1934 3211
381 156 462 195 552
887 153 1035 196 ΤΙΤΙ
1074 153 1251 196 LIVII

166 251 211 283 U.
228 250 266 283 C.
282 258 355 292 447.
383 260 493 286 anno
513 243 658 286 foedus
679 245 801 287 tertio
821 253 1091 287 renovatum:
1125 245 1354 302 legatisque
1376 258 1534 294 eorum,
1552 243 1625 300 qui
1646 242 1700 284 ad
1719 241 1795 288 id3

164 296 205 326 A.
229 296 267 326 C.
285 303 356 335 305·
381 311 594 353 venerant,
616 303 791 344 comiter
811 318 984 345 munera
1003 303 1135 344 missa.
1792 345 1796 349 ,

235 363 303 402 44.
440 361 701 402 Dictatorem
722 361 835 402 idem
856 376 990 402 annus
1010 361 1156 403 habuit
1176 361 1223 402 P.
1243 359 1488 401 Cornelium
1500 358 1762 425 Scipionem,

167 418 335 468 RCOFUe·
383 434 479 460 cum
514 419 708 475 magistro
735 419 926 474 equitum
959 419 1006 460 Ρ.
1027 418 1161 460 Decio
1194 417 1332 460 Mure.
1395 417 1466 459 Ab
1497 417 1561 483 iis,
1593 425 1765 473 propter

164 462 228 534 ἐξ
242 463 340 493 <heta
383 492 489 533 quae
522 477 650 518 creati
682 485 812 526 erant,
844 477 1013 517 comitia
1043 476 1275 517 consularia
1305 475 1459 525 habita,
1485 475 1584 531 quia
1615 481 1766 516 neuter

165 529 265 579 UJC.
283 549 355 587 448.
382 534 601 576 consulum
621 542 812 590 potuerat
832 533 941 574 bello
963 534 1114 574 abesse.
1177 532 1320 574 Creati
1341 532 1529 574 eonsules
1548 532 1598 573 L.
1613 532 1766 574 Postu-

166 591 205 621 A.
228 591 265 621 C·
283 600 355 630 304
383 592 503 642 mius,
539 592 604 633 Ti.
629 591 855 632 Minucius.
918 590 1010 632 Hos
1043 590 1233 631 consules
1265 590 1363 631 Piso
1399 589 1452 638 Q.
1475 590 1604 631 Fabio
1640 598 1682 631 et
1713 589 1762 631 P.

165 633 332 708 ffssifqlsfiu‘
383 650 518 691 Decio
543 649 737 704 suggerit,
760 648 930 689 biennio
956 657 1164 704 exempto,
1188 663 1272 702 quo
1296 646 1523 688 Claudium
1542 647 1765 689 Volumni-

166 700 313 750 Mixiuciu
382 722 551 763 umque,
582 716 624 746 et
657 705 903 746 Cornelium
935 720 1031 746 cum
1063 705 1225 746 Marcio
1260 704 1449 746 consules
1478 704 1607 746 factos
1637 704 1765 747 tradi-

168 762 258 794 Coss.
382 765 530 806 dimus.
593 763 854 804 Memoriane
894 763 1048 819 fugerit
1087 763 1131 803 in
1171 762 1388 804 annalibus
1423 762 1674 818 digerendis,
1710 777 1765 804 an

383 821 572 863 consulto
592 821 712 863 binos
729 820 931 871 consules,
948 820 1069 862 falsos
1085 829 1209 871 ratus,
1227 819 1542 870 transcenderit,
1559 820 1765 862 incertum

383 888 456 921 est.

164 938 333 1013 gor-&dnm
441 937 603 978 Eodem
636 952 746 978 anno
773 937 818 977 in
839 951 1033 993 campum
1058 936 1273 978 Stellatem
1299 936 1387 992 agri
1411 935 1619 993 Campani
1648 935 1797 981 Sam-4

189 992 208 1012 a
243 992 299 1012 nlu

380 995 534 1036 nitium
555 995 811 1036 incursiones
831 995 975 1036 factae.
1037 994 1185 1050 Itaque
1211 995 1333 1036 ambo
1354 993 1558 1044 consules,
1579 993 1624 1034 in
1648 993 1766 1035 Sam-

380 1054 498 1094 nium
526 1053 651 1102 missi,
674 1068 805 1108 quum
832 1053 1014 1094 diversas
1040 1053 1243 1109 regiones,
1266 1052 1487 1093 Tifernum
1511 1051 1764 1102 Postumius,

381 1111 617 1152 Bovianum
645 1110 874 1160 Minucius,
902 1111 1128 1167 petissent3
1166 1110 1373 1152 Postumii
1404 1110 1518 1166 prius
1550 1110 1681 1151 ductu
1711 1109 1766 1151 ad

382 1168 602 1210 Tifernum
623 1177 866 1225 pugnatum.
930 1168 1019 1208 Alii
1043 1168 1157 1209 haud
1177 1168 1303 1209 dubie
1328 1167 1535 1209 Samnites
1553 1167 1695 1218 victos,
1717 1182 1765 1209 ac

380 1226 527 1282 viginti
561 1226 691 1267 millia
721 1226 940 1267 hominum
972 1235 1093 1282 capta
1125 1226 1319 1267 tradunt:
1359 1225 1428 1267 alii
1459 1225 1598 1268 Marte
1630 1240 1765 1281 aequo

381 1284 620 1334 discessum,
662 1293 704 1325 et
740 1284 1016 1334 Postumium,
1059 1293 1219 1325 metum
1258 1283 1524 1325 simulantem
1559 1291 1766 1325 nocturno

379 1342 543 1392 itinere,
573 1342 679 1383 clam
710 1342 753 1382 in
784 1351 947 1383 montes
979 1342 1117 1398 copias
1150 1341 1397 1383 abduxisse:
1432 1341 1572 1382 hostes
1603 1349 1766 1382 secutos

380 1399 465 1440 duo
487 1400 616 1441 millia
641 1400 739 1441 inde
765 1399 865 1441 locis
889 1400 1060 1440 munitis
1086 1408 1129 1441 et
1148 1400 1257 1456 ipsos
1278 1399 1524 1440 consedisse.
1590 1397 1764 1449 Consul,

380 1465 427 1497 ut
457 1457 604 1499 stativa
634 1466 723 1499 tuta
752 1458 1001 1514 copiosaque
1031 1457 1093 1514 (et
1119 1458 1179 1498 ita
1205 1457 1343 1522 elant)
1368 1457 1518 1513 petisse
1539 1456 1764 1507 videretur,

379 1523 599 1570 postquam
624 1525 666 1556 et
694 1516 967 1556 munimentis
987 1524 1118 1557 castra
1137 1515 1395 1566 firmav⁷1t,et
1422 1515 1536 1556 omni
1564 1522 1765 1571 apparatu

378 1586 519 1612 rerum
546 1572 712 1612 utilium
739 1573 1138 1622 instruxit31elicto
1162 1573 1283 1614 firmo
1310 1572 1529 1629 praesidio,
1552 1572 1604 1613 de
1624 1572 1766 1629 vigilia

380 1629 515 1678 tertia,
538 1645 622 1685 qua
642 1629 739 1670 duci
760 1631 949 1685 proxime
974 1639 1122 1685 potest,
1146 1631 1362 1685 expeditas
1389 1630 1575 1686 legiones
1603 1629 1656 1670 ad
1679 1629 1764 1671 col-

379 1685 529 1742 legam,
545 1696 587 1727 et
599 1687 735 1743 ipsum
752 1687 946 1728 adversus
960 1688 1061 1728 alios
1077 1687 1307 1737 sedentem,
1325 1687 1452 1728 ducit.
1495 1687 1574 1737 Ibi,
1592 1695 1761 1728 auctore

161 1750 324 1800 Samnites
380 1743 611 1794 Postumio,
635 1744 850 1785 Minucius
872 1760 967 1785 cum
988 1744 1175 1785 hostibus
1200 1745 1317 1799 signa
1337 1744 1520 1794 confe1t3
1553 1753 1609 1794 et,
1632 1759 1764 1800 quum

161 1798 343 1826 vincuntur.
380 1815 533 1858 anceps
563 1802 767 1858 proelium
797 1803 841 1843 in
872 1802 1052 1843 multum
1082 1802 1166 1842 diei
1195 1802 1471 1867 processisset,
1501 1810 1591 1843 tum
1612 1801 1764 1843 Postu-

378 1859 488 1900 mius
514 1860 686 1916 integris
713 1860 948 1916 legionibus
974 1859 1177 1900 defessam
1204 1875 1286 1900 lam
1313 1860 1445 1901 aciem
1472 1859 1655 1900 hostium
1684 1860 1764 1900 im-

378 1917 543 1973 proviso
564 1917 736 1958 invadit.
798 1917 961 1973 Itaque,
984 1932 1115 1972 quum
1140 1917 1339 1958 lassitudo
1364 1932 1410 1958 ac
1431 1917 1603 1958 vulnera
1621 1917 1763 1974 fugam

379 1990 548 2031 quoque
573 1975 899 2031 praepedissent,
923 1974 1139 2016 occidione
1163 1974 1287 2015 occisi
1315 1974 1465 2024 hostes,
1487 1975 1605 2031 signa
1630 1990 1763 2016 unum

379 2042 422 2073 et
441 2032 590 2088 viginti
610 2041 756 2088 capta:
791 2041 915 2088 atque
937 2032 1036 2073 inde
1059 2032 1111 2073 ad
1136 2040 1268 2073 eastia
1288 2032 1493 2073 Postumii
1513 2041 1760 2089 perrectum.

379 2089 447 2131 Ibi
482 2090 566 2131 duo
600 2090 777 2132 xictores
812 2090 1019 2131 exercitus
1058 2089 1296 2146 perculsum
1335 2090 1417 2131 iam
1452 2090 1561 2131 sima
1599 2090 1763 2132 hostem

380 2147 514 2188 adorti
545 2148 729 2189 fundunt
760 2147 1015 2204 fugantque:
1055 2148 1173 2203 signa
1204 2147 1397 2188 militaria
1431 2163 1504 2188 sex
1536 2156 1578 2189 et
1613 2148 1763 2204 viginti

379 2214 512 2260 capta,
542 2214 583 2247 et
613 2206 838 2262 imperator
874 2205 1124 2246 Samnitium
1161 2205 1315 2246 Statius
1346 2205 1521 2256 Gellius,
1555 2205 1761 2262 multique

379 2262 447 2303 alii
478 2263 683 2312 mortales,
707 2273 749 2304 et
778 2271 910 2304 eastra
939 2272 1114 2318 utraque
1147 2271 1278 2319 capta.
1342 2262 1398 2303 Et
1419 2262 1667 2313 Bovianum,
1689 2263 1792 2309 ubis

379 2328 545 2376 postero
570 2320 636 2361 die
671 2329 866 2377 coeptum
900 2321 1144 2377 oppugnari,
1166 2321 1281 2361 brevi
1307 2321 1492 2376 capitur:
1526 2336 1760 2377 magnaque

379 2377 510 2433 gloria
528 2393 667 2420 rerum
686 2387 896 2434 gestarum
921 2377 1110 2420 consules
1138 2377 1458 2434 triumpharunt.
1521 2378 1761 2421 Minucium

164 1027 253 1056 eunt.

427 2544 444 2574 3
470 2537 573 2567 Tertio
589 2538 791 2574 renovatum]
819 2536 906 2573 Hoc,
922 2535 946 2565 si
969 2535 1047 2566 fides
1092 2535 1163 2567 infr.
1187 2535 1263 2566 xxii.
1285 2546 1335 2575 23.
1381 2536 1449 2568 Cic.
1467 2537 1540 2576 Agr.
1561 2536 1582 2566 i.
1606 2543 1632 2576 7.
1654 2535 1687 2567 ii.
1709 2546 1759 2567 21.

382 2578 415 2608 N
420 2577 564 2609 iebuhrio
580 2579 686 2608 danda
702 2578 752 2615 sit,
768 2579 881 2609 foedus
899 2578 981 2608 illud
1003 2582 1050 2608 est
1094 2579 1183 2609 Suet.
1200 2579 1292 2610 Caes.
1311 2588 1359 2610 ρο.
1384 2579 1470 2609 ΒυΡ.

382 2621 467 2659 quod
494 2631 551 2660 pro
580 2622 719 2652 secundo
749 2621 861 2651 habuit
888 2620 1050 2661 Polybius,
1138 2629 1155 2661 5
1180 2623 1373 2657 Bovianum,
1396 2623 1452 2652 ubi
1471 2626 1596 2661 postero
1621 2623 1672 2653 die
1693 2632 1758 2652 coe-

385 2662 438 2701 qui
457 2664 568 2694 foedus
587 2674 637 2695 an.
655 2671 724 2703 407.
737 2664 788 2704 2U.
805 2664 843 2694 C.
861 2667 1049 2694 renovatum
1090 2665 1199 2703 ptum]
1231 2664 1336 2694 Vacat
1360 2664 1490 2694 omnino
1512 2664 1671 2704 particula
1692 2665 1758 2695 ubi.

384 2714 468 2744 supr.
486 2706 537 2737 vii.
557 2714 605 2745 27.
629 2706 743 2737 omisit.
789 2707 910 2738 Contra
930 2710 1050 2743 autem,
1095 2707 1157 2737 Sed
1183 2710 1215 2737 et
1238 2710 1300 2737 tres
1323 2717 1340 2737 e
1364 2706 1450 2737 libris
1472 2706 1585 2737 nostris
1607 2706 1759 2745 antiquis-

383 2747 407 2776 si
440 2748 605 2787 Heynium
639 2748 818 2787 audiamus,
849 2749 909 2779 hoc
938 2750 1050 2779 foedus
1094 2748 1176 2786 simi,
1192 2750 1462 2788 quemadmodum
1480 2749 1758 2780 nonnullieGro-

381 2788 552 2838 Polybium
583 2791 712 2821 0111111110
743 2791 834 2831 fugit
868 2792 908 2822 cf.
941 2792 1049 2831 IIeyn.
1094 2792 1249 2829 novianis,
1264 2792 1384 2822 habent
1398 2797 1516 2832 coepta.
1562 2793 1644 2823 Inde
1659 2790 1758 2830 suspi-

383 2831 500 2869 opusc.
516 2832 559 2863 iii.
577 2844 605 2870 4.
1094 2845 1221 2865 0-1111111-;
1258 2836 1436 2865 Bovianum
1461 2836 1538 2865 urbs
1556 2839 1682 2875 postero
1707 2833 1758 2863 die

425 2884 443 2910 4
467 2874 621 2913 (ampmn
657 2877 833 2913 Stellatem}
882 2876 1048 2907 Fertilissi-
1091 2882 1200 2917 coepta
1216 2879 1408 2917 oppufflzarz'.
1431 2878 1536 2908 CREV.

380 2925 469 2947 mum
490 2915 522 2946 in
539 2917 650 2955 (1111111-
645 2917 717 2948 111111
740 2919 1046 2949 1110111101--111110-1.(1“.
