1934 3211
566 187 692 228 LIB.
732 186 856 228 VIII.
910 187 1056 229 CAP.
1092 194 1131 230 5.
1459 194 1543 233 453

149 283 161 301 ‘
177 277 449 319 Pertulerunt
469 284 610 317 tamen
630 275 744 316 hunc
765 275 965 317 dolorem.
1019 275 1188 317 Bellum
1209 286 1350 318 nostro
1370 280 1542 321 nomine
1558 288 1602 320 U.
1619 288 1657 320 C.
1674 296 1747 328 415-

148 339 162 358 ‘
175 348 272 375 cum
289 333 475 389 Pelignis
494 332 709 389 gessimus.
761 332 848 381 Qui
869 347 923 374 ne
944 342 1181 374 nostrorum
1198 334 1372 389 quidem
1394 335 1543 377 finium
1556 332 1595 362 A.
1620 332 1658 363 C.
1677 339 1714 371 33
1722 338 1749 370 7·

147 397 159 415 ‘
173 390 390 445 nobis‘sper
413 405 490 431 nos
515 390 769 431 tuendorum
791 390 856 430 ius
877 398 1001 431 antea
1022 390 1191 440 dabant,
1217 390 1324 431 nihil
1344 391 1544 433 interces-

147 452 160 472 ‘
173 455 330 488 serunt.
396 445 605 488 Sidicinos
632 447 677 487 in
702 446 830 488 fidem
858 455 1061 503 receptos,
1087 446 1328 504 Campanos
1353 448 1404 489 ab
1426 463 1468 489 se
1491 449 1545 490 ad

145 509 250 545 ‘nos
295 503 488 554 descisse,
529 504 739 545 exercitus
783 519 859 545 nos
902 519 1047 560 parare
1093 505 1291 546 adversus
1337 504 1545 547 Samnites

145 559 408 602 ‘foederatos
447 576 544 602 suos
584 561 823 610 audierunt,
864 577 944 602 nec
986 570 1209 603 moverunt
1249 577 1292 603 se
1334 563 1386 603 ab
1427 563 1542 603 urbe.

146 623 159 642 ‘
175 617 304 659 Unde
333 618 437 660 haec
465 618 546 659 illis
575 627 691 659 tanta
719 619 937 668 modestia,
960 619 1040 660 nisi
1066 635 1090 660 a
1115 619 1372 661 conscientia
1391 619 1544 660 virium

146 680 217 716 ‘et
242 683 479 716 nostrarum
507 685 550 717 et
577 676 780 717 suarum?
840 675 1023 717 Idoneos
1053 686 1243 718 auctores
1269 676 1417 726 habeo,
1441 691 1545 732 que-

145 733 365 774 ‘rentibus
397 732 450 774 de
486 733 608 774 nobis
645 732 902 774 Samnitibus
936 734 995 774 ita
1029 749 1276 790 responsum
1312 734 1363 775 ab
1396 743 1545 776 senatu

144 789 370 831 ‘Romano
401 805 503 839 esse,
535 799 582 831 ut
611 790 732 831 facile
764 799 995 846 appareret,
1028 806 1081 832 ne
1113 791 1224 847 ipsos
1256 791 1429 847 quidem
1459 791 1544 832 iam

111 852 157 896 4‘
171 846 396 904 postulare,
419 856 466 888 ut
488 847 660 888 Latium
681 848 758 888 sub
782 847 977 888 Romano
999 848 1176 904 imperio
1201 849 1265 889 sit.
1330 848 1544 905 Usurpate

144 909 157 928 ‘
171 904 299 946 modo
319 904 573 961 postulando
594 919 657 953 eo,
680 904 797 960 quod
821 904 882 945 illi
903 905 1022 945 vobis
1044 905 1160 946 taciti
1181 906 1433 946 concedunt.
1499 905 1544 947 Si

144 967 301 1017 ‘quem
331 962 412 1003 hoc
442 971 579 1003 metus
609 961 749 1002 dicere
781 961 989 1017 prohibet,
1021 977 1076 1003 en
1107 977 1186 1018 ego
1217 962 1318 1017 ipse,
1344 962 1543 1003 audiente

145 1024 259 1060 ‘non
285 1019 443 1075 populo
466 1018 661 1060 Romano
689 1018 816 1059 modo
847 1027 1094 1074 senatuque,
1117 1019 1190 1060 sed
1213 1018 1313 1060 Iove
1342 1019 1445 1075 ipso,
1469 1020 1544 1075 qui

144 1082 156 1100 ‘
175 1074 435 1132 Capitolium
462 1075 621 1125 incolit,
643 1075 844 1131 profiteor
873 1091 940 1117 me
972 1076 1212 1125 dicturum3
1245 1084 1304 1126 ut,
1327 1076 1361 1117 si
1392 1091 1468 1118 nos
1499 1076 1544 1116 in

144 1138 156 1158 ‘
170 1132 339 1174 foedere
361 1147 409 1174 ac
430 1133 627 1174 societate
649 1147 738 1174 esse
755 1132 901 1181 velint,
919 1133 1135 1175 consulem
1156 1133 1334 1174 alterum
1356 1133 1408 1174 ab
1425 1133 1546 1174 nobis

112 1195 424 1246 5‘senatusque
460 1199 623 1246 partem
660 1190 895 1245 accipiant.’
956 1189 1076 1231 Haec
1106 1190 1302 1232 ferociter
1332 1205 1418 1231 non
1451 1205 1545 1231 sua-

142 1247 262 1288 denti
281 1246 429 1297 solum,
452 1247 527 1289 sed
547 1247 778 1304 pollicenti,
801 1247 981 1288 elamore
1010 1257 1053 1288 et
1080 1262 1250 1289 assensu
1277 1262 1423 1289 omnes
1450 1262 1545 1303 per-

143 1304 360 1354 miserunt,
387 1314 434 1345 ut
465 1313 607 1361 ageret
637 1304 894 1360 diceretque,
918 1319 1026 1360 quae
1060 1319 1083 1345 e
1116 1304 1332 1359 republica
1361 1304 1545 1345 nominis

144 1361 289 1403 Latini
319 1361 488 1417 fideque
521 1376 595 1403 sua
620 1361 876 1402 viderentur.
941 1361 1028 1403 Ubi
1060 1370 1122 1402 est
1151 1361 1334 1402 Romam
1355 1370 1544 1411 ventum,

112 1419 189 1460 6in
223 1418 438 1475 Capitolio
468 1419 518 1459 iis
548 1427 718 1460 senatus
749 1418 872 1460 datus
900 1427 973 1460 est.
1036 1417 1103 1459 Ibi
1131 1433 1264 1474 quum
1286 1418 1337 1459 T.
1357 1418 1546 1459 Manlius

144 1475 290 1517 consul
312 1476 464 1532 egisset
485 1491 580 1517 cum
604 1476 652 1516 iis
673 1491 727 1517 ex
744 1476 990 1517 auctoritate
1008 1475 1196 1526 Patrum,
1214 1491 1268 1517 ne
1289 1475 1547 1517 Samnitibus

144 1532 368 1574 foederatis
388 1533 546 1574 bellum
567 1533 797 1581 inferrent3
831 1533 1014 1582 Annius,
1038 1542 1240 1588 tanquam
1260 1533 1394 1574 victor
1421 1532 1546 1572 armis

149 1589 409 1646 Capitolium
439 1590 630 1646 cepisset,
659 1604 745 1631 non
779 1589 954 1646 legatus,
983 1590 1072 1630 iure
1103 1590 1295 1645 gentium
1327 1597 1455 1638 tutus,
1485 1588 1546 1630 lo-

144 1656 357 1703 queretur,
391 1653 402 1671 ‘
419 1647 608 1703 Tempus
629 1648 743 1697 crat,’
764 1647 916 1703 inquit,
951 1652 962 1670 ⁶
980 1646 1030 1688 T.
1048 1646 1199 1695 Manli,
1216 1662 1374 1703 vosque
1397 1646 1545 1687 Patres
1559 1652 1672 1691 Legati
1690 1651 1752 1682 La-

147 1704 413 1760 ‘conscripti,
446 1704 617 1745 tandem
650 1704 732 1744 iarn
764 1719 837 1745 vos
869 1703 1089 1745 nobiscum
1119 1703 1226 1744 nihil
1255 1719 1332 1760 pro
1367 1703 1545 1760 imperio

1557 1695 1616 1725 tini
1629 1694 1767 1734 superba

1559 1737 1659 1769 oratio
1674 1737 1707 1767 in
1720 1746 1766 1766 se-

147 1767 311 1817 ‘agere,
338 1776 471 1817 quum
502 1761 843 1802 florentissimum
873 1761 1000 1802 deum
1029 1761 1291 1817 benignitate
1320 1776 1433 1802 nunc
1463 1760 1547 1801 La-
1559 1785 1638 1811 natu
1658 1780 1755 1811 Rom.

147 1824 159 1843 ‘
176 1818 283 1859 tium
325 1818 450 1859 armis
488 1818 685 1874 virisque,
731 1818 989 1859 Samnitibus
1031 1818 1141 1859 bello
1177 1818 1308 1868 victis,
1349 1817 1548 1859 Sidicinis

147 1881 158 1900 ‘
178 1874 493 1932 Campanisque
525 1876 660 1924 sociis,
692 1890 806 1916 nunc
837 1875 963 1916 etiam
990 1874 1154 1916 Volscis
1186 1875 1409 1925 adiunctis,
1431 1874 1549 1916 vidc-

118 1938 160 1979 7‘
175 1933 300 1982 retis;
333 1932 518 1974 colonias
545 1948 715 1988 quoque
742 1942 898 1973 vestras
924 1932 1126 1973 Latinum
1154 1932 1350 1973 Romano
1380 1941 1550 1988 praetu-

148 1995 160 2014 ‘
175 1989 271 2031 lisse
293 1989 529 2045 imperium.
585 1989 669 2030 Sed
691 1989 891 2085 quoniam
913 2003 998 2037 vos,
1021 2003 1151 2043 regno
1173 1989 1397 2044 impotenti
1419 1989 1548 2029 finem

149 2053 225 2087 ‘ut
255 2046 494 2102 imponatis,
523 2061 609 2086 non
641 2046 702 2085 int
720 2046 840 2085 ucitis
872 2045 915 2084 in
947 2045 1161 2093 animum3
1194 2060 1283 2093 nos,
1306 2059 1550 2100 quanquam

150 2103 303 2144 ‘armis
338 2117 557 2158 possumus
592 2116 772 2142 asserere
806 2101 975 2142 Latium
1013 2102 1055 2141 in
1092 2101 1342 2150 libertatem,
1375 2116 1551 2142 consan-

151 2167 162 2185 ‘
178 2160 376 2216 guinitati
399 2169 538 2200 tamen
561 2158 640 2199 hoc
662 2158 867 2207 dalfinum,
888 2168 932 2199 ut
953 2157 1218 2199 conditiones
1240 2158 1353 2213 pacis
1370 2157 1551 2198 feramus

151 2287 274 2320 ditione
296 2287 486 2319 Latinorum
513 2291 583 2326 post
609 2286 827 2323 Regillensem
875 2286 961 2315 clare
977 2285 1128 2324 exprimit
1148 2284 1231 2314 idem
1251 2284 1388 2321 Annius,
1399 2295 1465 2324 seq.
1490 2285 1552 2317 Cn.

152 2340 308 2371 pugnam,
331 2330 382 2360 hic
406 2330 446 2360 de
470 2330 598 2360 foedere
622 2339 695 2359 cum
721 2328 830 2359 Servio
918 2328 937 2357 6
961 2329 1024 2365 Iis]
1069 2327 1192 2358 Decem
1220 2326 1408 2357 Latinorum
1437 2327 1552 2366 princi—

153 2373 266 2405 Tullio
281 2372 346 2403 icto
362 2382 448 2412 supr.
465 2371 484 2402 i.
503 2381 553 2411 45.
572 2371 694 2401 mentio
711 2372 756 2401 fit.
878 2369 971 2409 pibus
1003 2370 1142 2400 Romam
1179 2369 1332 2404 evocatis,
1362 2369 1444 2399 inter
1473 2379 1555 2408 quos

202 2427 221 2453 4
248 2417 413 2455 Usurpate
445 2416 531 2444 modo
566 2414 758 2453 postulando
787 2424 833 2449 ca,
879 2412 1005 2442 Annius
1020 2417 1050 2442 et
1067 2411 1236 2442 Numisius
1252 2411 1442 2441 nominatim
1458 2411 1554 2442 acciti

153 2459 239 2506 quod
253 2459 301 2487 illi
317 2459 403 2488 vobis
415 2458 504 2487 taciti
518 2457 711 2494 concedunt]
733 2455 834 2484 Vobis
878 2459 962 2485 sunt.
990 2455 1104 2484 Dum.

155 2499 203 2530 illi
230 2499 321 2530 taciti
348 2500 543 2535 concedunt,
570 2509 611 2529 nc
635 2499 694 2528 sub
721 2507 830 2528 eorum

156 2541 220 2572 iam
245 2541 380 2581 imperio
403 2541 480 2572 sitis.
525 2541 676 2580 Superest
705 2545 831 2570 tantum

157 2588 193 2614 ut
211 2593 266 2613 vos
281 2583 313 2614 id
328 2588 440 2623 aperte
464 2583 671 2622 postulando,
692 2582 722 2612 in
749 2582 834 2612 illius

157 2625 235 2656 iuris
258 2625 489 2664 possessionem
510 2625 637 2655 Latium
664 2624 833 2654 inducatis.

162 2669 332 2707 Umrpare
349 2677 411 2697 non
427 2666 518 2697 estid
534 2667 661 2702 Latine,
674 2667 758 2705 quod
775 2667 838 2696 An·

159 2710 242 2750 glicc
268 2709 406 2739 dicimus
432 2719 548 2748 umrp,
572 2709 627 2738 ned
658 2718 750 2737 usum
783 2707 839 2737 uli-

161 2752 254 2783 cuius
288 2751 330 2781 rei
366 2760 541 2790 capessere.
596 2750 648 2780 Sic
679 2760 777 2788 supra
808 2749 838 2779 in

162 2794 223 2824 hac
247 2793 317 2833 ipsa
336 2793 491 2829 oratione,
515 2792 726 2831 usurpandae
747 2791 839 2822 Iiber-

162 2838 248 2868 tatis.
265 2846 308 2867 sc.
319 2846 411 2866 usum
430 2833 585 2865 libertatis
601 2833 660 2864 sibi
678 2833 839 2865 vindican-

163 2879 234 2910 dae.

199 2930 216 2960 5
227 2922 428 2960 Senatusquc
442 2920 584 2959 panem]
597 2918 790 2949 Dimidium:
807 2922 840 2948 ut

928 2506 943 2535 7
972 2498 1120 2526 (blonias
1150 2507 1273 2536 quoquc
1304 2497 1442 2534 vestras]
1480 2496 1510 2526 h.
1527 2507 1555 2527 c.

879 2539 1010 2578 Oppida
1036 2540 1140 2578 plum,
1163 2549 1245 2577 (luae
1267 2543 1343 2568 unte
1370 2539 1509 2568 Romam
1538 2548 1558 2568 a

879 2581 986 2611 Gallis
1002 2586 1130 2620 captam
1149 2581 1178 2610 in
1198 2580 1411 2620 patrocinium
1432 2580 1558 2611 Romae

879 2635 912 2653 se
935 2628 1134 2662 receperunt,
1149 2623 1277 2660 iterum,
1294 2623 1424 2661 quando
1440 2632 1558 2653 nomen

887 2665 1039 2695 Latinum
1073 2665 1152 2694 vires
1181 2665 1240 2694 sibi
1272 2665 1425 2694 refecerat
1456 2669 1489 2695 et
1525 2664 1558 2695 in

883 2707 1110 2746 aequationem
1139 2706 1215 2736 iuris
1241 2717 1314 2736 cum
1342 2707 1500 2737 Romanis
1525 2716 1560 2738 se

886 2749 1114 2782 vindicaverat,
1126 2749 1157 2778 in
1172 2749 1358 2778 Latinorum
1371 2748 1559 2780 societatem

886 2791 1039 2821 redime:
1088 2791 1230 2821 colonius
1272 2801 1400 2830 quoquc
1440 2796 1562 2822 veteres

884 2834 1040 2872 (prusciam
1075 2833 1239 2863 Romanius
1266 2843 1339 2864 cum
1363 2833 1481 2864 Latino
1508 2844 1562 2864 no-

886 2875 972 2922 rnine
983 2875 1114 2906 tandem
1123 2875 1314 2907 confluxisse
1326 2880 1419 2916 putat
1427 2875 1564 2908 Niebhr.

886 2928 916 2948 n.
937 2928 965 2957 p.
986 2927 999 2947 2
1008 2926 1032 2948 2.
