1934 3211
213 266 257 298 U.
275 266 312 299 C.
333 276 403 309 ²93·

211 309 252 341 A.
276 309 314 342 C.
331 319 404 352 459.

214 730 327 762 Volsci
344 735 376 763 et

213 774 319 813 Aequi
335 775 402 805 bel-

213 817 283 847 lum
299 817 419 848 instau-

212 862 295 891 rant.

212 1064 357 1095 Conten-

212 1106 318 1137 tiones
334 1108 388 1137 do-

213 1149 377 1181 mesticae.

435 179 515 219 158
943 175 1094 220 TITI
1133 175 1313 219 LIVII

432 268 582 325 ingens
602 282 802 310 numerus
823 267 963 309 avium
985 267 1309 309 intervolitando
1328 267 1512 324 rapuisse
1528 265 1682 309 fertur:
1713 266 1830 323 quod

431 325 660 375 intercidit,
692 340 881 382 sparsum
913 325 973 367 ita
1006 325 1181 366 iacuisse
1216 340 1292 381 per
1324 325 1484 381 aliquot
1516 325 1618 374 dies,
1649 332 1698 365 ut
1721 323 1830 365 nihil

431 383 535 424 odor
565 391 759 424 mutaret.
822 382 941 424 Libri
971 398 1048 439 per
1077 382 1320 438 duumviros
1350 397 1560 423 sacrorum
1591 381 1718 423 aditi:
1754 393 1862 437 pe-9

430 440 562 482 ricula
592 456 617 481 a
646 448 856 482 conventu
889 439 1220 495 alienigenarum
1248 439 1478 495 praedicta,
1500 454 1554 480 ne
1576 439 1651 495 qui
1672 439 1717 479 in
1737 438 1830 479 loca

431 513 594 539 summa
615 498 728 538 urbis
755 498 951 553 impetus,
974 496 1206 552 caedesque
1229 496 1328 537 inde
1350 496 1523 537 fierent:
1560 496 1670 537 inter
1690 504 1830 537 cetera

430 555 653 604 monitum,
676 563 722 595 ut
747 554 1022 595 seditionibus
1044 554 1334 594 abstineretur.
1396 552 1449 593 Id
1477 553 1636 594 factum
1666 553 1720 594 ad
1750 553 1828 593 im-

430 612 687 668 pediendam
714 611 864 667 legem,
889 611 1046 651 tribuni
1067 610 1407 659 criminabantur,
1430 610 1663 666 ingensque
1685 610 1830 651 aderat

431 678 655 711 certamen.
719 668 829 709 Ecce
852 667 920 723 (ut
940 667 1053 708 idem
1078 668 1123 707 in
1154 667 1338 723 singulos
1359 682 1490 708 annos
1512 668 1622 708 orbis
1642 667 1830 709 volvere·
1845 677 1859 699 1

433 725 520 782 tur)
543 726 721 768 Hernici
752 726 963 774 nuntiant,
987 724 1162 765 Volscos
1183 734 1226 766 et
1248 724 1435 780 Aequos,
1465 725 1542 765 etsi
1575 724 1733 765 accisae
1764 739 1830 765 res

432 784 527 833 sint,
550 784 721 824 reficere
744 782 977 831 exercitus3
1012 782 1136 823 Antii
1157 797 1363 822 summam
1390 781 1451 822 rei
1480 782 1686 838 positam3
1721 781 1830 823 Ece-

433 850 519 882 trae
543 840 740 881 Antiates
771 839 940 881 colonos
971 838 1108 895 palam
1140 839 1317 880 concilia
1340 839 1499 880 facere:
1532 839 1578 880 id
1598 848 1737 896 caput,
1760 854 1829 880 eas

431 898 540 939 vires
570 897 670 938 belli
701 912 802 938 esse.
868 896 930 938 Ut
959 897 1063 938 haec
1095 896 1208 938 dicta
1242 897 1285 937 in
1319 904 1468 938 senatu
1503 905 1613 947 sunt,
1640 896 1829 938 delectus

432 955 635 996 edicitur:
669 954 861 996 consules
888 954 989 995 belli
1019 954 1425 995 administrationem
1455 954 1566 995 inter
1595 969 1638 995 se
1669 954 1832 1010 dispar-

433 1012 501 1053 tiri
533 1012 645 1062 iussi,
669 1012 788 1053 alteri
817 1020 864 1052 ut
885 1011 1042 1061 Volsci,
1065 1011 1184 1052 alteri
1214 1020 1262 1052 ut
1286 1012 1430 1067 Aequi
1461 1011 1678 1068 provincia
1707 1020 1826 1052 esset.

433 1069 610 1110 Tribuni
647 1084 786 1110 coram
822 1069 866 1109 in
902 1069 991 1110 foro
1022 1084 1258 1125 personare,
1293 1069 1522 1110 ‘Fabulam
1555 1069 1829 1125 compositam

434 1127 603 1168 ‘Volsci
624 1127 736 1177 belli,
761 1126 971 1167 Hernicos
1001 1126 1054 1166 ad
1085 1135 1224 1182 partes
1248 1135 1424 1182 paratos.
1488 1126 1578 1167 Iam
1599 1141 1653 1167 ne
1674 1126 1828 1167 virtute
1842 1134 1862 1156 ²

433 1185 632 1240 ‘quidem
663 1184 798 1240 premi
833 1184 1068 1225 libertatem
1099 1183 1245 1239 populi
1269 1183 1466 1233 Romani,
1488 1183 1562 1225 sed
1586 1192 1673 1225 arte
1700 1183 1827 1224 eludi.

433 1247 445 1265 ‘
462 1242 588 1291 Quia,
611 1241 829 1283 occidione
857 1256 988 1297 prope
1019 1242 1175 1282 occisos
1196 1240 1372 1282 Volscos
1393 1250 1436 1282 et
1459 1242 1632 1296 Aequos
1661 1256 1829 1282 movere

433 1305 532 1340 ‘sua
564 1308 711 1355 sponte
754 1314 867 1340 arma
906 1314 1040 1355 posse,
1077 1298 1161 1339 iam
1198 1298 1303 1339 fides
1339 1298 1500 1348 abierit,
1529 1313 1659 1339 novos
1690 1298 1831 1339 hostes

433 1362 446 1380 ‘
459 1357 614 1413 quaeri.
662 1355 885 1397 Coloniam
903 1356 1044 1406 fidam,
1059 1355 1353 1412 propinquam,
1368 1356 1569 1397 infamem
1586 1355 1689 1397 fieri.
1731 1355 1832 1397 Bel-

434 1414 546 1454 ‘lum
578 1414 760 1455 innoxiis
783 1414 1027 1454 Antiatibus
1052 1413 1195 1462 indici,
1217 1413 1306 1469 geri
1337 1428 1434 1454 cum
1464 1413 1587 1469 plebe
1611 1413 1828 1454 Romana:

434 1477 600 1527 ‘quam,
624 1480 837 1512 oneratam
869 1471 1004 1520 armis,
1032 1486 1085 1511 ex
1117 1471 1219 1511 urbe
1250 1471 1469 1526 praecipiti
1500 1471 1667 1527 agmine
1698 1469 1832 1512 acturi

434 1533 610 1578 ‘cssent,
633 1528 781 1569 exsilio
807 1536 850 1568 et
874 1527 1130 1583 relegatione
1163 1528 1317 1568 civium
1348 1528 1598 1570 ulciscentes
1628 1528 1829 1569 tribunos.

436 1591 448 1610 ‘
463 1585 544 1635 Sic,
567 1601 620 1627 ne
643 1585 748 1641 quid
769 1585 883 1626 aliud
908 1594 1048 1625 actum
1070 1593 1235 1640 putent,
1257 1585 1410 1626 victam
1431 1585 1566 1641 legem
1589 1600 1703 1635 esse3
1735 1585 1830 1635 nisi,

438 1643 563 1684 ‘dum
595 1643 639 1684 in
670 1643 834 1698 integro
866 1657 930 1683 res
961 1642 1026 1691 sit,
1060 1642 1162 1682 dum
1194 1642 1321 1691 domi,
1351 1642 1454 1683 dum
1484 1643 1616 1698 togati
1644 1643 1740 1693 sint,
1763 1658 1833 1684 ca-

437 1706 597 1750 ‘veant,
620 1715 673 1741 ne
696 1700 954 1756 possessione
977 1699 1090 1740 urbis
1120 1699 1343 1755 pellantur,
1366 1715 1419 1740 ne
1441 1699 1588 1755 iugum
1609 1700 1829 1756 accipiant.

436 1757 508 1799 ‘Si
539 1758 702 1798 animus
733 1757 798 1806 sit,
825 1772 911 1798 non
943 1756 1085 1797 defore
1119 1756 1335 1797 auxilium.
1402 1756 1654 1798 Consentire
1686 1772 1832 1798 omncs

434 1816 661 1857 ‘tribunos
724 1813 904 1855 Nullum
927 1822 1128 1855 terrorem
1150 1822 1387 1863 externum,
1410 1813 1576 1854 nullum
1596 1814 1833 1870 periculum

433 1945 490 1975 sed
505 1944 593 1983 apud
611 1944 711 1975 Indos
727 1943 897 1974 orientales
919 1946 1033 1973 notum
1053 1946 1111 1980 est,

1156 1940 1215 1972 nisi
1239 1941 1325 1981 quod
1351 1940 1498 1981 plerique
1521 1941 1699 1982 Tarquinio
1723 1942 1834 1974 Prisco

434 1987 537 2027 pisces
561 1986 689 2026 saepius
714 1987 747 2016 in
774 1997 864 2026 agros
890 1990 1045 2024 tanquam
1072 1986 1112 2015 de

1156 1985 1254 2015 libros
1275 1984 1372 2014 fuisse
1395 1985 1520 2015 oblatos
1543 1985 1677 2016 volunt:
1702 1985 1836 2025 quidam

435 2030 525 2060 coelo
543 2030 665 2059 cadere.
692 2029 730 2059 cf.
750 2029 803 2059 Pr.
817 2028 918 2059 Asiat.
932 2028 1003 2059 Soc.
1021 2028 1112 2067 1833,

438 2073 528 2111 1834.
555 2072 629 2101 Val.
647 2072 738 2102 Max:
757 2071 776 2101 i.
794 2070 822 2101 6.
870 2071 971 2101 Haud
990 2070 1054 2100 scio
1071 2080 1112 2100 an

435 2115 605 2152 conservae
629 2118 745 2150 essent,
772 2123 870 2152 quaes
895 2123 912 2143 e
939 2112 1113 2153 paludibus

435 2156 563 2187 siccatis
597 2156 772 2195 aliquando
804 2160 917 2186 ventus
951 2155 1050 2192 tollit,
1081 2158 1113 2185 et

436 2199 567 2239 pluviae
583 2199 679 2229 modo
697 2198 898 2237 praecipitat.

483 2252 502 2282 9
530 2242 638 2279 Libri]
681 2240 842 2280 Sibyllini.
897 2240 969 2269 Hos
1006 2239 1115 2269 scribit

437 2284 536 2314 Dion.
559 2283 599 2314 iv.
619 2282 670 2314 62.
694 2283 735 2312 ad
759 2281 973 2321 Tarquinium
998 2282 1114 2320 Super—

436 2327 514 2356 bum
538 2326 663 2356 delatos
686 2335 753 2355 esse
774 2335 794 2354 a
817 2324 953 2354 muliere
974 2324 1115 2362 quadam

438 2372 582 2405 externa,
599 2378 697 2407 quam
722 2367 853 2406 plurimi
874 2366 1033 2405 Sibyllam
1050 2366 1115 2396 Cu·

437 2421 568 2441 manam
592 2410 689 2440 fuisse
708 2410 831 2440 volunt.
878 2409 975 2438 Hanc
998 2418 1115 2437 novem

438 2454 587 2483 habuisse
606 2452 713 2489 libros,
729 2462 809 2490 quos
825 2461 924 2489 quum
942 2460 997 2480 rex
1013 2451 1116 2480 nollet

438 2496 521 2526 tanti
546 2505 663 2531 emere,
687 2493 799 2533 quanti
825 2493 883 2523 illa
906 2492 1115 2529 indicaverat,

439 2538 553 2568 abiisse
576 2537 757 2573 mulierem,
773 2540 805 2566 et
825 2541 888 2566 tres
910 2535 1008 2565 libros
1024 2545 1115 2565 exus-

440 2580 535 2611 sisse:
570 2579 686 2610 deinde
711 2589 768 2618 pro
793 2589 848 2608 sex
875 2577 1006 2616 reliquis
1029 2577 1116 2607 idem

442 2622 578 2661 persolvi
594 2622 653 2652 sibi
670 2620 809 2660 pretium
827 2619 1056 2659 postulavisse:
1079 2629 1117 2648 ac

441 2666 546 2694 multo
569 2664 670 2703 inagis
692 2667 884 2702 aspernante
907 2672 990 2701 rege,
1011 2671 1118 2691 rursus

443 2710 506 2736 tres
536 2717 574 2736 ex
606 2705 831 2745 superstitibus
861 2704 1062 2740 cremavisse,
1087 2707 1118 2734 et

445 2757 501 2785 pro
517 2748 627 2783 tribus,
638 2748 692 2786 qui
708 2748 771 2777 iam
790 2747 850 2777 soli
866 2748 1039 2782 restabant,
1049 2750 1118 2776 tan-

444 2793 514 2818 turn
542 2790 649 2819 adhuc
677 2790 746 2819 auri
775 2789 997 2828 postulavisse,
1021 2799 1119 2827 quan-

445 2834 514 2860 tum
542 2831 643 2869 primo
671 2832 824 2869 petierat:
853 2842 958 2871 regem
983 2830 1120 2861 admira-

446 2876 515 2901 tum
527 2882 563 2901 ac
575 2873 725 2911 religione
735 2877 858 2903 tactum
870 2873 994 2904 emisse.
1023 2873 1121 2903 Hanc

445 2914 590 2946 fabulam
607 2915 720 2944 eodem
744 2916 840 2945 modo
860 2915 955 2945 multi
970 2919 1119 2946 narrant:

1157 2027 1256 2057 etiam
1273 2037 1326 2057 eos
1341 2026 1434 2057 initio
1452 2027 1561 2066 plures
1578 2027 1681 2058 tribus
1700 2038 1765 2058 non
1785 2028 1834 2059 fu-

1155 2069 1227 2100 isse.
1278 2070 1407 2099 Horum
1430 2069 1584 2100 librorum
1609 2071 1766 2101 mandata
1787 2073 1836 2102 est

1157 2111 1334 2142 duumviris
1350 2121 1437 2149 cura,
1447 2112 1501 2151 qui
1516 2122 1570 2143 eos
1584 2122 1746 2144 asservare
1760 2122 1835 2143 con-

1157 2154 1240 2184 ditos
1264 2154 1296 2184 in
1320 2154 1404 2184 cella
1426 2155 1634 2185 subterranea
1654 2154 1687 2185 in
1703 2155 1835 2195 Capito-

1159 2197 1214 2234 lio,
1238 2200 1270 2227 et
1295 2196 1329 2226 in
1355 2195 1504 2235 gravibus
1530 2197 1692 2236 periculis,
1713 2202 1772 2228 aut
1794 2198 1835 2228 ob

1159 2239 1254 2269 foeda
1270 2242 1302 2269 et
1319 2238 1448 2269 insolita
1471 2239 1626 2279 prodigia,
1641 2239 1730 2270 iussu
1745 2250 1835 2271 senaae

1159 2285 1211 2311 tus
1237 2281 1406 2320 inspicere,
1431 2291 1533 2320 eaque
1559 2292 1643 2321 quae
1665 2282 1699 2313 in
1723 2282 1763 2313 iis
1788 2292 1835 2313 re·

1159 2322 1327 2362 perissent,
1338 2323 1380 2352 ad
1397 2327 1545 2353 senatum
1562 2324 1689 2361 referre,
1699 2328 1732 2355 et
1747 2334 1836 2355 exse-

1160 2366 1289 2404 quenda
1305 2375 1416 2395 curare
1431 2365 1594 2396 deberent.
1640 2367 1769 2397 Horum
1788 2377 1836 2397 sa-

1160 2408 1325 2438 cerdotum
1350 2411 1462 2446 postea
1483 2418 1636 2438 numerus
1658 2410 1700 2439 ad
1723 2409 1836 2439 decem

1159 2449 1275 2489 primo,
1285 2453 1367 2479 teste
1381 2449 1484 2487 Livio,
1497 2449 1536 2480 vi.
1550 2452 1643 2490 37.{et
1653 2461 1704 2489 42.
1720 2451 1837 2482 deinde

1159 2493 1200 2522 ad
1217 2491 1401 2530 quindecim
1423 2492 1576 2530 excrevit,
1595 2493 1682 2524 unde
1702 2493 1836 2534 collegio

1160 2533 1345 2573 quindecim
1365 2533 1503 2564 virorum
1526 2545 1645 2566 nomen
1668 2536 1701 2566 in
1725 2546 1837 2576 perpe-

1160 2580 1253 2606 tuum
1281 2576 1450 2613 adhaesit3
1480 2581 1641 2616 postremo
1666 2579 1765 2609 etiam
1795 2578 1837 2609 ad

1161 2619 1338 2657 sexaginta,
1354 2618 1380 2648 si
1396 2618 1556 2649 credimus
1571 2620 1681 2651 Servio
1696 2621 1738 2651 ad
1755 2621 1837 2652 Aen.

1162 2661 1202 2692 vi.
1222 2669 1269 2700 73.
1294 2661 1400 2691 Cam.
1432 2662 1471 2691 cf.
1488 2672 1574 2701 supr.
1590 2662 1622 2693 ii.
1643 2673 1690 2704 19.

1209 2713 1220 2733 1
1253 2705 1295 2734 Ut
1310 2704 1409 2742 idem]
1438 2704 1486 2734 Ut
1502 2705 1614 2735 eadem
1638 2715 1744 2736 rerum
1764 2715 1836 2736 con-

1164 2745 1276 2781 versio,
1289 2746 1421 2775 eaedem
1436 2746 1520 2776 vices
1536 2746 1570 2777 in
1584 2748 1726 2787 singulos
1737 2757 1838 2778 annos

1163 2788 1313 2818 redirent.
1337 2788 1444 2819 ΟΜΝ.

1208 2840 1225 2860 2
1244 2831 1300 2860 Ad
1311 2832 1438 2870 partes]
1461 2830 1555 2862 Haec
1571 2842 1633 2862 vox
1647 2832 1782 2862 refertur
1795 2831 1838 2861 ad

1157 2873 1320 2911 subulam,
1342 2871 1376 2902 in
1399 2882 1464 2911 qua
1485 2878 1609 2905 actores
1630 2877 1742 2914 partes
1764 2882 1838 2904 suas

1165 2918 1274 2954 agunt.
1298 2914 1404 2946 (ἷκεν.
