1934 3211
547 219 673 262 LIB.
714 220 747 261 Ι.
790 220 938 262 ΟΑΡ.
977 225 1045 262 43.
1435 227 1490 266 49

71 311 239 369 9‘regis
277 311 422 352 munia
459 312 574 352 esse?
647 310 814 353 Servius
863 325 959 352 cum
1002 310 1143 352 trabea
1186 319 1230 352 et
1277 310 1491 354 lictoribus

101 368 267 427 prodit3
298 383 359 418 ac,
387 367 486 410 sede
516 368 631 426 regia
659 367 821 418 sedens,
852 368 933 409 alia
962 367 1162 418 decernit,
1188 368 1242 409 de
1273 368 1362 409 aliis
1391 384 1491 410 con-

101 426 308 469 sulturum
334 441 378 468 se
402 441 545 482 regem
573 441 661 468 esse
689 426 866 467 simulat.
928 425 1090 482 Itaque,
1112 440 1188 482 per
1207 425 1367 482 aliquot
1387 425 1488 476 dies,

131 498 232 525 uum
252 483 335 525 iam
351 484 598 541 exspirasset
614 484 881 540 Tarquinius,
903 482 1035 525 celata
1050 492 1196 533 morte,
1213 498 1288 540 per
1308 483 1490 540 speciem

100 499 259 583 §lienae
283 540 522 599 fimgendae
546 542 647 583 vicis
674 557 766 583 suas
796 556 896 598 opes
925 541 1115 582 firmavit.
1177 540 1291 582 Tum
1318 541 1491 583 demum
1504 552 1548 583 U.
1565 553 1602 583 C.
1624 552 1691 592 176.

99 598 237 656 palam
259 599 382 650 facto,
411 608 454 641 et
481 599 806 656 comploratione
834 599 879 640 in
903 599 1018 656 regia
1043 607 1145 648 orta,
1171 598 1350 648 Servius,
1371 614 1491 656 prae·
1503 596 1542 668 g*-
1566 596 1602 643 (ἶ-
1621 595 1691 655 576·

72 656 206 699 1sidio
254 656 376 699 firmo
425 658 623 707 munitus,
664 658 823 714 primus
870 657 1030 698 iniussu
1075 656 1232 713 populi,
1273 656 1488 698 voluntate
1502 647 1695 720 Sfffiffisrssg,

99 713 274 756 Patrum
313 716 513 771 regnavit.
596 715 708 757 Anci
747 715 878 765 liberi,
919 715 1002 756 iam
1050 723 1140 755 tum
1180 715 1490 771 comprehensis
1503 733 1578 754 nare
1594 723 1706 754 iussus.

99 771 264 814 sceleris
280 773 489 823 ministris,
512 782 559 814 ut
578 773 718 815 vivere
739 788 893 829 regem,
911 782 954 814 et
974 781 1110 814 tantas
1125 787 1212 813 esse
1234 788 1334 829 opes
1358 771 1489 814 Servii

99 830 339 872 nuntiatum
360 840 434 881 est,
460 830 651 873 Suessam
672 831 907 873 Pometiam
928 830 1162 872 exsulatum
1184 830 1329 872 ierant.

158 887 253 930 Nec
275 888 358 930 iam
378 888 557 946 publicis
577 889 707 945 magis
734 889 916 930 consiliis
949 887 1128 938 Servius,
1151 903 1277 944 quam
1307 887 1489 945 privatis,

100 946 264 988 munire
285 961 396 1003 opes.
460 946 517 988 Et
535 962 603 997 ne,
626 947 759 1003 qualis
782 946 892 988 Anci
914 946 1090 988 liberum
1113 946 1275 987 animus
1295 946 1491 987 adversus

101 1003 380 1061 Tarquinium
419 1004 566 1055 fuerat,
609 1004 700 1046 talis
740 1004 936 1046 adversus
976 1019 1018 1046 se
1056 1004 1277 1060 Tarquinii
1312 1003 1490 1045 liberum
1504 1013 1696 1043 FiliasTar-

100 1071 221 1112 esset,
254 1061 357 1104 duas
401 1062 505 1104 filias
549 1063 770 1105 iuvenibus
814 1063 950 1119 regiis,
994 1062 1127 1103 Lucio
1167 1072 1293 1118 atque
1335 1061 1491 1103 Arunti
1503 1055 1619 1129 {lufntiis
1635 1056 1697 1086 col-

101 1119 355 1176 Tarquiniis,
398 1121 544 1175 iungit.
619 1120 713 1162 Nec
753 1121 866 1177 rupit
909 1129 1049 1161 tamen
1089 1120 1162 1161 fati
1201 1120 1492 1161 necessitatem
1518 1109 1599 1130 ⁰⁹³⁸

99 1177 294 1219 humanis
338 1176 531 1228 consiliis,
573 1178 677 1234 quin
727 1178 884 1219 invidia
931 1178 1049 1234 regni
1098 1177 1224 1219 etiam
1264 1178 1373 1219 inter
1416 1177 1493 1218 do-

101 1235 295 1277 mesticos
327 1236 457 1277 infida
496 1236 638 1277 omnia
671 1245 797 1292 atque
833 1235 984 1277 infesta
1017 1235 1183 1276 faceret.
1256 1235 1493 1291 Peroppor-

103 1302 204 1335 tune
232 1293 285 1334 ad
313 1294 542 1350 praesentis
569 1294 754 1350 quietem
783 1303 913 1335 status
940 1293 1098 1334 bellum
1125 1308 1221 1334 cum
1243 1292 1492 1334 Veientibus

71 1351 206 1403 2(iam
239 1351 352 1392 enim
383 1351 569 1393 indutiae
600 1352 809 1406 exierant)
841 1351 1013 1407 aliisque
1047 1350 1232 1391 Etruscis
1262 1360 1488 1406 sumptum.

103 1407 156 1450 In
176 1423 226 1450 eo
254 1408 364 1450 bello
385 1418 428 1450 et
451 1409 580 1450 virtus
609 1418 652 1450 et
681 1410 848 1450 fortuna
867 1408 1020 1449 enituit
1040 1407 1196 1448 Tullii:
1230 1407 1405 1463 fusoque
1428 1408 1491 1448 in-

102 1466 221 1524 genti
248 1466 429 1507 hostium
456 1467 657 1516 exercitu,
680 1466 793 1507 haud
821 1466 974 1507 dubius
998 1480 1086 1514 rex,
1108 1480 1182 1506 seu
1209 1464 1396 1515 Patrum,
1418 1480 1493 1506 seu

103 1523 235 1590 plebis
250 1524 409 1565 animos
425 1524 740 1581 periclitaretur,
759 1523 939 1564 Romam
955 1522 1091 1564 rediit.
1148 1523 1492 1579 Aggrediturque

102 1580 202 1623 mde
232 1581 286 1623 ad
315 1581 427 1637 pacis
457 1581 580 1637 longe
612 1581 841 1622 maximum
872 1596 1001 1638 opus:
1045 1590 1104 1630 ut,
1136 1581 1491 1637 quemadmodum

105 1638 248 1680 Numa
276 1638 408 1680 divini
435 1648 580 1681 auctor
606 1639 706 1680 iuris
735 1639 892 1689 fuisset,
919 1639 978 1680 ita
1007 1637 1198 1680 Servium
1231 1639 1492 1680 conditorem

103 1695 237 1738 omnis
277 1696 322 1737 in
361 1697 528 1739 civitate
569 1697 820 1739 discriminis
859 1697 1153 1752 ordinumque,
1191 1697 1342 1753 quibus
1383 1697 1494 1738 inter

101 1754 254 1854 {radus
266 1753 481 1811 dignitatis
497 1756 772 1812 fortunaeque
789 1755 948 1811 aliquid
962 1754 1199 1805 interlucet,
1213 1754 1368 1812 posteri
1384 1754 1494 1796 fama

119 1821 269 1854 errent.
334 1812 521 1855 Censum
553 1813 665 1855 enim
694 1813 888 1862 instituit,
918 1828 1007 1854 rem
1035 1812 1346 1854 saluberrimam
1376 1821 1492 1854 tanto
1508 1821 1550 1853 U.
1568 1823 1605 1854 C.
1627 1832 1694 1865 197.

102 1869 243 1912 futuro
270 1870 468 1928 imperio:
502 1886 555 1913 ex
577 1887 662 1928 quo
688 1871 787 1913 belli
818 1871 1015 1928 pacisque
1044 1871 1188 1912 munia
1217 1886 1302 1912 non
1323 1871 1491 1921 viritim,
1507 1866 1543 1920 A,-
1568 1866 1605 1897 C.
1624 1876 1695 1906 555·

104 1936 150 1969 ut
177 1937 287 1978 ante,
309 1928 383 1970 sed
410 1944 486 1986 pro
514 1929 659 1971 habitu
716 1929 959 1971 ecuniarum
981 1928 1142 1970 fierent.
1204 1928 1316 1970 Tum
1345 1929 1493 1970 classes
1506 1919 1653 1984 ιῃζζᾞᾞὶῗ

102 1986 395 2043 centuriasque
417 1996 460 2028 et
479 1987 592 2029 hunc
620 1945 810 2029 ordinem
833 2003 886 2028 ex
907 2002 1035 2028 censu
1062 1986 1293 2044 descripsit,
1315 1986 1381 2028 vel
1401 1986 1493 2043 paci

103 2043 315 2094 decorum,
337 2044 402 2086 vel
423 2044 544 2086 bello.
608 2044 674 2086 Ex
702 2046 763 2094 iis,
786 2045 859 2102 qui
880 2054 1049 2086 centum
1077 2045 1254 2085 millium
1283 2044 1400 2095 aeris,
1423 2053 1495 2086 aut
1575 2050 1642 2087 43.

104 2102 318 2152 maiorem,
355 2117 526 2144 censum
562 2102 777 2152 haberent,
814 2103 1028 2158 octoginta
1057 2102 1237 2144 confecit
1272 2103 1493 2152 centurias,
1507 2105 1642 2137 Clu-³⁸0⁸-

74 2159 392 2217 gquadragenas
418 2160 628 2201 seniorum
657 2176 703 2202 ac
732 2160 953 2201 iuniorum.
1017 2159 1158 2201 Prima
1187 2159 1326 2201 classis
1350 2175 1495 2201 omnes

105 2217 312 2275 appellati.
379 2217 583 2268 Seniores,
606 2218 658 2260 ad
681 2219 792 2259 urbis
816 2217 1046 2259 custodiam
1071 2227 1116 2258 ut
1144 2227 1307 2274 praesto
1328 2227 1491 2259 essent:

1570 890 1639 929 42.

147 2353 168 2384 9
193 2344 332 2381 Trabea]
367 2343 492 2373 Harum
511 2343 569 2373 tria
586 2353 711 2381 genem.
740 2344 778 2374 cf.

106 2384 194 2416 Serv.
216 2385 247 2416 in
266 2387 346 2417 Aen.
364 2386 426 2417 viii.
443 2385 513 2416 612.
538 2396 670 2425 quarum
697 2386 781 2425 regia

105 2432 174 2459 emt
193 2429 268 2459 albo
291 2429 408 2466 colore,
425 2429 496 2459 latin
508 2429 606 2459 clavis
621 2434 733 2459 ornata
749 2435 781 2458 ct

868 2353 883 2373 ἰ
909 2344 978 2373 lam
993 2367 999 2373 .
1014 2367 1020 2373 .
1036 2367 1041 2373 .
1057 2344 1202 2373 indutiae
1217 2344 1381 2381 exierant]
1413 2343 1495 2374 Ium-

824 2386 945 2416 dudum
971 2386 1126 2423 exierunt,
1149 2385 1172 2415 ui
1196 2396 1253 2416 eae
1278 2386 1498 2423 intelligantur

827 2427 979 2463 indutiae,
999 2439 1078 2468 quus
1100 2428 1131 2458 iu
1155 2433 1283 2458 centum
1308 2439 1409 2458 uunos
1432 2429 1496 2460 Ro-

106 2471 249 2502 trabibus
286 2482 445 2512 purpurae
476 2471 602 2511 virgata.
634 2472 714 2513 Lyd.
741 2472 781 2502 de

108 2513 197 2553 Mag.
221 2513 241 2545 i.
268 2524 317 2554 32.
357 2514 445 2546 Fusa.
472 2515 511 2545 R.
536 2514 644 2554 Autiq.
666 2516 683 2551 ἓ
714 2516 780 2553 ¹85.

110 2555 208 2588 Dion.
223 2556 255 2588 ii.
273 2565 321 2596 70.
340 2557 380 2589 iii.
397 2557 447 2588 6¹.

157 2608 167 2629 Ι
194 2600 327 2631 Indum
339 2601 469 2640 populi]
491 2600 582 2631 Haec
600 2600 722 2630 inverso
735 2610 781 2630 01·-

107 2641 184 2673 dine
210 2647 337 2673 narrant
364 2643 496 2683 Dionys.
522 2643 561 2674 iv.
591 2653 635 2674 η.
660 2648 691 2673 ct
711 2643 780 2674 Cic.

108 2685 151 2715 de
180 2684 262 2724 Rep.
291 2684 321 2716 ii.
350 2694 398 2716 τι.
425 2686 535 2717 “Non
563 2686 722 2716 cmnminit
749 2697 781 2715 w

113 2726 272 2763 Patribus,
290 2728 343 2757 ned
369 2727 544 2767 Tarquinio
566 2729 703 2768 sepulto,
729 2739 779 2767 po-

112 2771 224 2810 pulum
242 2770 283 2800 do
298 2780 330 2800 nc
350 2770 416 2810 ipae
432 2771 602 2806 consuluit,
619 2770 782 2810 iussusque

110 2822 242 2853 regnare
261 2813 361 2850 legem
384 2813 424 2843 de
447 2813 580 2853 imperio
602 2824 659 2844 nuo
683 2813 780 2843 curiu-

110 2859 176 2886 tnm
208 2855 292 2886 tulit.
348 2855 462 2895 Neque
495 2856 691 2886 voluntatem
731 2865 783 2895 pu-

110 2902 195 2930 trum
217 2898 358 2937 ugnos-cit
374 2898 441 2938 ipsc
462 2897 568 2929 Livius
584 2898 653 2929 infr.
671 2907 720 2937 ⁴7-
745 2898 784 2928 cs.

114 2940 280 2972 Wachsm.
300 2953 328 2981 μ.
348 2941 416 2972 226.
450 2941 561 2972 Festus
578 2952 603 2971 v.
624 2942 787 2971 luna-icius

120 2984 223 3016 Vicae.

171 3039 267 3068 VOL.
293 3040 317 3067 1.

826 2472 933 2501 mulus
949 2472 1085 2502 fecerat:
1110 2481 1207 2511 quum
1225 2472 1265 2501 ul)
1281 2471 1380 2511 ipsius
1396 2476 1497 2503 morte

825 2519 954 2544 centum
983 2514 1044 2544 ium
1069 2519 1101 2544 ct
1124 2514 1334 2553 quadraginta
1355 2514 1429 2544 unni
1453 2515 1495 2545 ef-

827 2558 995 2588 fluxerant.
1044 2557 1199 2587 Dicamus
1224 2567 1297 2595 ergo
1323 2567 1377 2586 cns
1403 2557 1498 2588 fuisse

827 2606 977 2637 regnanti·
988 2599 1087 2630 Tullo
1099 2599 1296 2629 inanimam.
1324 2599 1398 2631 Vid.
1411 2610 1497 2639 supr.

827 2652 876 2680 30.
904 2643 1010 2673 Cum.
1060 2643 1094 2672 ld
1123 2642 1207 2681 quod
1239 2642 1404 2672 l‘erizonio
1430 2643 1496 2683 pla—

826 2685 903 2721 cuit,
919 2695 1012 2724 (μιοηι
1031 2685 1069 2715 cl'.
1089 2685 1257 2715 Aninmdv.
1279 2684 1361 2715 ssiat.
1379 2698 1407 2724 4.

870 2737 886 2766 3
910 2728 1094 2765 sonim-um]
1126 2727 1192 2763 Qui
1208 2732 1334 2758 sextum
1351 2732 1383 2758 et
1399 2729 1497 2768 quad-

827 2770 1015 2808 mgcuinium
1037 2770 1151 2799 acuitis
1169 2780 1288 2800 anuum
1310 2770 1498 2810 attigissent.

828 2814 1008 2847 Iunior-um,
1031 2823 1048 2842 n
1072 2812 1197 2842 decimo
1221 2813 1359 2853 septimo
1384 2814 1500 2846 aetatis

829 2866 913 2884 nuno
954 2855 994 2884 ml
1037 2855 1314 2894 quadragesimum
1360 2862 1497 2888 sextum.

832 2897 906 2928 vid.
926 2898 962 2928 Λ.
980 2898 1066 2928 Gen.
1092 2908 1121 2928 x.
1141 2901 1188 2929 αδ.
1237 2898 1310 2931 Hac
1329 2899 1370 2931 de
1393 2909 1426 2930 re
1448 2910 1498 2930 uc-

830 2945 940 2971 curutc
972 2940 1113 2980 disputat
1150 2941 1274 2981 Lipsius
1307 2942 1347 2973 de
1381 2942 1498 2974 Militia

833 2983 928 3015 Rom.
945 2983 963 3015 i.
982 2993 1009 3014 τ.
1031 2985 1137 3015 anv.

1246 3040 1270 3068 E
