1934 3211
571 169 698 212 LIB.
733 168 812 210 IX.
861 169 1007 210 CAP.
1040 174 1109 212 43.
1453 177 1536 216 549

141 261 373 311 hominum,
411 274 538 316 quam
578 259 792 300 caeditur:
838 267 964 315 atque
1001 275 1086 301 una
1120 276 1201 301 vox
1233 276 1388 317 ponere
1420 279 1535 305 arma
1549 279 1592 310 U.
1610 280 1649 312 C.
1664 288 1740 321 445·

140 319 375 361 iubentium
396 332 472 374 per
491 324 622 358 totam
638 317 769 357 fertur
784 316 929 358 aciem.
993 317 1142 374 Itaque
1164 318 1274 360 inter
1290 320 1427 376 ipsum
1444 337 1533 363 cer-
1547 323 1585 353 A.
1611 324 1649 355 C·
1666 332 1739 363 307·

141 385 281 418 tamen
301 375 410 417 facta
438 374 599 416 deditio
620 383 682 416 est
703 390 728 416 a
754 374 899 431 primis
919 376 1158 416 auctoribus
1185 375 1296 418 belli.
1359 377 1532 420 Postero

138 433 542 490 insequentibusque
578 432 726 474 djebus
757 441 800 473 et
829 433 957 474 ceteri
990 432 1248 475 Umbrorum
1283 435 1428 491 populi
1458 436 1532 478 de-

138 491 309 533 duntur.
375 490 617 533 Ocriculani
638 490 860 547 sponsione
883 491 927 531 in
949 491 1176 532 amicitiam
1196 493 1368 549 accepti.

110 572 123 595 1
196 548 361 599 Fabius,
376 548 535 590 alienae
557 548 677 590 sortis
696 548 830 589 victor
848 548 961 599 belli,
979 548 1024 590 in
1045 564 1162 590 suam
1177 550 1435 606 provinciam
1456 566 1528 593 ex·
1606 554 1675 592 42.

137 606 314 649 ercitum
330 606 511 648 reduxit.
573 605 722 662 Itaque
740 606 792 656 ei,
810 607 863 648 ob
884 622 949 648 res
971 616 1055 649 tam
1069 607 1246 649 feliciter
1256 617 1404 665 gestas,
1422 609 1530 651 sicut
1544 619 1588 651 U.
1605 620 1643 651 C.
1661 620 1733 660 446.

135 665 274 731 priore
287 680 399 706 anno
413 664 594 721 populus
607 664 924 706 continuaverat
939 664 1214 716 consulatum,
1229 666 1288 707 ita
1303 676 1471 709 senatus
1483 668 1528 709 in
1542 662 1581 735 :2-
1605 664 1643 718 (ἦ
1661 663 1733 702 30⁶·

136 732 431 780 msequentem
452 737 623 772 annum,
642 737 726 778 quo
743 722 826 779 Ap.
849 721 1066 773 Claudius,
1085 723 1134 765 L.
1154 722 1408 766 Volumnius
1428 740 1529 767 con-
1541 706 1741 785 dissffliassr‘o-

105 801 123 823 2
136 780 246 822 sulcs
266 781 448 831 fuerunt,
469 780 720 837 prorogavit,
743 780 925 822 maxime
949 781 1092 838 Appio
1117 781 1373 833 adversante,
1395 783 1529 840 impe·
1541 791 1666 822 lumnio

135 839 255 881 rium.
318 839 509 895 Appium
540 853 755 880 censorem
785 839 937 894 petisse
969 839 1245 890 consulatum,
1275 841 1527 898 comitiaque
1541 834 1631 866 Coss.

134 897 224 938 eius
240 897 292 938 ab
313 896 362 938 L.
380 896 505 938 Furio
522 896 688 938 tribuno
702 895 835 952 plebis
850 896 1126 953 interpellata,
1144 897 1279 939 donee
1297 914 1339 940 se
1353 914 1529 941 censura

134 955 354 1004 abdicavit,
370 955 413 995 in
431 954 681 1011 quibusdam
697 954 915 996 annalibus
929 955 1110 996 invenio.
1175 955 1354 998 Creatus
1367 957 1525 1008 consul,
1541 964 1713 1012 Sallentini

134 1027 266 1068 quum
283 1013 466 1069 collegae
488 1027 644 1053 novum
661 1011 831 1062 bellum,
853 1012 1072 1054 Sallentini
1094 1013 1232 1055 hostes
1249 1014 1528 1057 decerneren-
1542 1012 1626 1038 nen.

134 1079 214 1120 tur,
238 1070 399 1112 Romae
422 1070 585 1120 mansit,
609 1078 655 1111 ut
676 1070 845 1111 urbanis
860 1071 1016 1112 artibus
1037 1086 1137 1128 opes
1157 1082 1341 1128 augeret,
1357 1073 1528 1129 quando

134 1128 233 1170 belli
254 1128 383 1170 decus
398 1143 528 1185 penes
549 1128 652 1169 alios
673 1137 792 1169 esset.
854 1128 1133 1170 Volumnium
1154 1130 1392 1186 provinciae
1413 1131 1529 1173 haud

133 1186 354 1243 poenituit.
417 1186 557 1228 Multa
577 1186 761 1227 secunda
782 1186 940 1242 proelia
955 1186 1076 1228 fecit:
1111 1187 1270 1244 aliquot
1287 1190 1411 1230 urbes
1432 1189 1528 1231 hos-

133 1244 239 1286 tium
256 1245 296 1286 vi
318 1244 440 1301 cepit.
503 1243 690 1286 Praedae
707 1254 795 1285 erat
812 1244 994 1299 largitor,
1012 1254 1054 1287 et
1067 1245 1370 1302 benignitatem
1392 1262 1467 1303 per
1483 1263 1526 1290 se

131 1312 292 1359 gratam
309 1303 504 1344 comitate
519 1302 764 1343 adiuvabat:
798 1302 1059 1359 militemque
1075 1303 1123 1344 iis
1139 1304 1296 1345 artibus
1308 1304 1463 1346 fecerat
1485 1314 1527 1348 et

132 1360 307 1417 periculi
329 1370 372 1402 et
391 1360 542 1402 laboris
567 1360 747 1402 avidum.
813 1360 866 1409 Q.
885 1360 1037 1402 Fabius
1057 1361 1281 1417 proconsul
1301 1362 1355 1404 ad
1381 1364 1526 1405 urbem
1540 1371 1701 1404 Samnites

134 1418 284 1460 Allifas
316 1433 412 1460 cum
454 1418 707 1460 Samnitium
741 1419 928 1460 exercitu
963 1419 1090 1475 signis
1126 1419 1285 1461 collatis
1325 1421 1525 1478 confligit.
1541 1415 1626 1446 victi.

132 1476 314 1518 BIinime
331 1477 527 1533 ambigua
547 1492 611 1518 res
625 1476 715 1517 fuit.
779 1476 875 1517 Fusi
894 1477 1046 1526 hostes,
1061 1486 1187 1533 atque
1204 1478 1248 1518 in
1265 1488 1399 1519 castra
1413 1495 1528 1520 com-

131 1534 253 1591 pulsi.
306 1534 401 1577 Nee
433 1545 566 1576 castra
590 1534 726 1576 forent
754 1543 928 1584 retenta,
958 1535 1003 1575 ni
1028 1535 1228 1591 exiguum
1256 1536 1527 1592 superfuisset

131 1592 235 1634 diei:
263 1602 358 1635 ante
373 1602 540 1635 noctem
554 1603 694 1634 tamen
709 1601 805 1633 sunt
820 1593 1152 1642 circumsessa,et
1165 1602 1287 1634 noete
1303 1594 1524 1645 custodita,

131 1665 186 1692 ne
207 1651 301 1708 quis
325 1651 434 1693 elabi
462 1661 610 1707 posset.
674 1650 848 1691 Postero
873 1650 956 1700 die,
979 1650 1154 1691 vixdum
1183 1650 1276 1692 luce
1302 1660 1428 1702 certa,
1452 1652 1526 1695 de-

131 1708 237 1750 ditio
258 1709 349 1750 fieri
376 1718 548 1765 coeptat
588 1718 630 1750 et
657 1708 782 1765 pacti,
805 1708 877 1764 qui
906 1707 1159 1750 Samnitium
1179 1708 1328 1759 forent,
1351 1719 1398 1751 ut
1429 1726 1526 1753 cum

131 1766 306 1823 singulis
337 1767 596 1809 vestimentis
628 1766 930 1807 emitterentur.
995 1765 1057 1807 Hi
1089 1782 1234 1809 omnes
1269 1768 1346 1809 sub
1380 1768 1527 1825 iugum

131 1825 256 1867 missi.
305 1825 437 1867 Sociis
454 1825 707 1867 Samnitium
721 1823 826 1865 nihil
840 1834 1029 1866 cautum:
1064 1824 1117 1865 ad
1130 1834 1292 1882 septem
1306 1826 1437 1868 millia
1449 1828 1526 1869 sub

130 1898 285 1926 corona
304 1884 484 1925 veniere.
550 1883 638 1932 Qui
659 1897 701 1924 se
725 1883 859 1923 civem
883 1882 1118 1924 Hernicum
1140 1883 1317 1933 dixerat,
1340 1899 1526 1927 seorsum

130 1941 175 1982 in
195 1941 386 1983 custodia
398 1942 575 1982 habitus.
640 1940 723 1981 Eos
737 1955 881 1981 omnes
896 1940 1048 1981 Fabius
1071 1940 1252 1982 Romam
1266 1942 1320 1982 ad
1332 1952 1525 1984 senatum

131 1999 265 2040 misit:
299 2008 354 2049 et,
377 2014 508 2055 quum
530 1998 765 2054 quaesitum
787 2007 906 2046 esset,
929 1997 1111 2047 delectu,
1129 2013 1182 2038 an
1203 1998 1426 2040 voluntarii
1448 2016 1524 2056 pro

135 2056 392 2098 Samnitibus
442 2056 637 2097 adversus
690 2055 903 2095 Romanos
947 2054 1182 2105 bellassent,
1225 2071 1300 2112 per
1349 2056 1523 2099 Latinos

131 2114 308 2171 populos
338 2114 602 2155 custodiendi
634 2113 809 2153 dantur:
857 2113 1039 2169 iussique
1073 2128 1165 2153 eam
1198 2114 1402 2169 integram
1434 2131 1521 2156 rem
1539 2127 1581 2158 U.
1599 2127 1636 2159 C.
1655 2135 1726 2168 ⁴47-

130 2173 229 2214 novi
257 2172 460 2221 consules,
486 2172 530 2212 l'.
554 2170 777 2212 Cornelius
800 2171 972 2220 Arvina,
1000 2171 1052 2219 Q.
1074 2170 1260 2212 Marcius
1282 2172 1520 2224 Tremulus,
1537 2171 1575 2229 A,-
1599 2172 1637 2202 (·
1656 2180 1727 2211 305·

130 2231 179 2288 (ii
210 2231 324 2272 enim
358 2230 438 2271 iam
470 2229 595 2270 creati
623 2228 761 2282 erant)
789 2228 841 2269 ad
869 2239 1059 2269 senatum
1092 2229 1254 2271 referre.
1319 2230 1369 2271 Id
1399 2247 1520 2287 aegre
1536 2214 1707 2293 1¹5,'‚('(‘2's¹¹⁰'

130 2289 238 2346 passi
274 2288 474 2329 Hernici:
509 2287 733 2329 concilium
785 2286 1015 2343 ‘opulorum
1050 2287 1238 2328 munium
1272 2287 1521 2331 habentibus
1537 2281 1661 2330 Maircio

99 2360 118 2391 3
133 2347 369 2401 Anagninis
392 2347 433 2386 in
456 2346 578 2391 circo,
598 2360 723 2400 quem
762 2362 776 2385 l
792 2344 1023 2385 [aritimum
1047 2355 1208 2390 vocant.
1233 2356 1396 2401 praeter
1421 2347 1521 2388 Ala·
1535 2344 1624 2374 0⁰⁸³·

98 2402 340 2455 4trinatem,
375 2404 781 2458 chntmutemque,
804 2412 846 2443 ct
877 2402 1148 2451 Verulanum,
1172 2419 1316 2444 omncs
1345 2404 1519 2447 Hernici

129 2463 311 2506 nominis
333 2462 488 2520 populo
514 2462 704 2502 Romano
725 2460 879 2501 bellum
904 2460 1157 2502 indixerunt.

188 2521 238 2563 In
278 2521 448 2563 Samnio
479 2534 661 2576 quoquc,
693 2518 792 2574 quia
828 2518 1057 2560 decesserat
1093 2519 1190 2560 inde
1228 2519 1390 2569 habitus,
1424 2523 1519 2564 novi
1603 2530 1670 2569 43,

178 2701 186 2722 1
215 2692 352 2721 Alienae
374 2692 466 2720 sortis
491 2691 588 2719 vit-tm·
611 2689 699 2726 belli]
727 2688 756 2718 b.
773 2700 799 2718 e.
846 2688 1010 2717 com-ilium
1037 2687 1226 2726 populorum
1250 2688 1461 2720 lit-micarum
1480 2691 1519 2721 de

132 2734 245 2764 Victor
269 2733 298 2763 in
327 2744 365 2764 ρο
391 2733 486 2767 bello,
510 2732 593 2771 quud
623 2737 706 2760 noi-u·
731 2741 800 2760 eve·
847 2740 934 2759 more
948 2730 1166 2764 liabelmtiir,si
1182 2731 1337 2763 Niebuhr.
1349 2732 1519 2763 audiamus

130 2782 220 2808 nernt
235 2777 387 2813 collegae.
848 2773 876 2802 ii.
897 2784 927 2803 11.
945 2782 993 2811 53.

174 2829 190 2850 ,Σ
217 2819 424 2856 l'rni·0!ltlr·¹⁴!l
463 2818 505 2847 ι’(
538 2828 621 2856 supr,
656 2816 718 2846 viii.
754 2825 798 2855 23.
889 2828 905 2854 4
932 2820 1048 2845 ‘luntres
1067 2817 1202 2846 llu'rnim'
1224 2819 1360 2847 numinis
1379 2821 1514 2859 populu}

132 2862 273 2893 Publilio
294 2861 497 2900 1ἸιίΙιιιιί,ιμιι’
519 2861 637 2900 primus
655 2870 710 2899 pro
726 2870 796 2889 voit
845 2863 961 2888 nmmw
982 2883 986 2888 .
1007 2883 1012 2888 .
1032 2883 1037 2889 .
1062 2861 1174 2898 populi
1207 2860 1376 2899 legendum
1409 2869 1514 2893 censet

129 2906 197 2937 sule
215 2916 278 2936 rem
297 2906 435 2941 gerebat.
847 2901 980 2932 Niebhr.
999 2902 1028 2932 ii.
1048 2913 1076 2932 ιι.
1100 2911 1165 2941 170.

173 2958 190 2987 3
214 2949 401 2987 .<ltaeny1eitzis
418 2949 450 2977 iu
467 2948 566 2983 cit-cul
597 2946 632 2976 ln
653 2946 710 2976 Ιιιις
730 2946 798 2974 luc..
