1934 3211
538 198 668 240 LIB.
710 197 766 240 ΙΙ.
809 198 956 240 CAP.
989 205 1057 241 48.
1435 206 1513 246 127

115 288 266 331 dividit
301 288 506 330 Patribus.
570 287 709 329 Fabiis
743 287 915 344 plurimi
951 288 1063 330 dati:
1108 303 1185 331 nec
1222 290 1322 332 alibi
1360 293 1517 334 maiore
1533 304 1576 335 U.
1594 307 1632 338 C.
1651 314 1723 345 ²7⁴·

115 362 216 389 cura
234 346 378 387 habiti.
441 345 549 387 Inde
570 345 795 402 populares
815 346 900 386 iam
922 361 1010 387 esse
1033 346 1175 388 Fabii:
1211 363 1290 389 nec
1312 348 1392 390 hoc
1416 350 1515 399 ulla,
1530 348 1570 378 A.
1595 351 1633 382 C·
1651 350 1723 389 47⁸·

114 404 194 446 nisi
213 403 370 445 salubri
388 403 658 459 reipublicae,
681 412 781 444 arte.

83 486 102 508 ς
171 460 309 518 Igitur
328 476 415 503 non
435 461 612 503 Patrum
634 461 778 518 magis,
796 476 924 518 quam
945 461 1092 518 plebis,
1114 462 1265 504 studiis
1290 462 1344 505 K.
1363 463 1518 505 Fabius
1601 470 1674 507 48.

115 533 212 561 cum
234 518 285 560 T.
305 518 501 575 Virginio
523 518 671 561 consul
686 518 832 569 factus,
850 535 990 576 neque
1012 519 1135 570 bella,
1153 536 1293 577 neque
1315 521 1519 571 delectus,
1536 525 1579 556 U·
1597 525 1635 556 C.
1655 534 1726 563 275-

114 591 255 633 neque
291 576 421 617 ullam
455 576 578 618 aliam
610 577 794 634 priorem
831 592 974 618 curam
1011 593 1149 634 agere,
1181 594 1310 634 quam
1343 588 1403 630 ut,
1437 580 1521 621 iam
1536 569 1574 641 j}
1597 568 1726 640 ξὲιξίζῗ·

116 634 258 691 aliqua
288 649 342 676 ex
377 644 495 691 parte
529 635 726 676 inchoata
766 635 1015 677 concordiae
1052 651 1139 692 spe,
1179 636 1316 692 primo
1350 653 1522 694 quoque
1538 634 1742 684 11²1.T.Vir-

117 702 305 749 tempore
337 707 434 733 cum
465 692 661 734 Patribus
692 692 975 735 coalescerent
1005 694 1136 734 animi
1160 694 1306 750 plebis.
1370 695 1522 752 Itaque
1535 695 1622 737 ginio
1635 696 1723 726 00⁵⁵·

117 750 325 808 principio
353 751 454 791 anni
481 751 658 800 censuit,
680 751 926 807 priusquam
955 751 1181 808 quisquam
1202 752 1388 809 agrariae
1419 753 1525 809 legis

87 817 263 856 sanctor
294 808 488 849 tribunus
523 808 755 858 exsisteret,
794 818 1053 865 occuparent
1093 809 1242 851 Patres
1282 811 1364 867 ipsi
1401 826 1525 853 suum

118 881 271 908 munus
291 866 451 907 facere:
485 867 698 923 captivum
720 881 867 922 agrum
888 867 1002 923 plebi
1017 882 1144 923 quam
1162 868 1347 910 maxime
1370 884 1526 925 aequa-

86 924 215 966 4liter
229 923 390 965 darent.
453 923 615 965 Verum
636 939 738 973 esse,
761 924 915 966 habere
938 940 1024 975 eos,
1042 940 1225 982 quorum
1248 927 1454 983 sanguine
1476 942 1525 968 ae

119 981 270 1024 sudore
290 990 434 1039 partus
461 982 525 1023 sit.
590 981 818 1038 Aspernati
846 982 996 1024 Patres
1024 992 1148 1024 sunt:
1184 985 1324 1040 questi
1354 999 1525 1041 quoque

152 1039 306 1089 uidam,
328 1040 459 1081 nimia
478 1039 610 1097 gloria
625 1039 838 1081 luxuriare
856 1050 899 1082 et
915 1056 1164 1083 evanescere
1181 1042 1371 1083 vividum
1389 1058 1527 1099 quon-

120 1055 219 1140 3am
260 1097 367 1139 illud
408 1098 616 1139 Kaesonis
657 1097 888 1153 ingenium.
952 1098 1109 1140 Nullae
1147 1099 1304 1141 deinde
1341 1101 1526 1142 urbanae

119 1155 322 1198 factiones
370 1155 500 1197 fuere.
582 1155 860 1197 Vexabantur
909 1156 1221 1199 incursionibus
1274 1158 1527 1215 Aequorum

122 1213 279 1255 Latini.
343 1212 407 1255 Eo
432 1228 529 1255 cum
558 1214 749 1254 exercitu
782 1213 924 1255 Kaeso
954 1215 1118 1264 missus,
1144 1216 1189 1256 in
1219 1216 1407 1273 ipsorum
1439 1216 1527 1257 Ae-

122 1286 302 1328 quorum
324 1286 470 1328 agrum
492 1271 839 1328 depopulandum
858 1272 1017 1313 transit.
1072 1273 1217 1329 Aequi
1240 1289 1282 1315 se
1305 1274 1350 1315 in
1369 1274 1528 1330 oppida

123 1337 386 1385 receperunt,
409 1329 623 1385 murisque
652 1344 695 1370 se
718 1330 942 1370 tenebant:
977 1345 1028 1371 eo
1049 1330 1167 1371 nulla
1194 1346 1339 1387 pugna
1368 1346 1528 1372 memo-

124 1386 264 1428 rabilis
284 1386 375 1428 fuit.
438 1387 499 1428 At
520 1402 545 1427 a
576 1386 757 1428 Veiente
779 1387 898 1428 hoste
925 1387 1066 1428 clades
1087 1398 1262 1445 accepta
1291 1389 1527 1430 temeritate

124 1444 295 1486 alterius
315 1444 519 1486 consulis:
553 1452 780 1500 actumque
802 1444 855 1486 de
877 1445 1070 1486 exercitu
1088 1445 1210 1496 foret,
1228 1446 1273 1486 ni
1297 1446 1352 1487 K.
1374 1446 1527 1487 Fabius

125 1502 169 1543 in
190 1510 378 1559 tempore
400 1501 585 1543 subsidio
607 1502 799 1543 venisset.

184 1559 250 1601 Ex
267 1575 318 1601 eo
340 1568 528 1616 tempore
543 1574 682 1616 neque
704 1575 786 1616 pax
808 1575 949 1616 neque
971 1560 1130 1602 bellum
1152 1576 1249 1603 cum
1273 1561 1526 1603 Veientibus

93 1618 229 1667 5fuit3
262 1632 328 1660 res
357 1618 548 1674 proxime
570 1617 746 1658 formam
778 1617 986 1659 latrocinii
1015 1628 1200 1661 venerat.
1265 1619 1528 1676 Legionibus

126 1675 330 1718 Romanis
350 1675 558 1717 cedebant
579 1675 623 1716 in
645 1675 790 1717 urbem
809 1692 818 1716 :
852 1675 926 1717 ubi
955 1676 1158 1718 abductas
1186 1687 1404 1719 senserant
1425 1678 1529 1734 legi-

123 1748 238 1783 ones,
270 1748 390 1790 agros
419 1733 701 1783 incursabant,
733 1733 892 1775 bellum
924 1735 1083 1790 quiete,
1116 1736 1306 1791 quietem
1341 1735 1453 1777 bello
1484 1736 1527 1777 in

124 1791 259 1833 vicem
295 1790 528 1833 eludentes.
592 1790 659 1832 Ita
692 1807 834 1848 neque
871 1792 1011 1834 omitti
1043 1801 1131 1834 tota
1160 1809 1238 1843 res,
1271 1809 1352 1835 nec
1382 1794 1527 1850 perfici

183 1858 312 1891 terat:
347 1858 391 1891 et
407 1848 488 1890 alia
507 1848 618 1891 bella
634 1858 706 1890 aut
727 1850 965 1906 praesentia
982 1850 1208 1901 instabant,
1227 1860 1274 1893 ut
1295 1852 1346 1893 ab
1365 1852 1531 1908 Aequis

125 1864 387 1964 &olscisquffi
410 1923 496 1949 non
517 1907 689 1957 diutius,
705 1923 832 1964 quam
854 1923 1002 1950 recens
1022 1908 1143 1950 dolor
1162 1910 1380 1966 proximae
1399 1909 1529 1951 cladis

126 1966 329 2015 transiret,
364 1965 678 2021 quiescentibus
697 1981 705 2006 :
750 1975 822 2006 aut
858 1981 956 2007 mox
994 1975 1182 2009 moturos
1221 1982 1264 2009 se
1305 1983 1327 2009 a
1344 1968 1531 2024 iparebat

129 2022 306 2065 Sabinos
323 2038 488 2079 semper
510 2023 693 2072 infestos,
714 2022 1017 2079 Etruriamque
1035 2040 1218 2066 omnem.
1265 1983 1350 2067 Seni
1372 2025 1532 2067 Veiens

127 2080 270 2130 hostis,
304 2080 493 2122 assiduus
529 2081 672 2137 magis,
711 2096 838 2136 quam
869 2082 1020 2137 gravis,
1052 2082 1318 2124 contumeliis
1353 2083 1530 2139 saepius,

128 2153 255 2194 quam
277 2137 479 2194 periculo,
501 2138 662 2178 animos
683 2138 889 2193 agitabat:
924 2138 1041 2194 quod
1070 2139 1187 2180 nullo
1218 2149 1406 2196 tempore
1428 2155 1531 2195 neg-

97 2194 201 2252 6ligi
222 2204 398 2252 poterat,
420 2204 492 2236 aut
513 2195 644 2236 averti
660 2195 742 2236 alio
763 2196 937 2237 sinebat.
1001 2196 1040 2237 T
1044 2212 1114 2237 um
1138 2196 1267 2238 Fabia
1286 2212 1390 2252 gens
1410 2213 1531 2239 sena·
1546 2208 1636 2240 Fabii
1653 2207 1749 2238 susci-

131 2262 220 2295 tum
245 2253 362 2294 adiit.
427 2252 589 2294 Consul
616 2268 697 2318 pro
727 2262 853 2309 gente
888 2253 1097 2310 loquitur:
1144 2255 1356 2296 ‘Assiduo
1385 2255 1529 2312 magis,
1546 2253 1637 2292 piunt
1654 2252 1718 2282 ¹³⁰¹·

131 2316 144 2335 ‘
156 2326 282 2368 quam
303 2326 469 2367 magno,
492 2311 713 2367 praesulio,
732 2321 778 2352 ut
799 2311 924 2361 scitis,
943 2311 1089 2353 Patres
1110 2313 1348 2369 conscripti,
1372 2313 1530 2354 bellum
1546 2296 1747 2369 Ιζέῗξυξιᾟῦω

174 2460 192 2483 2
215 2453 292 2483 Non
308 2453 447 2483 l'atrum
470 2453 588 2491 mayis]
619 2451 734 2483 Invitis
756 2462 808 2492 pa·
856 2454 965 2491 uerat]
998 2453 1104 2493 Prope
1127 2453 1241 2483 similis
1263 2458 1330 2483 erat
1357 2453 1533 2485 latrocinio.

133 2493 244 2530 tribus,
260 2499 295 2525 ut
313 2494 447 2525 Niebhr.
465 2494 497 2526 ii.
516 2500 580 2525 not.
599 2505 670 2534 431.
689 2500 811 2531 monet,
856 2497 1008 2527 Pro-rime
1023 2498 1177 2535 sormam,
1194 2497 1356 2536 quomodo
1377 2506 1462 2535 supr.
1483 2506 1533 2535 41.

135 2535 191 2575 qui
208 2536 366 2568 zonaram
384 2542 499 2568 testem
517 2537 659 2568 adhibet.
702 2538 814 2568 Patres
854 2549 915 2578 pro
928 2540 1108 2578 ›im-fidem.

135 2579 275 2609 vividum
297 2581 454 2620 quondam
476 2581 626 2611 Caesonis
647 2582 811 2619 iuyenium
901 2550 1091 2619 diffluebat]
1130 2581 1255 2611 Placuit
1280 2581 1376 2621 igitur
1398 2582 1535 2618 senatui,

135 2631 321 2653 evanescere
339 2621 420 2653 infra
435 2623 538 2662 questi
555 2627 639 2654 flunt.
858 2628 891 2653 ut
911 2624 1105 2663 praesidium
1130 2624 1159 2654 in
1180 2624 1294 2654 tinibus
1309 2624 1373 2661 agri
1394 2625 1534 2655 Romani

180 2673 198 2702 3
223 2666 426 2703 (lt-cuperent
443 2666 575 2703 Patren]
607 2666 731 2696 Durent
751 2665 811 2704 pri-
857 2666 1061 2696 continenter
1088 2666 1267 2697 haberetur.
1322 2668 1385 2697 Sed
1413 2668 1533 2708 duplex

137 2717 174 2736 us
195 2716 326 2746 operum
349 2717 444 2746 quam
467 2707 619 2738 citissime
639 2709 761 2743 Patren.
779 2713 813 2738 ut
857 2710 995 2746 angebat
1023 2710 1207 2745 difficultas,
1232 2714 1300 2740 tum
1326 2711 1411 2749 quod
1441 2721 1534 2750 pecu-

138 2749 197 2779 hne
231 2759 347 2779 munus
376 2750 417 2779 ab
447 2749 586 2789 ipsorum
616 2750 814 2789 benignitate
859 2751 924 2787 niu,
939 2752 1097 2781 exhaustu
1115 2752 1275 2782 coutinuis
1297 2753 1389 2783 bellis
1403 2753 1536 2789 aerario,

138 2793 229 2832 plebi·
246 2791 388 2822 buberet.
413 2793 518 2823 Cum.
550 2793 589 2823 ef.
607 2792 625 2823 i.
645 2803 693 2831 30.
860 2804 923 2823 non
940 2800 1148 2833 nupsit-terem
1170 2800 1238 2825 tum
1256 2796 1341 2835 quod
1362 2806 1424 2826 non
1442 2796 1536 2827 facile

180 2847 199 2873 4
224 2836 337 2865 Verum
353 2836 435 2872 cnse]
452 2845 494 2865 uc.
509 2836 667 2874 Aequum.
692 2835 814 2866 eflinfr.
861 2836 1086 2875 reperirentur,
1102 2837 1154 2877 qui
1180 2838 1210 2868 in
1236 2838 1383 2869 militiam
1407 2849 1535 2878 gnivem

138 2877 181 2908 iii.
205 2887 255 2916 40.
281 2877 319 2907 iv.
347 2887 396 2916 57.
420 2877 489 2908 Cic.
513 2888 568 2917 pro
588 2880 655 2914 Qu.
677 2887 704 2916 5.
734 2878 812 2908 nor.
858 2884 889 2908 et
921 2879 1082 2910 assiduum
1115 2881 1246 2911 nomina
1275 2881 1398 2913 darent.
1458 2882 1537 2913 Ideo

141 2919 244 2960 Epist.
265 2920 290 2951 Ι.
311 2920 360 2950 vii.
378 2924 429 2959 «7⁸.
862 2921 961 2951 Fabia
987 2933 1065 2959 geum
1090 2933 1180 2954 fluam
1204 2924 1328 2955 senatui
1356 2929 1387 2955 et
1414 2925 1535 2965 reipub.

183 2973 199 3001 5
226 2965 377 2994 Pras-irm-
398 2964 539 3001 sormam
572 2964 733 2993 latrocinii
767 2974 812 2993 ve-
859 2974 988 3003 opernm
1006 2966 1108 2997 nss'ert.
1141 2966 1235 2998 Dion.
1254 2966 1296 2998 ix.
1314 2977 1367 2999 το.
1383 2978 1450 3007 sqq.
