1934 3211
185 482 260 514 Mil.

403 185 488 224 350
915 179 1064 221 TITI
1104 178 1283 221 LIVII

186 286 230 317 U.
248 286 286 317 C.
305 284 375 324 366.
403 272 550 313 tariam
567 287 719 328 magna
733 285 827 327 pars
844 270 1045 319 crederet,
1060 269 1276 310 subtraxit.
1321 267 1617 323 Interregnum
1632 266 1796 307 initum.

184 329 224 359 Α·
247 329 285 359 C.
304 327 375 366 386.
404 329 451 370 P.
479 328 702 370 Cornelius
734 328 874 384 Scipio
904 327 1103 376 interrex,
1134 335 1176 367 et
1205 333 1300 381 post
1330 340 1427 366 eum
1459 324 1521 365 M.
1541 324 1691 365 Furius
1716 323 1830 367 Ca-4

185 398 223 428 L.
242 398 377 428 Valerio
404 386 555 427 millus.
619 385 660 426 Is
692 386 880 426 tribunos
909 384 1091 424 militum
1123 382 1330 424 consulari
1361 390 1566 438 potestate
1597 389 1722 430 creat,
1746 380 1796 422 L.

186 440 235 470 11.
256 444 316 472 etc.
336 441 390 472 Tr.
404 443 621 484 Valerium
642 442 904 484 Publicolam
935 441 1100 489 iterum,
1124 440 1173 481 L.
1190 439 1445 495 Virginium,
1468 438 1515 479 P.
1535 437 1796 487 Cornelium,

404 501 458 542 A.
479 500 702 549 Manlium,
738 499 787 540 L.
806 497 1051 546 Aemilium,
1085 497 1133 538 L.
1154 496 1430 537 Postumium.
1494 495 1556 536 Hi
1586 510 1639 536 ex
1669 495 1799 536 inter-

403 573 533 613 regno
567 572 699 613 quum
732 555 944 610 extemplo
977 554 1265 608 magistratum
1297 553 1484 602 inissent,
1518 552 1635 593 nulla
1666 552 1719 593 de
1753 567 1796 592 re

403 616 531 671 prius,
573 629 700 670 quam
746 613 798 653 de
849 611 1134 666 religionibus,
1177 617 1369 650 senatum
1414 609 1671 650 consuluere.
1745 608 1799 649 In

404 671 549 728 primis
568 671 738 711 foedera
758 684 805 710 ac
825 668 938 723 leges
959 667 1098 723 (erant
1126 674 1266 707 autem
1292 680 1365 706 eae
1387 665 1612 706 duodecim
1633 665 1797 706 tabulae

405 737 448 769 et
493 727 699 783 quaedam
739 725 876 781 regiae
916 723 1049 779 leges)
1094 722 1299 779 conquiri,
1342 738 1448 777 quae
1495 730 1796 777 comparerent,

405 786 638 826 iusserunt:
673 782 753 823 alia
783 797 836 822 ex
866 781 916 821 iis
946 781 1060 821 edita
1087 780 1213 821 etiam
1241 779 1286 819 in
1313 779 1486 835 vulgus:
1521 794 1628 834 quae
1657 786 1828 821 autem5

404 842 457 882 ad
488 856 601 881 sacra
630 839 912 895 pertinebant,
939 853 963 878 a
993 837 1263 893 pontificibus
1295 837 1490 886 maxime,
1516 844 1564 876 ut
1595 836 1797 891 religione

404 898 622 939 obstrictos
651 897 854 937 haberent
880 894 1162 935 multitudinis
1193 894 1365 942 animos,
1392 908 1621 949 suppressa.

1684 893 1797 934 Tum

403 955 455 997 de
487 955 636 995 diebus
666 953 868 1008 religiosis
904 952 1049 1008 agitari
1082 960 1292 1007 coeptum,
1325 950 1523 1006 diemque
1557 959 1652 991 ante
1684 950 1829 992 diem6

401 1026 462 1052 XV
487 1011 702 1052 Kalendas
726 1009 917 1059 Sextiles,
940 1009 1099 1064 duplici
1128 1008 1245 1049 clade
1274 1007 1494 1063 insignem,
1521 1007 1626 1063 (quo
1648 1007 1716 1048 die
1745 1007 1799 1048 ad

406 1069 652 1110 Cremeram
682 1067 801 1108 Fabii
832 1067 954 1116 caesi,
977 1081 1061 1122 quo
1091 1065 1246 1106 deinde
1269 1065 1322 1106 ad
1350 1064 1507 1105 Alliam
1539 1079 1634 1105 cum
1667 1064 1798 1106 exitio

402 1127 517 1167 urbis
537 1126 659 1167 foede
681 1124 937 1181 pugnatum)
958 1139 982 1164 a
1001 1123 1229 1179 posteriore
1259 1122 1376 1163 clade
1399 1121 1635 1163 Alliensem
1655 1121 1799 1178 appel-

402 1183 553 1232 larunt,
576 1183 869 1238 insignemque
899 1181 960 1222 rei
980 1180 1086 1220 nulli
1112 1179 1278 1235 publice
1306 1179 1584 1235 privatimque
1610 1181 1797 1235 agendae

402 1241 603 1282 fecerunt.

670 1239 870 1288 Quidam,
913 1238 1027 1294 quod
1067 1237 1267 1293 postridie
1313 1235 1414 1277 Idus
1458 1235 1671 1284 Quintiles
1710 1245 1828 1278 non?

402 1298 559 1339 litasset
576 1297 785 1353 Sulpicius
799 1296 992 1337 tribunus
1006 1294 1200 1343 militum,
1216 1309 1355 1349 neque
1370 1293 1541 1334 inventa
1553 1308 1655 1349 pace
1669 1293 1797 1334 deum
1810 1303 1829 1333 8

401 1364 495 1410 post
517 1355 629 1396 diem
651 1354 822 1395 tertium
851 1353 1038 1394 obiectus
1059 1351 1169 1392 hosti
1197 1351 1406 1392 exercitus
1436 1350 1655 1391 Romanus
1676 1357 1796 1399 esset,

401 1413 527 1453 etiam
543 1411 742 1467 postridie
761 1410 862 1451 Idus
879 1410 1002 1450 rebus
1019 1409 1172 1449 divinis
1193 1407 1454 1463 supersederi
1469 1407 1626 1448 iussum
1641 1423 1650 1448 ι
1683 1407 1796 1457 inde,

402 1477 448 1509 ut
469 1469 668 1524 postridie
685 1467 900 1509 Kalendas
922 1481 1091 1522 quoque
1115 1480 1162 1506 ac
1177 1464 1324 1505 Nonas
1345 1464 1493 1505 eadem
1510 1464 1655 1520 religio
1677 1472 1796 1514 esset,

402 1525 603 1566 traditum
623 1533 786 1579 putant.

461 1581 555 1622 Nec
570 1581 644 1621 diu
663 1581 782 1621 licuit
799 1580 952 1635 quietis
966 1579 1139 1620 consilia
1154 1579 1378 1634 erigendae
1396 1594 1450 1619 ex
1466 1587 1551 1620 tam
1567 1579 1684 1634 gravi
1699 1594 1798 1620 casu

402 1638 655 1694 reipublicae
677 1652 819 1678 secum
841 1637 1007 1691 agitare.

1071 1635 1187 1675 Hinc
1208 1635 1364 1685 Volsci,
1387 1644 1550 1677 veteres
1569 1636 1721 1685 hostes,
1743 1635 1798 1677 ad

404 1694 761 1750 exstinguendum
793 1708 948 1734 nomen
992 1692 1234 1732 Romanum
1275 1707 1389 1732 arma
1424 1701 1645 1747 ceperant3
1697 1692 1796 1733 hinc

405 1753 597 1794 Etruriae
625 1750 865 1806 principum
894 1764 946 1790 ex
969 1749 1162 1789 omnibus
1190 1748 1356 1804 populis
1384 1748 1715 1790 coniurationem
1742 1749 1796 1790 de

403 1809 526 1858 bello,
548 1809 602 1849 ad
629 1808 774 1848 fanum
795 1807 1053 1849 Voltumnae
1081 1805 1246 1854 factam,
1276 1814 1526 1846 mercatores
1554 1806 1794 1847 afferebant.

405 1866 553 1907 Novus
593 1880 762 1921 quoque
814 1872 945 1904 terror
984 1870 1212 1903 accesserat
1259 1861 1495 1903 defectione
1546 1862 1796 1904 Latinorum

405 1922 787 1977 Hernicorumque,
830 1921 916 1976 qui,
958 1928 1051 1975 post
1091 1934 1279 1974 pugnam
1314 1919 1368 1959 ad
1402 1918 1541 1959 lacum
1580 1919 1794 1974 Regillum

402 1980 565 2029 factam,
589 1993 665 2035 per
684 1993 816 2018 annos
840 1992 970 2033 prope
992 1984 1163 2017 centum
1184 1990 1404 2031 nunquam
1432 1975 1627 2031 ambigua
1646 1976 1730 2017 fide
1751 1976 1828 2023 in9

450 2115 469 2141 4
497 2104 620 2134 Furius
646 2102 810 2133 Camillus
855 2103 890 2132 Is
913 2102 1074 2139 tribunos]

402 2147 422 2175 J
423 2150 526 2176 terum
543 2149 615 2184 post
625 2146 780 2175 Camillus
793 2143 900 2174 omisit
911 2143 1076 2183 Kreyssig.

402 2198 498 2225 quam
522 2197 632 2217 vocem
649 2186 790 2218 Crevier.
812 2190 843 2216 et
868 2186 1009 2216 Bekker.
1031 2195 1076 2215 re-

402 2229 506 2259 tinent
533 2239 607 2259 cum
633 2228 895 2267 interpunctione
922 2232 997 2257 ante
1025 2237 1076 2257 vo—

402 2281 471 2301 cem
495 2273 539 2302 Is.
585 2270 727 2301 Strothio
752 2274 862 2300 autem
890 2270 998 2309 placet
1022 2270 1075 2300 ite-

401 2324 472 2343 rum
490 2314 530 2343 ad
547 2317 735 2352 sequentem
749 2321 860 2341 vocem
874 2312 1076 2341 referendum

402 2365 480 2392 esse,
493 2360 525 2385 et
537 2355 665 2385 Livium
679 2355 785 2384 dicere
795 2353 945 2391 voluisse,
955 2353 1076 2384 Camil-

403 2398 470 2427 lum
487 2397 603 2427 iterum
616 2398 698 2427 adeo
714 2400 842 2426 strenue
858 2395 1076 2434 interregnum

401 2439 544 2478 gessisse,
568 2443 614 2476 ut,
638 2438 732 2469 sicuti
756 2442 851 2468 antea
877 2448 961 2477 supr.
979 2447 1007 2467 v.
1028 2444 1076 2475 17,

403 2483 431 2511 is
455 2482 487 2511 in
512 2481 693 2520 interregno
722 2490 787 2510 non
817 2480 918 2509 alium
945 2479 1075 2509 interre-

403 2533 475 2562 gem
507 2524 666 2563 proderet,
695 2532 801 2561 neque
834 2522 992 2558 consules,
1022 2521 1077 2550 sed

403 2565 548 2595 tribunos
563 2568 692 2595 crearet.

449 2616 465 2646 5
489 2609 568 2637 Alia
586 2618 626 2637 ex
644 2607 700 2644 iis]
732 2605 807 2636 Alia
834 2614 943 2635 earum
969 2605 1077 2644 legum

405 2649 512 2688 capita
525 2649 746 2688 publicarunt:
764 2658 846 2687 quae
859 2648 899 2677 ad
910 2656 999 2677 sacra
1009 2656 1077 2685 per-

405 2691 563 2728 tinebant,
578 2700 757 2729 suppressa.
782 2690 887 2720 ΟΜΝ.

447 2731 467 2762 6
492 2734 543 2763 De
572 2734 682 2763 diebus
711 2732 882 2771 reliyiosi.5:]
923 2729 1077 2770 Religiosi

406 2773 472 2803 dies
502 2774 663 2811 dicuntur,
686 2777 767 2803 teste
799 2774 837 2803 A.
864 2773 951 2803 Gell.
978 2772 1019 2803 ἰν.
1047 2782 1077 2812 9.

405 2814 487 2843 tristi
512 2815 618 2845 omine
640 2815 776 2845 infames
798 2814 1021 2854 impeditique,
1045 2814 1077 2844 in

407 2855 522 2893 quibus
546 2861 577 2885 et
602 2867 650 2886 res
673 2857 797 2887 divinas
820 2857 935 2893 facere,
955 2860 987 2886 et
1010 2865 1077 2886 rem

407 2896 592 2936 quampiam
609 2908 725 2928 novam
742 2898 880 2928 exordiri
896 2902 1076 2937 temperan-

1122 2102 1199 2131 dum
1217 2104 1274 2131 est.
1298 2100 1404 2132 CREV.

1168 2152 1183 2181 7
1208 2144 1358 2180 Quidam,
1380 2143 1464 2183 quod
1482 2143 1653 2182 postridie]
1684 2143 1737 2174 De
1759 2154 1798 2175 ea

1122 2195 1155 2214 re
1175 2185 1238 2216 vid.
1257 2185 1295 2215 A.
1314 2185 1401 2215 Gell.
1419 2196 1447 2215 v.
1468 2192 1515 2224 17.
1546 2188 1579 2215 et
1594 2195 1680 2225 supr.
1697 2195 1726 2217 V.
1746 2187 1796 2226 38.

1122 2228 1275 2258 Ceterum
1289 2231 1361 2266 post
1373 2228 1455 2258 diem
1470 2228 1598 2258 tertium
1613 2228 1736 2258 dictum
1749 2232 1798 2259 est

1122 2279 1180 2307 pro
1195 2271 1246 2300 die
1262 2271 1355 2300 tertio
1367 2274 1439 2308 post
1449 2281 1458 2299 .·
1483 2270 1597 2299 eodem
1616 2269 1682 2300 fere
1699 2271 1796 2301 modo

1121 2316 1196 2341 ante
1209 2312 1290 2342 diem
1302 2313 1340 2341 X
1347 2312 1549 2342 VKalendas
1565 2321 1622 2350 pro
1637 2313 1689 2343 die
1703 2313 1796 2352 quin-

1122 2357 1152 2383 to
1168 2354 1287 2384 decimo
1302 2358 1377 2384 ante
1392 2354 1569 2383 Kalendas.
1594 2353 1709 2384 Daffl.

1164 2395 1183 2425 8
1206 2397 1321 2435 Νεᾳῑιε
1345 2396 1478 2425 inventa
1497 2405 1579 2433 pace
1602 2396 1713 2433 deum]
1739 2395 1796 2433 Et,

1122 2436 1197 2466 licet
1214 2436 1333 2476 placati
1347 2436 1392 2466 dii
1407 2446 1471 2466 non
1487 2439 1604 2474 essent,
1614 2436 1691 2467 licet
1706 2438 1797 2468 nulla

1120 2478 1293 2517 impetrata
1306 2482 1410 2508 essent
1423 2478 1512 2517 signa
1527 2478 1686 2518 propitiae
1698 2479 1795 2510 deum

1123 2520 1306 2550 voluntatis.
1331 2521 1436 2551 ΟΜΝ.

1165 2572 1184 2602 9
1207 2564 1275 2593 Per
1290 2573 1393 2592 annos
1405 2573 1507 2602 prope
1522 2565 1666 2602 centum]
1686 2563 1796 2594 Latini

1122 2614 1249 2643 semper
1272 2604 1305 2634 in
1330 2604 1393 2634 fide
1423 2608 1606 2635 manserant
1636 2608 1709 2644 post
1737 2615 1795 2644 pu-

1121 2656 1217 2685 gnam
1241 2647 1283 2677 ad
1303 2646 1469 2685 Regillum
1490 2647 1608 2684 lacum,
1624 2657 1644 2677 a
1658 2657 1722 2686 qua
1743 2647 1797 2678 hic

1122 2699 1225 2718 annus
1244 2692 1292 2718 est
1315 2688 1508 2719 centesimus
1525 2689 1736 2720 duodecimus
1755 2699 1795 2720 ex

1123 2730 1228 2767 Livio,
1241 2731 1436 2761 centesimus
1450 2740 1554 2761 nonus
1566 2741 1606 2761 ex
1619 2730 1793 2771 Dionysio:

1124 2772 1270 2809 Hernici,
1294 2776 1366 2812 post
1395 2773 1508 2803 foedus
1537 2783 1610 2803 cum
1639 2772 1795 2803 Romania

1123 2814 1223 2844 ictum
1240 2814 1295 2853 Sp.
1312 2814 1424 2845 Cassio
1444 2818 1477 2845 et
1493 2815 1632 2845 Proculo
1649 2814 1794 2853 Virginio

1122 2856 1318 2893 consulibus,
1330 2859 1405 2886 ante
1420 2866 1520 2886 annos
1534 2865 1636 2894 prope
1651 2859 1792 2892 centum,

1122 2897 1187 2928 sive
1204 2902 1276 2928 octo
1292 2908 1389 2936 supra
1403 2897 1585 2937 nonaginta.
1609 2897 1714 2928 CREV.
