1934 3211
425 229 478 267 52
942 224 1090 266 TITI
1131 225 1310 268 LIVII

423 327 657 369 exercitum
697 341 866 368 omnem
905 326 1251 367 suovetaurilibus
1291 325 1502 367 lustravit:
1545 326 1674 383 idque
1714 340 1846 374 con-9

422 385 560 426 ditum
578 385 756 426 lustrum
778 383 1046 441 appellatum,
1065 384 1165 440 quia
1185 384 1218 425 is
1239 383 1450 425 censendo
1467 383 1563 425 finis
1583 384 1717 426 factus
1734 391 1810 426 est.

424 442 565 484 Millia
591 443 804 499 octoginta
824 457 874 483 eo
901 441 1031 483 lustro
1052 442 1207 483 civium
1234 457 1358 483 censa
1379 441 1588 483 dicuntur.
1651 441 1815 483 Adjicit

423 501 672 558 scriptorum
702 500 1016 556 antiquissimus
1047 499 1198 540 Fabius
1228 499 1384 549 Pictor,
1411 514 1568 549 eorum,
1601 500 1675 556 qui
1706 499 1814 541 ferre
1831 513 1844 534 1

423 574 538 600 arma
556 566 737 615 possent,
753 573 850 599 eum
871 572 1094 598 numerum
1109 557 1246 598 fuisse.
1291 556 1364 598 Ad
1385 572 1477 598 eam
1498 557 1816 598 multitudinem

423 617 522 657 urbs
557 631 726 672 quoque
768 615 1061 671 amplificanda
1099 615 1188 655 visa
1222 622 1294 655 est.
1358 614 1495 655 Addit
1533 614 1639 656 duos
1674 614 1814 664 colles,

428 674 693 723 Quirinalem
719 672 1073 729 Viminalemque.
1136 671 1242 712 Inde
1275 671 1474 728 deinceps
1507 680 1632 728 auget
1662 665 1847 738 Esqui-}

423 731 520 773 lias:
554 731 699 787 ibique
728 731 829 787 ipse,
852 739 899 771 ut
922 730 1014 771 loco
1043 730 1225 786 dignitas
1249 729 1380 779 fieret,
1406 729 1581 771 habitat.
1645 707 1848 785 Aggere4

424 798 467 830 et
486 789 604 830 fossis
625 798 667 830 et
688 803 806 829 muro
828 787 1059 828 circumdat
1078 789 1250 829 urbem:
1285 788 1344 829 ita
1363 787 1624 843 pomoerium
1644 786 1812 843 profert.

424 846 707 895 Pomoerium,
730 845 846 886 verbi
866 846 951 886 vim
972 845 1100 886 solam
1117 846 1341 910 intuentes,
1362 845 1665 901 postmoerium
1685 844 1846 887 inter-5

423 913 642 969 pretantur
661 918 762 944 esse.
825 902 901 944 Est
916 911 1057 944 autem
1077 903 1209 959 magis
1225 903 1334 943 circa
1353 917 1521 943 murum
1541 902 1670 952 locus,
1687 917 1816 958 quem

422 962 468 1002 in
485 961 717 1002 condendis
738 961 909 1001 urbibus
922 960 1135 1026 quondam
1158 960 1337 1010 Etrusci,
1352 975 1436 1016 qua
1451 975 1619 1001 murum
1646 959 1816 1001 ducturi

423 1027 554 1068 erant,
589 1019 712 1059 certis
747 1019 856 1059 eirca
890 1018 1078 1059 terminis
1118 1019 1367 1073 inaugurato
1403 1018 1723 1059 consecrabant:
1766 1026 1815 1059 ut

423 1091 562 1132 neque
594 1076 792 1117 interiore
828 1084 944 1132 parte
978 1075 1168 1116 aedificia
1203 1076 1422 1117 moenibus
1452 1075 1813 1125 continuarentur,

423 1149 530 1190 quae
566 1148 680 1174 nunc
710 1133 835 1189 vulgo
872 1133 997 1174 etiam
1028 1133 1314 1189 coniungunt3
1358 1143 1401 1174 et
1430 1133 1690 1175 extrinsecus
1718 1133 1816 1190 puri

422 1191 583 1248 aliquid
605 1192 656 1232 ab
676 1191 861 1231 humano
883 1191 1000 1232 cultu
1026 1199 1188 1256 pateret
1186 1168 1299 1231 Usoli.
1363 1190 1459 1231 Hoc
1483 1192 1676 1246 spatium,
1699 1190 1815 1247 quod

421 1264 560 1305 neque
589 1248 779 1298 habitari,
805 1264 944 1304 neque
971 1248 1077 1289 arari
1100 1249 1161 1289 fas
1188 1258 1288 1297 erat,
1311 1263 1397 1289 non
1427 1248 1558 1304 magis
1579 1249 1694 1304 quod
1720 1258 1816 1305 post

422 1322 590 1348 murum
630 1315 750 1356 esset,
793 1321 918 1362 quam
968 1306 1083 1362 quod
1130 1321 1274 1346 murus
1320 1314 1414 1362 post
1453 1305 1510 1356 id,
1551 1307 1815 1362 pomoerium

424 1364 607 1406 Romani
655 1364 941 1421 appellarunt:
994 1373 1037 1405 et
1083 1364 1127 1404 in
1175 1364 1288 1405 urbis
1332 1364 1593 1405 incremento
1633 1379 1813 1420 semper,

423 1431 629 1478 quantum
650 1422 817 1463 moenia
835 1436 1078 1477 processura
1098 1430 1229 1471 erant,
1253 1429 1416 1462 tantum
1445 1421 1613 1463 termini
1640 1421 1685 1462 hi
1715 1436 1815 1463 con-

423 1480 572 1521 secrati
593 1479 922 1536 proferebantur.

482 1538 623 1578 Aucta
643 1537 810 1578 civitate
827 1536 1118 1592 magnitudine
1139 1537 1266 1586 urbis,
1282 1536 1470 1577 formatis
1485 1536 1680 1578 omnibus
1700 1536 1816 1578 domi

208 514 372 545 Numerus

207 566 336 588 civium.

210 682 295 713 Urbs
310 695 375 714 am-

207 726 361 765 plificata.

274 1545 343 1583 45.

206 1599 403 1630 Communia

314 1644 343 1673 R
424 1603 467 1636 et
488 1595 542 1636 ad
562 1595 660 1636 belli
682 1603 724 1636 et
745 1594 798 1635 ad
818 1595 932 1650 pacis
960 1601 1069 1644 usus,
1092 1609 1145 1635 ne
1167 1609 1332 1650 semper
1352 1594 1476 1635 armis
1497 1610 1598 1650 opes
1625 1595 1814 1650 acquire-

207 1653 296 1673 sacra
348 1653 410 1675 (tm-

423 1662 580 1703 rentur,
603 1652 776 1694 consilio
797 1667 949 1708 augere
971 1652 1194 1708 imperium
1215 1661 1388 1693 conatus
1409 1660 1493 1701 est3
1526 1651 1650 1693 simul
1671 1660 1714 1693 et
1740 1652 1816 1694 ali-

1140 1806 1236 1834 quam
1254 1795 1405 1832 veritatis,
1426 1795 1530 1835 arguit
1546 1797 1661 1836 Polyb.
1677 1796 1698 1828 i.
1719 1806 1765 1836 14.
1783 1801 1815 1828 et

423 1802 536 1838 postea
551 1808 702 1837 campum
719 1796 874 1828 Martium
893 1797 1096 1836 appellatum

1140 1838 1184 1869 iii.
1202 1839 1230 1868 8.
1248 1843 1279 1868 et
1296 1849 1324 1880 9.
1371 1839 1537 1877 Ceterum,
1553 1839 1611 1870 etsi
1627 1849 1723 1870 nemo
1739 1844 1815 1870 ante

423 1841 518 1871 fuisse
545 1841 656 1871 Livius
681 1844 849 1877 memorat,
875 1839 907 1869 ii.
936 1848 964 1878 5.
1019 1839 1095 1869 Vid.

424 1893 506 1922 quae
535 1883 761 1913 annotabimus
790 1883 831 1912 ad
861 1882 946 1912 hunc
978 1882 1094 1912 locum.

423 1926 530 1958 szv.

470 1978 489 2009 9
517 1968 810 2005 Suovetaurilibus]
860 1966 1097 1998 Circumductis

422 2015 471 2041 ter
501 2011 620 2042 circum
650 2010 826 2041 exercitum
858 2020 957 2046 verre,
986 2009 1096 2046 ariete,

422 2057 534 2091 tauro;
557 2054 673 2085 deinde
689 2053 787 2083 Marti
803 2052 987 2083 immolatis.
1033 2052 1096 2082 Pro

424 2107 512 2127 verre
536 2097 711 2136 Dionysius
732 2096 830 2126 habet
853 2095 987 2125 hircum.
1033 2095 1096 2125 Sed

423 2149 497 2169 eum
513 2140 658 2170 refellere
674 2139 800 2168 videtur
814 2138 884 2177 ipsa
898 2139 1096 2168 suovetauri-

423 2183 502 2212 lium
530 2181 719 2222 appellatiO.
777 2181 870 2220 Supr.
895 2182 944 2211 28.
974 2180 1095 2210 mentio

423 2223 487 2254 iam
508 2225 594 2255 facta
614 2229 662 2255 est
684 2224 823 2254 lustralis
837 2223 994 2258 sacrificii,
1010 2223 1094 2262 quod

423 2267 554 2298 fortasse
576 2268 662 2298 idem
679 2270 726 2297 est
741 2276 814 2296 cum
833 2266 883 2296 his
895 2267 1093 2296 suovetauri-

423 2311 514 2340 libus.
550 2310 624 2340 Alia
638 2309 794 2348 reperitur
808 2308 986 2348 appellatio
1001 2308 1097 2338 huius

422 2352 580 2390 sacrificii,
605 2352 822 2383 solitaurilia:
860 2361 925 2390 qua
951 2351 991 2381 de
1018 2360 1095 2380 voce

422 2394 486 2425 vid.
503 2395 646 2425 Festum.
670 2394 775 2425 Cam.

469 2447 481 2468 1
502 2439 702 2477 Scriptorum
717 2437 957 2476 antiquissimus
972 2436 1095 2466 Fabius

422 2481 550 2518 Pictor]
588 2480 709 2510 Eorum
737 2479 790 2518 qui
816 2478 981 2508 historiam
1007 2478 1095 2517 apud

423 2522 590 2553 Romanos
631 2522 794 2561 scripsere,
834 2520 1092 2559 antiquissimus:

422 2565 476 2604 qui
507 2571 614 2596 tamen
645 2574 756 2595 recens
780 2563 955 2594 admodum
984 2566 1096 2593 auctor

422 2607 592 2644 videbitur,
607 2607 632 2637 si
648 2610 851 2646 comparetur
865 2606 906 2636 ad
922 2605 1094 2645 primordia

422 2651 509 2680 urbis
539 2651 675 2681 Romae.
727 2649 818 2679 Vixit
847 2648 933 2679 enim
963 2647 1094 2678 secundi

424 2692 539 2723 Punici
566 2693 643 2723 belli
668 2691 876 2732 temporibus,
899 2695 935 2721 ut
960 2695 1096 2721 testatur

423 2734 534 2765 Livius
554 2735 646 2772 infra,
662 2735 739 2765 xxii.
758 2742 784 2774 7.
830 2733 998 2773 Scripsisse
1021 2743 1095 2764 eum

423 2775 548 2807 Graece
570 2778 667 2808 tradit
689 2777 786 2808 Dion.
803 2776 823 2807 i.
839 2774 869 2807 6.
894 2775 1020 2813 Latine,
1041 2776 1094 2806 do-

424 2822 475 2848 cet
491 2819 615 2856 Cicero,
631 2821 671 2850 de
688 2820 742 2851 Or.
762 2819 793 2850 ii.
817 2828 833 2858 5
839 2829 866 2858 5.
888 2822 920 2849 et
940 2819 980 2849 de
998 2819 1093 2858 Legg.

424 2860 444 2890 i.
461 2859 490 2890 6.
507 2864 542 2890 ut
562 2862 706 2892 videatur
728 2865 862 2900 utraque
886 2861 995 2901 lingua
1009 2860 1094 2891 idem

424 2907 645 2942 argumentum
681 2908 841 2934 tractasse.
902 2904 986 2934 Eum
1023 2904 1096 2943 plus

424 2955 526 2984 aequo
542 2944 654 2975 favisse
672 2946 828 2976 Romanis
850 2946 881 2980 in
904 2945 1047 2982 historia,
1063 2950 1095 2976 et

424 2987 584 3018 interdum
601 2987 821 3017 studiosiorem
843 2987 938 3018 fuisse
962 2988 1094 3027 patriae.

1140 1891 1213 1911 eum
1231 1882 1399 1912 Romanus
1420 1881 1535 1912 iustam
1560 1882 1724 1912 historiam
1741 1893 1813 1913 con-

1140 1923 1275 1961 diderat,
1302 1927 1412 1954 tamen
1444 1924 1544 1961 Fasti,
1570 1925 1815 1963 Commentarii,

1141 1967 1284 1997 Annales
1306 1978 1325 1997 a
1353 1967 1557 2006 pontificibus
1578 1968 1813 2007 componeban-

1140 2013 1202 2046 tur,
1225 2010 1265 2039 de
1288 2010 1402 2048 quibus
1422 2009 1483 2041 vid.
1500 2014 1655 2047 nostrum,
1670 2010 1712 2041 iv.
1730 2020 1757 2050 3.
1782 2015 1814 2041 et

1140 2062 1179 2082 ea
1194 2062 1275 2091 quae
1291 2052 1334 2082 ibi
1349 2053 1584 2083 annotabimus.
1607 2053 1714 2084 CaEv.

1185 2105 1200 2124 2
1224 2096 1401 2135 Deinceps]
1422 2095 1585 2126 Continuo
1597 2095 1718 2126 ordine.
1755 2096 1813 2126 Et-

1141 2137 1226 2167 enim
1242 2147 1335 2168 mons
1348 2137 1534 2177 Esquilinus
1546 2138 1704 2168 Viminali
1719 2149 1813 2179 prox-

1139 2180 1223 2210 imus
1238 2184 1294 2211 est.
1316 2181 1422 2211 Cnssv.

1185 2232 1202 2262 3
1225 2225 1333 2262 Auget
1348 2223 1530 2264 Esquilias]
1559 2223 1687 2254 Additis
1702 2223 1811 2254 aedifi-

1142 2265 1197 2295 ciis
1215 2269 1246 2296 et
1261 2266 1385 2296 incolis.
1429 2267 1598 2306 Esquiliae
1619 2270 1728 2297 autem
1751 2266 1812 2296 for-

1139 2313 1221 2338 tasse
1253 2308 1507 2347 appellationem
1544 2312 1736 2349 acceperant
1770 2310 1812 2339 ab

1138 2352 1278 2388 Eoeulis,
1307 2351 1469 2389 quomodo
1504 2361 1597 2382 mons
1633 2352 1812 2388 Viminalis‚

1139 2392 1289 2432 idemque
1317 2394 1497 2432 Fayutalis,
1527 2405 1548 2424 a
1576 2394 1750 2424 viminibus
1779 2398 1812 2424 et

1130 2436 1239 2474 fayis;
1261 2435 1403 2474 itemque
1414 2446 1506 2466 mons
1517 2437 1811 2476 Querquetulanus,

1138 2478 1192 2516 qui
1210 2482 1320 2517 postea
1332 2478 1473 2515 Caelius,
1485 2488 1505 2508 a
1519 2480 1684 2519 quercetis.
1704 2479 1810 2510 (ἷκεν.

1138 2522 1296 2560 Esquiliis
1325 2531 1365 2551 ex
1396 2520 1579 2551 coniectura
1605 2521 1746 2553 Gronov.
1777 2521 1811 2552 in

1139 2567 1262 2593 textum
1293 2562 1414 2603 recepit
1442 2563 1582 2594 Bekker.
1614 2563 1690 2594 licet
1716 2564 1810 2595 codd.

1138 2606 1259 2636 advers.

1185 2660 1204 2686 4
1231 2649 1374 2687 Ayyere]
1422 2647 1522 2679 Cuius
1551 2648 1685 2689 vestigia
1714 2648 1810 2680 hodie

1138 2695 1282 2728 manent,
1298 2694 1329 2721 et
1344 2691 1486 2721 “locum
1508 2690 1542 2721 in
1563 2691 1692 2731 regione
1715 2691 1810 2731 pesti-

1139 2733 1218 2763 lenti
1254 2734 1415 2764 salubrem
1452 2733 1631 2766 limitant.”
1667 2734 1736 2765 Cic.
1769 2734 1811 2765 de

1141 2776 1224 2815 Rep.
1248 2775 1279 2807 ii.
1299 2774 1328 2807 6.
1373 2776 1506 2807 Murum
1533 2776 1620 2807 hunc
1646 2776 1744 2807 Dion.
1767 2775 1809 2808 iv.

1140 2827 1192 2858 54,
1213 2822 1244 2849 et
1267 2818 1351 2849 Plin.
1378 2819 1424 2850 H.
1446 2819 1490 2850 N.
1512 2819 1557 2850 iii.
1580 2828 1610 2860 9.
1633 2818 1809 2858 Tarquinio

1139 2861 1284 2900 Superbo
1299 2861 1487 2893 attribuunt.
1512 2862 1545 2892 N
1547 2861 1646 2892 iebhr.
1658 2861 1679 2891 i.
1691 2871 1722 2900 p.
1738 2862 1808 2901 387.

1183 2913 1199 2942 5
1223 2905 1470 2942 I’ostmoerium]
1499 2904 1552 2935 Ita
1566 2904 1658 2934 codd.
1671 2903 1726 2934 sed
1739 2908 1810 2943 post

1138 2956 1266 2977 uturum
1302 2957 1341 2977 ex
1379 2946 1562 2977 coniectura
1595 2945 1738 2977 Perizon.
1775 2946 1808 2976 in

1137 2992 1262 3018 textum
1280 2988 1400 3027 recepit
1417 2988 1557 3019 Bekker.
