1934 3211
582 118 709 161 LIB.
744 117 824 159 IX.
871 118 1018 160 CAP.
1057 123 1119 163 17.
1468 124 1550 162 519

148 207 375 250 tationibus
407 208 610 250 volutavit
642 208 845 257 animum,
878 222 948 249 eas
983 218 1130 250 evocat
1165 209 1211 249 in
1245 210 1458 259 medium3
1502 220 1549 251 ut
1567 221 1609 252 U.
1626 221 1664 253 C.
1682 229 1755 260 435·

148 280 348 320 quaerere
382 265 524 315 libeat,
555 264 730 321 quinam
762 273 938 307 eventus
977 265 1182 306 Romanis
1212 267 1348 316 rebus,
1380 267 1414 307 si
1450 282 1546 308 cum
1560 264 1601 296 Α·
1625 265 1663 296 C.
1681 272 1754 303 317·

148 321 395 363 Alexandro
426 322 535 364 foret
565 321 781 371 bellatum,
817 322 984 364 futurus
1023 322 1161 364 fuerit.
1224 322 1461 364 Plurimum
1502 325 1547 366 in

147 378 256 420 bello
283 379 441 436 pollere
462 379 661 421 videntur
688 379 869 421 militum
892 380 1014 436 copia
1041 389 1084 422 et
1104 380 1247 430 virtus,
1271 380 1442 436 ingenia
1469 382 1548 422 im-

145 444 400 492 peratorum,
434 437 603 479 fortuna
641 452 717 493 per
757 437 900 479 omnia
938 437 1136 488 humana,
1173 438 1356 479 maxime
1397 438 1443 478 in
1483 453 1547 480 res

145 493 327 545 bellicas,
348 504 509 552 potens.
574 494 649 544 Ea,
672 503 715 536 et
742 494 907 551 singula
931 495 1115 537 intuenti
1142 504 1186 537 et
1210 495 1416 545 universa,
1439 495 1548 537 sicut

145 551 198 592 ab
233 551 324 593 aliis
363 553 532 609 regibus
570 553 867 609 gentibusque,
902 553 960 594 ita
999 553 1051 594 ab
1092 553 1172 595 hoc
1206 568 1390 610 quoque,
1424 553 1545 595 facile

144 618 359 665 praestant
379 610 584 652 invictum
608 610 850 652 Romanum
872 610 1108 667 imperium.
1171 610 1262 652 Iam
1283 610 1480 667 primum,
1500 620 1546 652 ut
1560 617 1737 648 Alexandri

144 666 284 708 ordiar
303 669 355 709 ab
372 667 551 710 ducibus
571 667 874 724 comparandis,
897 668 1012 709 haud
1032 668 1231 724 equidem
1253 669 1405 718 abnuo,
1428 683 1547 725 egre-
1559 661 1763 734 {tgfflcssssffit

142 723 260 779 gium
281 725 434 767 ducem
454 726 579 768 fuisse
603 725 922 775 Alexandrum3
955 726 1029 767 sed
1050 726 1266 768 clariorem
1288 735 1430 767 tamen
1447 741 1545 768 eum
1559 745 1615 777 tio.
1651 726 1658 734 ⁹
1732 722 1739 733 ¹

111 782 253 832 8facit,
271 783 386 839 quod
410 799 518 824 unus
538 784 630 833 fuit,
648 783 764 839 quod
785 783 1028 825 adolescens
1048 783 1093 825 in
1107 784 1369 825 incremento
1390 799 1544 834 rerum,

141 840 335 882 nondum
375 840 547 882 alteram
581 841 793 882 fortunam
833 850 1044 897 expertus,
1086 841 1276 883 decessit.
1341 841 1404 883 Ut
1444 841 1546 883 alios

142 912 262 954 reges
293 898 426 940 claros
465 899 679 954 ducesque
716 899 920 949 omittam,
959 914 1112 955 magna
1144 899 1340 955 exempla
1373 914 1546 940 casuum

75 971 82 977 ’
109 968 129 1000 9
143 954 450 1006 humanorum3
486 956 522 998 C
544 971 664 1005 7rum,
687 971 816 1011 quem
837 956 1020 998 maxime
1045 956 1199 998 Graeci
1221 956 1415 998 laudibus
1436 956 1546 998 cele-

142 1013 278 1063 brant,
296 1013 413 1069 quid,
428 1014 509 1054 nisi
526 972 651 1069 longa
665 1013 763 1062 vita,
781 1014 889 1055 sicut
906 1013 1117 1070 Magnum
1134 1014 1260 1055 modo
1278 1014 1544 1071 Pompeium,

142 1071 321 1111 vertenti
357 1071 551 1127 praebuit
585 1072 808 1112 fortunae?
852 1070 1115 1112 Recenseam
1152 1071 1281 1113 duces
1315 1072 1544 1121 Romanos,

141 1142 221 1169 nec
252 1143 399 1169 omnes
432 1129 623 1170 omnium
658 1129 874 1178 aetatium,
900 1128 975 1170 sed
1010 1129 1121 1185 ipsos
1157 1144 1240 1178 eos,
1264 1144 1361 1171 cum
1393 1130 1547 1186 quibus

141 1185 384 1227 consulibus
405 1194 478 1228 aut
498 1186 773 1227 dictatoribus
802 1186 1052 1228 Alexandro
1073 1186 1153 1228 fuit
1172 1186 1418 1228 bellandum
1435 1203 1445 1236 3
1480 1187 1545 1228 M.

141 1241 361 1285 Valerium
386 1243 588 1293 Corvum,
609 1243 659 1285 C.
677 1243 890 1285 Marcium
913 1243 1123 1294 Rutilum,
1149 1243 1200 1286 C.
1220 1243 1466 1301 Sulpicium,
1491 1244 1543 1286 Τ.

142 1299 356 1342 Manlium
377 1301 656 1358 Torquatum,
678 1301 730 1349 Q.
748 1301 981 1342 Publilium
1003 1301 1242 1352 Philonem,
1261 1301 1310 1343 L.
1328 1302 1544 1373 Papirimn

144 1358 386 1409 Cursorem,
414 1359 467 1407 Q„
489 1359 665 1401 Fabium
693 1358 947 1410 Maximum,
970 1359 1076 1401 duos
1102 1359 1271 1410 Decios,
1295 1359 1346 1401 L.
1365 1359 1395 1400 W
1410 1359 1545 1401 olum-

113 1431 124 1452 1
143 1416 274 1466 nium,
309 1416 382 1458 Μ’.
404 1416 596 1458 Curium.
661 1416 877 1473 Deinceps
908 1417 1100 1473 ingentes
1129 1426 1365 1473 sequuntur
1393 1417 1484 1467 viri,
1511 1416 1544 1457 si

142 1473 354 1516 Punicum
376 1474 571 1516 Romano
588 1474 880 1531 praevertisset
896 1475 1067 1525 bellum,
1082 1475 1305 1531 seniorque
1321 1475 1364 1515 in
1379 1474 1544 1515 Italiam

142 1531 381 1573 traiecisset.
445 1531 613 1574 Horum
646 1533 689 1573 in
716 1532 906 1589 quolibet
937 1542 1028 1573 tum
1059 1532 1224 1573 indoles
1252 1531 1413 1581 eadem,
1436 1546 1544 1588 quae

140 1589 186 1630 in
210 1588 454 1631 Alexandro
483 1599 584 1640 erat,
607 1590 736 1631 animi
767 1589 1012 1646 ingeniique
1027 1605 1038 1639 ;
1071 1598 1162 1631 tum
1187 1589 1410 1646 disciplina
1436 1589 1546 1630 mili·

142 1647 252 1697 taris,
275 1647 358 1688 iam
389 1647 489 1689 inde
521 1648 573 1688 ab
604 1647 736 1688 initiis
758 1647 872 1689 urbis
903 1647 1056 1689 tradita
1080 1662 1155 1704 per
1185 1661 1347 1697 manus,
1370 1647 1414 1688 in
1448 1647 1546 1688 artis

140 1705 354 1761 perpetuis
385 1705 619 1761 praeceptis
644 1704 859 1746 ordinatae
889 1705 1064 1746 modum
1085 1713 1269 1746 venerat.
1332 1704 1399 1746 Ita
1426 1719 1546 1760 reges

137 1771 351 1818 gesserant
382 1762 515 1811 bella3
554 1763 614 1804 ita
645 1762 800 1804 deinde
834 1771 1051 1804 exactores
1083 1778 1231 1818 regum
1268 1762 1383 1803 Iunii
1417 1762 1545 1803 Vale-

139 1820 299 1876 riiquc3
333 1821 392 1862 ita
420 1820 621 1876 deinceps
653 1819 783 1870 Fabii,
817 1820 1024 1871 Quinctii,
1058 1819 1272 1869 Cornelii3
1306 1820 1364 1861 ita
1394 1819 1546 1861 Furius

109 1892 126 1914 2
143 1877 362 1928 Camillus,
377 1893 505 1935 quem
526 1879 700 1919 iuvenes
722 1878 763 1928 ii,
782 1878 935 1934 quibus
956 1893 1054 1920 cum
1077 1877 1326 1919 Alexandro
1340 1877 1547 1919 dimican-

185 2018 204 2049 8
222 2019 315 2055 Quod
328 2019 512 2057 nnnssuie]
534 2018 634 2054 Quod
652 2018 738 2047 solus
754 2017 821 2047 sine
868 2026 898 2055 p.
916 2017 983 2047 188.
1002 2016 1135 2046 Eusebii
1153 2016 1304 2048 Chronic.
1324 2027 1354 2056 p.
1372 2015 1440 2057 49.)
1464 2018 1548 2048 “sed

143 2061 268 2100 collega
298 2071 347 2091 res
375 2060 481 2100 gessit.
530 2061 682 2090 lntuetur
712 2059 823 2089 Livius

144 2104 312 2134 Romanos
341 2104 451 2140 duces,
476 2102 593 2142 quibus
623 2101 723 2132 additi
756 2102 821 2132 col—

144 2147 234 2185 legae
249 2151 305 2176 aut
324 2151 446 2185 partem
473 2145 578 2175 laudis
596 2144 821 2181 detrahebant,

142 2193 199 2219 aut
224 2189 321 2219 etiam
354 2187 623 2227 impedimentum
653 2188 746 2217 rebus
769 2198 820 2225 ge·

143 2231 250 2262 tendis
274 2232 461 2262 afferebant.
508 2230 594 2260 Vide
622 2240 660 2260 ea
683 2240 766 2268 quae
790 2230 820 2259 in

143 2274 228 2305 hunc
251 2274 445 2305 sententiam
463 2273 607 2313 disputat
630 2277 736 2303 noster
750 2272 822 2303 infr.

146 2317 196 2349 18.
219 2318 327 2348 Cruzv.

186 2370 206 2402 9
230 2360 367 2399 Pyrum]
395 2358 547 2398 Sequitur
561 2358 613 2388 hic
632 2357 742 2388 Livius
756 2357 823 2387 lle-

142 2403 406 2442 rodotu1n‚apud
424 2413 519 2442 quem
534 2403 640 2441 Cyrus
655 2412 674 2431 a
691 2400 794 2439 Tomy
801 2400 822 2430 ri

145 2446 401 2484 Massagetarum
434 2445 543 2483 regina
571 2444 672 2473 victus
702 2454 824 2473 caesus—

145 2499 208 2528 que
224 2494 281 2519 est.
328 2489 390 2518 Sed
405 2488 445 2517 ‹le
461 2487 553 2517 variis
570 2491 712 2516 veterum
731 2496 826 2525 super

146 2531 224 2572 Cyri
246 2535 349 2561 morte
372 2530 539 2560 sententiis
558 2529 673 2560 Hosius
691 2529 730 2558 nd
749 2530 825 2559 (Jur-

146 2573 223 2605 nelii
251 2573 389 2613 Nepotis
412 2573 507 2603 verba
531 2573 596 2603 xxi.
613 2571 653 2610 (s.
671 2572 710 2601 de
732 2571 823 2608 Regi-

147 2616 223 2655 buu)
241 2616 258 2646 i.
276 2618 293 2651 ξ
312 2626 339 2647 2.
362 2617 454 2655 prior
476 2617 588 2645 horum
607 2614 642 2653 (i.
659 2626 686 2645 e.
704 2614 824 2653 (pfl-us)

146 2660 238 2698 apud
260 2660 467 2697 stlaxmffl‘lax
492 2659 524 2687 ιίι
548 2658 670 2697 proelio
691 2658 824 2687 vecitIiI:

148 2702 227 2731 hat-c
246 2701 350 2740 posuit
365 2714 372 2737 ς
395 2704 415 2716 “
429 2701 467 2730 ln
487 2700 608 2738 proelio
625 2704 735 2729 contra
751 2701 825 2738 Scy-

148 2744 220 2774 thas
244 2743 310 2773 nive
341 2744 538 2779 Mammam-lna
564 2753 638 2772 eum
665 2741 828 2777 cecidisse,

149 2787 246 2818 etiam
279 2786 465 2816 Herodotus
490 2785 508 2815 i.
537 2795 607 2822 214.
645 2785 827 2824 Polym-nus

150 2829 214 2860 xiii.
245 2829 388 2859 lustinus
405 2828 423 2858 i.
441 2831 469 2858 8.
487 2832 517 2858 et
541 2827 611 2857 an.
633 2827 721 2857 Mux.
740 2827 757 2856 i.
782 2836 826 2857 Ιο.

149 2872 328 2908 scribunt?
354 2870 454 2911 (udde
481 2869 623 2910 syncelli
650 2870 826 2909 chronogr.

868 2059 899 2088 in
923 2059 992 2089 acie
1016 2063 1146 2098 captum
1165 2063 1196 2089 et
1214 2059 1299 2089 cruci
1316 2060 1449 2089 affixum
1469 2059 1546 2089 Dio-

867 2102 962 2131 dorus
982 2100 1012 2131 ii.
1031 2113 1081 2139 44.
1128 2101 1232 2131 Aliter
1255 2101 1330 2131 item
1360 2101 1547 2141 Xenophon

868 2143 931 2174 viii.
949 2148 981 2173 et
997 2143 1123 2175 Ctesias
1139 2144 1179 2174 de
1195 2143 1343 2180 Persicis,
1356 2143 1411 2183 qui
1428 2143 1459 2174 in
1476 2144 1547 2174 acie

867 2185 1011 2216 saucium
1030 2186 1151 2216 elutum
1168 2191 1199 2216 et
1217 2186 1247 2216 in
1262 2186 1371 2216 castris
1386 2186 1450 2217 suis
1467 2196 1548 2217 mor-

868 2233 959 2258 tuum
998 2229 1100 2265 aiunt,
1133 2234 1303 2268 postquam
1343 2229 1417 2259 filiis
1457 2239 1547 2269 prae-

869 2276 964 2311 cepta
976 2271 1126 2303 ‹lt-disset.
1162 2272 1287 2302 Rursus
1301 2272 1395 2302 aliter
1410 2272 1549 2303 loannes

870 2314 994 2344 Mala-la
1013 2319 1045 2344 et
1064 2314 1226 2344 Luc-ianus
1251 2314 1330 2344 libro
1347 2315 1386 2345 de
1406 2315 1549 2353 Longae-

872 2356 926 2387 vis.
976 2356 1059 2387 Vide
1088 2356 1208 2387 [ssi-rii
1236 2357 1352 2387 Annal.
1381 2357 1422 2388 V.
1448 2357 1487 2387 T.
1518 2367 1548 2396 p.

875 2408 932 2437 140
959 2404 989 2429 et
1019 2401 1110 2439 149.''
1160 2399 1290 2435 Quibus
1320 2399 1399 2429 haec
1430 2400 1549 2430 adiecit

874 2443 944 2471 Vim
964 2443 1117 2472 staveren
1133 2455 1138 2472 ι
1165 2446 1185 2457 “
1198 2443 1291 2471 Adde
1308 2442 1346 2473 Τ.
1362 2442 1548 2473 llemsterh.

872 2485 912 2515 :ul
939 2484 1069 2514 Luciam.
1088 2485 1106 2515 i.
1130 2495 1159 2524 p.
1176 2483 1249 2519 608,
1266 2484 1339 2524 609,
1355 2489 1387 2514 et
1408 2485 1547 2515 wem-1-

871 2527 933 2563 ing.
958 2528 998 2557 ad
1027 2527 1159 2557 Diodori
1187 2527 1292 2556 locum
1321 2532 1352 2556 et
1378 2527 1417 2557 ud
1447 2528 1548 2558 Hero-

871 2570 937 2599 doti
956 2570 975 2600 i.
994 2580 1064 2608 214.
1097 2571 1135 2601 cs.
1153 2569 1250 2600 etium
1265 2569 1394 2600 cumino
1411 2570 1548 2610 itt-{1421

876 2613 990 2643 lim-lir.
1010 2623 1038 2652 μ.
1062 2623 1127 2643 ¹12.

921 2665 928 2685 ι
949 2657 984 2684 Si
1003 2656 1183 2692 Punicum]
1211 2654 1242 2684 si
1263 2655 1448 2685 Alexander
1464 2655 1550 2695 prius

874 2709 946 2728 cum
976 2698 1090 2727 Poenis
1113 2698 1248 2733 bellum,
1264 2708 1360 2737 quum
1385 2709 1458 2729 cum
1484 2699 1548 2729 lto-

874 2741 988 2776 mnnis,
1004 2741 1158 2777 gemisse-t.

917 2794 932 2814 2
958 2786 1057 2820 Quem
1076 2784 1206 2814 iurmws
1221 2785 1263 2821 δι’]
1298 2784 1407 2820 Quem
1434 2783 1452 2815 ii
1481 2783 1548 2824 qui-

874 2827 1006 2856 buscum
1038 2826 1225 2856 Alexandro
1256 2827 1443 2859 bellandum
1471 2832 1550 2861 emt,

875 2869 1006 2900 iun-nes
1021 2879 1130 2900 senem
1150 2868 1304 2902 viderant.
