1934 3211
533 200 659 242 LIB.
690 199 789 241 VII.
837 200 981 242 CAP.
1014 206 1052 243 5.
1408 206 1492 244 403

100 290 162 333 Μ.
182 290 383 333 Horatius
403 290 549 332 consul
569 305 622 331 ex
651 290 743 347 lege
774 289 978 346 templum
1000 289 1112 331 Iovis
1142 291 1291 347 optimi
1319 293 1490 333 maximi
1507 304 1551 336 U.
1568 303 1606 337 C.
1626 312 1697 343 39²·

96 348 308 390 dedicavit
334 362 445 388 anno
466 356 559 404 post
580 362 699 404 reges
730 355 922 389 exactos:
957 362 981 388 a
1001 347 1242 389 consulibus
1263 358 1408 404 postea
1438 349 1491 390 ad
1505 349 1544 378 A.
1568 347 1607 378 C·
1626 345 1696 385 3⁶0·

96 405 331 454 dictatores,
353 404 454 461 quia
474 405 608 446 maius
628 405 853 461 imperium
874 412 975 454 erat,
997 404 1186 446 sollenne
1207 404 1312 447 clavi
1332 405 1492 462 figendi

97 461 342 504 translatum
369 470 442 504 est.
507 461 752 504 Intermisso
777 461 933 504 deinde
959 476 1088 512 more,
1111 462 1242 519 digna
1268 463 1394 505 etiam
1418 478 1494 520 per

96 534 139 561 se
159 519 247 560 visa
266 534 345 570 res,
398 529 539 576 ropter
554 535 681 576 quam
694 519 875 561 dictator
894 528 1117 561 crearetur.
1184 520 1282 568 Qua
1295 520 1348 562 de
1370 535 1495 562 causa
1507 535 1711 566 Manliusde-

96 584 259 618 creatus
295 577 346 618 L.
417 577 564 627 aulius,
595 577 773 634 perinde
814 591 861 618 ac
891 577 1146 633 reipublicae
1181 577 1407 634 gerendae,
1445 579 1627 619 aelectum
1643 578 1699 609 ha-

95 648 182 676 non
202 633 426 676 solvendae
440 634 655 691 religione,
677 634 812 691 gratia
832 642 997 676 creatus
1017 643 1138 685 esset,
1153 635 1312 676 bellum
1334 635 1494 676 Herni-
1505 622 1695 694 ξ’ξζθςξὲζζῗῆ

95 706 192 734 cum
213 691 423 742 affectans,
439 692 608 734 delectu
628 693 777 734 acerbo
798 692 1062 733 iuventutem
1075 692 1270 749 agitavit3
1303 693 1496 734 tandem·
1561 687 1569 701 ’
1697 686 1705 695 ’

96 765 179 807 que
196 750 391 792 omnibus
412 750 457 791 in
474 765 572 791 eum
594 750 773 791 tribunis
788 750 922 806 plebis
939 750 1104 800 coortis,
1126 764 1200 791 seu
1220 750 1274 801 vi,
1289 765 1363 792 seu
1376 765 1495 792 vere-

95 807 252 849 cundia
270 808 418 857 victus,
441 807 649 849 dictatura
669 807 782 848 abiit.

154 864 310 922 Neque
332 880 383 907 eo
414 865 553 906 minus
578 864 712 921 princi
745 865 786 905 io
815 863 1078 920 insequentis
1103 865 1216 915 anni,
1243 866 1296 914 Q.
1320 865 1495 907 Servilio
1586 869 1626 907 4.

97 922 248 973 Ahala,
282 923 331 964 L.
351 922 546 964 Genucio
577 937 706 963 consu
726 922 830 971 ibus,
863 921 953 962 dies
985 921 1150 964 Manlio
1185 923 1340 964 dicitur
1375 938 1399 964 a
1430 923 1493 964 M.
1510 924 1555 956 U·
1572 924 1610 956 C.
1629 932 1700 965 393·

65 989 84 1021 8
97 980 335 1038 Pomponio
352 980 520 1021 tribuno
533 979 677 1036 plebis.
742 979 963 1020 Acerbitas
976 979 1020 1020 in
1034 979 1215 1030 delectu,
1233 995 1319 1021 non
1340 980 1496 1022 damno
1509 969 1549 1046 ὅ·
1567 968 1704 1041 ξέΐξῇζζ

98 1037 225 1079 modo
250 1038 418 1087 civium,
441 1037 515 1078 sed
543 1037 669 1078 etiam
694 1036 947 1078 laceratione
977 1052 1199 1093 corporum
1225 1037 1320 1087 lata,
1342 1039 1494 1094 partim
1510 1034 1558 1084 11',
1578 1053 1614 1083 L.
1629 1051 1693 1082 Ge-

98 1095 225 1151 virgis
255 1096 397 1144 caesis,
421 1095 493 1151 qui
525 1094 578 1135 ad
600 1094 773 1135 nomina
803 1109 890 1136 non
920 1094 1245 1150 respondissent,
1268 1096 1420 1152 partim
1451 1096 1496 1136 in
1508 1094 1605 1126 nucio
1622 1094 1671 1125 11.

97 1152 266 1194 vincula
295 1152 445 1202 ductis,
468 1152 601 1193 invisa
631 1161 744 1193 erat:
778 1159 820 1193 et
852 1159 948 1192 ante
980 1152 1121 1192 omnia
1151 1153 1332 1194 invisum
1357 1153 1495 1209 ipsum
1509 1139 1636 1212 {Effffiio
1649 1179 1717 1210 dies

98 1209 316 1267 ingenium
338 1218 470 1258 atrox,
489 1224 810 1266 cognomenque
834 1208 1052 1264 Imperiosi
1073 1224 1198 1265 grave
1219 1209 1373 1251 liberae
1395 1210 1497 1252 civi—
1509 1223 1606 1254 dicta.

99 1268 188 1317 tati,
211 1268 262 1309 ab
284 1267 564 1309 ostentatione
586 1267 781 1307 saevitiae
805 1267 1005 1316 ascitum3
1039 1281 1166 1322 quam
1191 1282 1279 1308 non
1300 1268 1431 1324 magis
1452 1268 1495 1308 in

99 1324 258 1375 alienis,
281 1340 408 1381 quarn
434 1325 476 1365 in
499 1324 713 1381 proximiS,
737 1339 783 1365 ac
812 1324 1015 1380 sanguiue
1044 1325 1131 1380 ipsc
1163 1339 1238 1366 suo
1266 1334 1493 1367 exerceret.

102 1381 370 1439 Criminique
407 1382 445 1424 ei
483 1382 674 1423 tribunus
707 1381 816 1422 iuter
846 1390 986 1422 cetera
1016 1381 1154 1431 dabat,
1189 1382 1331 1438 ‘quod
1360 1383 1495 1424 filiurn
1511 1391 1678 1423 Acerbitas

101 1445 114 1463 ‘
130 1440 340 1490 iuvenem,
356 1439 511 1480 nullius
531 1438 671 1495 probri
693 1447 970 1495 compertum,
988 1447 1198 1480 extorrem
1221 1440 1337 1489 urbe,
1355 1439 1495 1489 domo,
1510 1435 1578 1507 {5³⁰³
1594 1435 1624 1464 in
1643 1434 1676 1463 fi-

101 1502 115 1522 ‘
129 1498 364 1554 penatibus,
386 1497 489 1546 foro,
512 1497 618 1546 luce,
641 1511 867 1552 congressu
895 1496 1135 1551 aequalium
1157 1496 1430 1552 prohibitum,
1453 1497 1497 1538 in
1525 1488 1601 1508 '⁰¹¹¹’

101 1559 114 1578 ‘
129 1570 234 1612 opus
274 1555 435 1604 servile,
476 1568 605 1611 prope
643 1554 687 1594 in
727 1568 935 1594 carcerem
976 1562 1102 1609 atque
1143 1553 1185 1593 in
1228 1553 1497 1610 ergastulum,

102 1611 314 1654 ‘dederitz
348 1613 421 1654 ubi
449 1626 613 1652 summo
635 1610 726 1651 loco
757 1619 880 1651 natus
900 1610 1144 1651 dictatorius
1174 1610 1337 1652 iuvenis
1359 1613 1499 1668 quoti-

101 1674 113 1694 ‘
129 1670 255 1712 diana
275 1670 441 1711 miseria
461 1668 653 1717 disceret,
670 1683 767 1709 vere
791 1668 1014 1724 imperioso
1034 1676 1152 1724 patre
1167 1683 1209 1709 se
1231 1677 1378 1710 natum
1395 1684 1496 1711 esse.

101 1732 113 1751 ‘
130 1728 191 1769 At
231 1743 358 1784 quam
399 1727 453 1769 ob
493 1726 679 1767 noxam?
720 1725 820 1782 quia
859 1725 1126 1767 infacundior
1165 1726 1231 1776 sit,
1274 1735 1316 1767 et
1355 1725 1501 1783 lingua

67 1795 88 1829 9
102 1789 115 1810 ‘
129 1785 417 1842 impromptus.
485 1783 614 1833 Quod
636 1791 809 1824 naturae
831 1783 1034 1824 damnum
1061 1791 1202 1824 utrum
1224 1784 1498 1826 nutriendum

101 1847 115 1867 ‘
128 1843 250 1900 patri,
271 1842 305 1884 si
327 1843 555 1899 quicquam
580 1842 625 1882 in
646 1856 697 1882 eo
719 1841 893 1882 humani
919 1848 1040 1890 esset,
1063 1855 1116 1881 an
1139 1841 1429 1897 castigandum
1451 1857 1498 1884 ac

102 1905 115 1925 ‘
129 1900 351 1942 vexatione
389 1900 552 1956 insigne
588 1898 828 1940 faciendum
861 1898 1018 1939 fuisse?
1060 1913 1113 1940 ne
1154 1908 1291 1940 mutas
1323 1899 1498 1955 quidem

102 1962 114 1982 ⁶
129 1958 281 2000 bestias
316 1958 456 1998 minus
486 1957 597 1998 alere
631 1971 678 1998 ac
713 1956 866 2005 fovere,
898 1956 931 1997 si
963 1956 1067 2011 quid
1103 1971 1156 1997 ex
1189 1956 1392 2012 progenie
1425 1971 1500 1998 sua

103 2020 116 2040 ‘
131 2030 277 2072 parurn
288 2029 532 2071 prosperum
542 2015 606 2054 sit.
655 2014 727 2062 At,
737 2013 920 2061 hercule,
934 2013 982 2053 L.
995 2012 1206 2054 Manlium
1218 2014 1374 2054 malum
1389 2014 1499 2054 malo

103 2076 116 2097 ‘
131 2087 284 2137 augere
314 2071 401 2120 filii,
425 2081 466 2111 ct
496 2071 735 2111 tarditatem
759 2070 915 2124 ingenii
945 2070 1116 2125 insuper
1139 2085 1354 2125 premere3
1387 2079 1442 2120 et,
1465 2071 1498 2110 si

105 2135 117 2153 ⁸
133 2129 237 2186 quid
255 2129 297 2170 in
315 2144 365 2169 eo
386 2129 586 2183 exiguum
604 2126 804 2167 naturalis
817 2127 968 2181 vigoris
985 2126 1050 2175 sit,
1070 2126 1111 2166 id
1129 2127 1397 2183 exstinguere
1414 2126 1501 2168 vita

105 2192 117 2211 ‘
133 2186 283 2243 agresti
303 2195 345 2226 et
359 2186 513 2226 rustico
534 2185 663 2230 cultu,
683 2184 792 2224 inter
804 2183 988 2240 pecudes
1009 2183 1231 2224 habendo?
1293 2183 1498 2225 Omnium
1591 2196 1628 2233 5,

104 2244 243 2301 potius
264 2243 328 2284 his
349 2242 722 2289 criminationibus,
747 2256 873 2297 quam
895 2241 1024 2298 ipsius
1042 2241 1216 2290 iuvenis,
1233 2241 1415 2283 irritatus
1435 2250 1499 2283 est
1514 2249 1588 2298 Fjlii
1605 2249 1673 2280 eiu·

103 2301 289 2342 animus:
330 2300 433 2356 quin
464 2311 621 2348 contra,
652 2315 693 2340 se
723 2314 892 2355 quoque
923 2299 1085 2355 parenti
1119 2313 1285 2340 causam
1315 2299 1498 2340 invidiae
1513 2297 1624 2332 prem.

104 2367 231 2416 atque
245 2358 468 2400 criminum
490 2372 591 2404 esse,
607 2372 729 2411 aegre
745 2372 899 2413 passus,
917 2365 960 2397 ut
983 2370 1129 2397 onmes
1150 2356 1208 2397 dii
1224 2356 1499 2412 hominesque

105 2479 174 2512 eius
188 2484 235 2511 est
254 2491 273 2511 a
291 2480 394 2516 Livio,
411 2479 474 2511 xxi.
494 2480 541 2519 38.
559 2479 703 2519 aequalis
723 2479 779 2509 1³11-
875 2480 893 2507 5⁴
924 2481 1091 2510 Acerbitas
1124 2480 1159 2509 in
1196 2479 1335 2516 delectu]
1384 2478 1500 2510 Manlii

106 2523 150 2554 bii
183 2522 331 2557 Pictoris,
360 2523 448 2553 bello
482 2523 604 2553 Punico
640 2522 781 2552 secund«.
825 2522 983 2552 acerbitas
1007 2521 1037 2552 in
1062 2522 1314 2561 delectu.qunm
1339 2528 1501 2553 senserant

107 2569 222 2605 eaptus
243 2565 284 2594 ab
303 2564 501 2601 Hannibale,
516 2569 598 2595 teste
616 2563 708 2594 Livio
726 2564 781 2594 ibi—
827 2564 910 2594 cives
930 2574 993 2595 non
1016 2563 1127 2594 multia
1147 2564 1244 2593 modo
1262 2563 1406 2603 irrogatis
1430 2565 1502 2601 sibi.

106 2608 191 2639 dem.
239 2607 338 2638 llunc
364 2607 550 2647 scriptorem
577 2606 779 2637 historiarum
827 2618 909 2645 «μιιιε
932 2607 1064 2647 proinde
1081 2607 1249 2642 damnum,
1264 2606 1331 2636 nive
1347 2606 1500 2637 iacturam

108 2649 202 2680 valde
219 2647 426 2689 probabiliter
442 2649 561 2679 iudicat
581 2649 725 2684 vossius,
741 2649 782 2678 de
828 2649 870 2678 rei
894 2649 1060 2679 familiaris
1084 2649 1305 2688 importarent,
1324 2649 1378 2679 sed
1403 2654 1434 2680 et
1459 2650 1501 2680 la-

109 2691 232 2723 }listor.
257 2690 327 2722 Lat.
352 2691 370 2722 i.
389 2703 416 2729 ⁴·
439 2701 502 2721 nnn
526 2691 685 2721 diversum
715 2701 782 2721 esne
828 2691 989 2721 curatione
1006 2700 1186 2730 corporum.
1210 2691 1317 2722 cmxv.

107 2734 148 2765 ab
165 2734 222 2765 illo
240 2732 276 2765 1..
293 2732 408 2764 Cincio
426 2732 592 2764 Alimento
613 2733 667 2773 qui
694 2742 781 2772 prue-
868 2742 889 2774 9
913 2733 1150 2771 Nutriendum]
1181 2732 1340 2764 Mollibus
1354 2733 1503 2765 remedii·

107 2781 212 2807 turum
241 2775 374 2816 geminae
405 2780 601 2806 memoratur
629 2784 647 2805 n
681 2774 783 2811 Livio,
827 2779 859 2806 et
884 2781 1018 2815 paterna
1040 2775 1241 2814 indulgentia
1263 2775 1502 2808 medicandum.

108 2818 195 2850 xxvi.
220 2827 269 2858 ¹²3.
297 2827 382 2849 anno
411 2817 553 2848 eiusdem
583 2817 660 2848 belli
688 2826 783 2848 nono.
828 2826 913 2857 supr.
931 2817 970 2848 iv.
990 2827 1038 2858 5².
1056 2817 1127 2848 infr.
1145 2817 1253 2849 xxxvi.
1272 2826 1321 2858 35.
1358 2819 1451 2851 Unde
1465 2820 1502 2849 ιἸ-

108 2861 236 2893 Gneca
267 2860 375 2900 lingua
401 2859 459 2891 neri
486 2860 561 2891 aisne
585 2869 657 2890 oum
687 2859 782 2890 hinto-
828 2860 892 2890 lim
915 2861 1056 2890 nutricio
1078 2870 1174 2900 ceper
1193 2861 1365 2892 eonor-teri.
1390 2860 1430 2894 cf.
1447 2859 1502 2892 So·

108 2903 187 2935 riam
204 2914 223 2935 ι
240 2902 414 2944 primordio
431 2913 467 2933 ur
492 2902 516 2933 in
532 2901 626 2933 docet
646 2901 742 2934 Dion.
763 2902 782 2934 i.
829 2903 954 2935 net-,nd
975 2901 1071 2934 ΗυΙν.
1093 2911 1139 2942 ¹7.

107 2945 139 2978 6.
162 2945 269 2978 Cnxv.

1146 3000 1175 3027 n
1196 2986 1223 3028 d
1247 2991 1271 3028 2
