1934 3211
644 182 771 224 LIB.
805 182 858 223 V.
904 182 1051 224 CAP.
1086 186 1124 226 7.
1502 189 1585 228 295

186 271 468 328 ‘longinquae
489 272 828 328 oppugnationis,
846 286 933 314 non
953 273 1015 313 vis
1035 272 1187 313 hiemis
1207 273 1259 314 ab
1280 273 1383 315 urbe
1405 275 1584 316 circum-

185 331 323 370 ‘sessa
341 328 471 370 semel
501 344 694 370 amovere
723 330 866 385 possit,
889 345 968 371 nec
992 329 1119 371 finem
1147 329 1282 371 ullum
1312 330 1441 371 alium
1468 332 1582 381 belli,

185 387 339 440 ‘quam
366 386 598 436 victoriam,
620 387 809 434 noverit;
843 402 923 428 nec
951 387 1114 442 impetu
1142 387 1431 443 potiusbella,
1455 403 1583 443 quam

183 444 196 463 ‘
209 443 530 498 perseverantia,
547 444 690 499 gerat?
722 459 830 499 quae
847 444 892 484 in
906 444 1021 485 omni
1038 444 1212 499 quidem
1225 459 1380 501 genere
1395 445 1582 496 militiae,

183 501 196 520 ‘
210 499 393 541 maxime
438 508 580 541 tamen
621 501 666 541 in
707 501 950 542 obsidendis
991 501 1177 551 urbibus,
1219 502 1452 543 necessaria
1491 511 1580 552 est3

183 558 195 577 ‘
210 570 388 612 quarum
409 556 644 613 plerasque,
667 558 974 599 munitionibus
998 573 1046 599 ac
1067 558 1249 599 naturali
1270 559 1354 600 situ
1374 559 1584 615 inexpug-

183 615 196 634 ‘
209 613 382 663 nabiles,
399 614 508 655 fame
531 615 684 670 sitique
707 624 874 671 tempus
895 616 1032 671 ipsum
1049 616 1180 657 vineit
1200 624 1327 671 atque
1345 626 1579 673 expugnat:

183 673 196 692 ‘
210 670 318 712 sicut
332 670 462 712 Veios
479 673 763 728 expugnabit3
797 673 877 713 nisi
891 672 1049 714 auxilio
1065 672 1255 714 hostibus
1272 673 1430 714 tribuni
1447 674 1584 729 plebis

182 730 194 748 ‘
208 727 378 779 fuerint,
400 736 444 770 et
467 728 628 770 Romae
650 730 891 771 invenerint
911 730 1118 786 praesidia
1138 729 1355 780 Veientes,
1378 746 1486 786 quae
1509 746 1584 772 ne-

182 787 195 806 ‘
210 785 439 841 quicquam
460 786 505 826 in
535 786 706 827 Etruria
727 796 949 843 quaerunt.
1012 787 1087 828 An
1117 796 1181 828 est
1201 788 1443 844 quicquam,
1467 788 1584 844 quod

182 845 195 864 ‘
210 842 466 884 Veientibus
507 852 698 900 optatum
734 859 868 900 aeque
906 845 1150 900 contingere
1191 845 1334 901 possit,
1372 860 1500 900 quam
1536 854 1585 887 ut

182 902 194 921 ‘
209 899 488 941 seditionibus
507 901 692 957 primum
709 902 807 942 urbs
831 901 1037 951 Romana,
1053 902 1209 943 deinde
1226 902 1343 943 velut
1363 917 1417 943 ex
1438 911 1583 944 conta-

183 956 335 1012 ‘gione
365 966 500 999 castra
526 958 812 1014 impleantur?
844 959 916 1008 At,
946 959 1130 1009 hercule,
1158 959 1271 1015 apud
1296 959 1437 1000 hostes
1467 967 1584 1000 tanta

183 1017 195 1035 ‘
211 1013 417 1055 modestia
435 1024 510 1064 est,
533 1024 581 1056 ut
602 1031 688 1056 non
709 1016 939 1057 obsidionis
961 1016 1113 1066 taedio,
1131 1032 1218 1058 non
1239 1017 1425 1073 denique
1448 1017 1581 1073 regni,

183 1071 439 1127 ‘quicquam
470 1072 583 1128 apud
614 1087 685 1114 eos
705 1082 906 1114 novatum
938 1073 1018 1122 sit3
1051 1089 1138 1115 non
1163 1083 1317 1129 negata
1347 1073 1503 1114 auxilia
1530 1074 1582 1114 ab

183 1127 400 1170 ‘Etruscis
430 1129 685 1171 irritaverint
725 1131 898 1171 animos.
962 1130 1174 1172 Morietur
1208 1132 1323 1172 enim
1354 1131 1582 1187 extemplo,

182 1185 455 1242 ‘quicunque
481 1187 561 1228 erit
589 1187 809 1228 seditionis
835 1197 1002 1229 auctor:
1036 1203 1114 1229 nec
1140 1188 1339 1243 cuiquam
1367 1188 1508 1229 dicere
1535 1203 1585 1229 ea

183 1245 195 1264 ‘
211 1241 368 1292 licebit,
415 1258 523 1299 quae
564 1244 678 1299 apud
711 1260 784 1285 vos
824 1245 998 1300 impune
1039 1245 1250 1286 dicuntur.
1315 1245 1584 1286 Fustuarium

183 1303 195 1321 ‘
210 1309 408 1349 meretur,
432 1301 505 1355 qui
527 1301 647 1357 signa
669 1301 884 1357 relinquit,
906 1311 979 1343 aut
1008 1302 1218 1358 praesidio
1249 1301 1429 1344 decedit.
1491 1301 1586 1343 Au-

183 1360 194 1378 ‘
211 1364 346 1397 ctorcs
367 1357 487 1411 signa
506 1358 790 1413 relinquendi,
813 1368 855 1400 et
880 1359 1103 1400 deserendi
1131 1368 1277 1408 castra,
1300 1374 1387 1400 non
1415 1359 1490 1399 uni
1511 1367 1584 1400 aut

183 1412 328 1454 ‘alteri
350 1413 485 1464 militi,
508 1415 582 1456 scd
610 1416 814 1456 universis
844 1416 1109 1464 exercitibus,
1139 1416 1277 1471 palam
1309 1416 1353 1455 in
1379 1416 1582 1456 concione

184 1470 450 1512 ‘audiuntun
513 1472 638 1513 Adeo
665 1473 871 1528 quicquid
903 1473 1096 1513 tribunus
1129 1473 1243 1528 plebi
1273 1472 1473 1527 loquitur,
1506 1472 1585 1512 etsi

184 1527 455 1582 ‘prodendae
481 1529 638 1584 patriae
660 1529 1036 1583 dissolvendaeque
1065 1529 1321 1584 reipublicae
1347 1537 1423 1578 est,
1445 1544 1586 1570 assue-

183 1589 194 1607 ‘
211 1584 284 1624 stis
319 1585 445 1640 aequi
485 1585 654 1635 audire3
698 1595 753 1634 et,
797 1585 1023 1626 dulcedine
1064 1585 1282 1641 potestatis
1323 1585 1413 1626 eius
1454 1586 1581 1641 capti,

183 1646 194 1664 ‘
210 1641 424 1696 quaelibet
448 1643 525 1683 sub
551 1657 601 1683 ea
621 1642 778 1683 scelera
798 1641 926 1683 latere
952 1642 1098 1683 sinitis.
1163 1642 1397 1698 Reliquum
1422 1651 1497 1691 est,
1521 1651 1582 1693 ut,

182 1703 318 1753 ‘quae
352 1698 421 1739 hic
451 1699 744 1748 vociferantur,
776 1698 926 1740 eadem
957 1699 1001 1739 in
1032 1699 1177 1740 castris
1207 1708 1250 1740 et
1280 1699 1394 1755 apud
1429 1699 1583 1741 milites

182 1759 348 1810 ‘agant,
383 1764 426 1796 et
461 1756 671 1797 exereitus
706 1764 978 1812 corrumpant
1014 1755 1278 1812 ducibusque
1314 1771 1459 1812 parere
1495 1772 1583 1798 non

182 1812 445 1868 ‘patianturz
480 1813 682 1869 quoniam
713 1829 764 1855 ea
790 1813 966 1854 demum
996 1813 1159 1855 Romae
1188 1813 1358 1855 libertas
1389 1823 1465 1864 est,
1495 1829 1583 1856 non

182 1874 413 1919 ‘senatum
431 1885 517 1911 non
544 1870 820 1926 magistratus,
837 1886 922 1912 non
948 1870 1075 1926 leges,
1092 1886 1178 1912 non
1200 1885 1338 1912 mores
1360 1871 1581 1921 maiorum,

183 1931 196 1950 ‘
210 1941 295 1967 non
319 1927 511 1968 instituta
530 1937 711 1983 patrum,
728 1943 815 1968 non
836 1927 1102 1983 disciplinam
1125 1927 1259 1968 vereri
1281 1927 1483 1969 militiae.’

239 1983 322 2024 Par
342 1984 424 2024 iam
441 1984 569 2025 etiam
591 1984 635 2024 in
651 1984 924 2025 concionibus
940 1993 1028 2025 erat
1046 1985 1212 2040 Appius
1229 1985 1408 2026 tribunis
1424 1985 1581 2040 plebis3

182 2055 314 2095 quum
335 2041 486 2089 subito,
509 2041 624 2082 unde
647 2041 819 2081 minime
837 2041 931 2095 quis
952 2040 1156 2089 crederet,
1179 2049 1351 2096 accepta
1371 2041 1584 2082 calamitas

183 2097 297 2152 apud
319 2096 448 2137 Veios
469 2106 511 2138 et
533 2097 790 2152 superiorem
814 2097 1005 2152 Appium
1028 2097 1071 2137 in
1093 2112 1229 2145 causa,
1252 2106 1295 2138 et
1315 2097 1584 2138 concordiam

184 2153 381 2194 ordinum
414 2154 614 2195 maiorem
647 2154 924 2209 ardoremque
961 2153 1015 2194 ad
1046 2153 1300 2195 obsidendos
1331 2154 1586 2209 pertinacius

185 2210 317 2252 Veios
345 2210 454 2251 fecit.
520 2210 633 2251 Nam
660 2226 792 2266 quum
819 2226 946 2267 agger
967 2220 1183 2267 promotus
1211 2210 1264 2251 ad
1286 2210 1446 2260 urbem,
1469 2211 1586 2252 vine-

228 2366 247 2394 4
270 2355 346 2385 Nou
368 2355 538 2384 obsidionis
559 2355 674 2390 laedio,
692 2365 753 2384 non
776 2355 864 2384 ‹leni-

185 2408 248 2439 que
262 2398 372 2436 reflui]
401 2397 509 2426 Latini
531 2397 703 2436 scriptores
718 2396 814 2426 etiam
833 2396 864 2426 in

188 2450 227 2470 ea
252 2438 508 2476 enumeratione,
533 2450 617 2478 quae
640 2439 705 2468 (luo
736 2442 864 2468 tantum

189 2482 308 2511 habeat
331 2482 486 2518 membru,
505 2482 685 2520 praefigunt
701 2491 798 2520 saepe
821 2481 865 2510 ul-

191 2522 248 2553 teri
279 2522 469 2562 particulam
497 2524 644 2564 denique.
696 2523 749 2553 Sic
776 2523 866 2552 initio

192 2565 299 2595 statim
318 2564 452 2594 celebria
468 2565 555 2595 illius
570 2565 726 2604 epistulae
739 2565 866 2596 Cicero-

909 2353 1003 2393 tingit
1029 2354 1241 2383 damnatum:
1269 2363 1333 2392 quo
1360 2353 1445 2383 facto
1476 2363 1588 2385 omnes

910 2396 1053 2426 eiusdem
1074 2396 1207 2434 legionis
1223 2395 1353 2431 milites,
1363 2405 1427 2434 qun
1439 2396 1587 2434 fustibus,

912 2485 947 2510 ut
966 2480 1154 2520 plurimum,
1171 2484 1298 2510 necant.
1344 2480 1407 2510 Sed
1432 2485 1463 2510 et
1487 2480 1512 2509 si
1533 2480 1589 2519 qui

911 2522 1083 2558 evaserint,
1100 2533 1162 2552 non
1183 2526 1292 2552 tumen
1314 2521 1394 2552 milvi
1420 2528 1590 2561 propterea

911 2570 1005 2595 sunt:
1033 2574 1132 2603 quum
1151 2574 1255 2602 neque
1278 2564 1310 2594 in
1337 2564 1472 2602 putrium
1490 2564 1527 2594 iis
1543 2574 1588 2595 re-

193 2607 242 2638 nin
264 2607 304 2636 utl
323 2608 367 2642 Q.
384 2607 533 2638 fratrem:
558 2609 650 2637 multi
675 2609 796 2643 nuntii,
811 2609 866 2645 sa-

193 2660 245 2679 ma
267 2649 405 2688 denique
424 2672 431 2679 .
449 2672 455 2679 .
474 2672 480 2679 .
498 2672 504 2678 .
523 2650 592 2688 ipsa
605 2662 614 2679 :
643 2649 673 2679 itl
698 2653 757 2685 ent,
782 2650 868 2679 flama.

194 2690 292 2721 etium
311 2691 389 2729 ἕρκει.
431 2691 554 2720 Pariter
569 2691 600 2721 in
619 2691 678 2720 hoc
698 2691 778 2721 Livii
798 2692 868 2720 loco

195 2744 259 2763 non
289 2734 426 2772 deniqne
455 2734 546 2771 reyni
577 2733 648 2766 erit,
676 2743 738 2762 non
770 2732 870 2771 ipsius

195 2785 324 2814 quoque
340 2775 437 2813 regni.
464 2776 570 2806 Cum.

238 2826 255 2856 5
272 2818 504 2855 Fustuarium]
526 2816 678 2847 Miliuuis
694 2826 799 2856 poena
813 2821 872 2853 ext,

194 2869 277 2899 quae
300 2859 344 2890 nic
368 2871 386 2890 a
413 2859 527 2899 Polyb.
547 2859 585 2889 vi.
606 2868 654 2898 37.
672 2858 871 2890 describitur.

195 2903 341 2942 Accepto
358 2902 442 2932 sunt«.-
459 2901 607 2932 tribunus
625 2901 674 2932 vix
698 2901 811 2932 leviter
826 2905 871 2932 at—

911 2607 980 2637 ‹lire
1012 2606 1118 2642 liceat,
1147 2616 1251 2645 neque
1278 2616 1448 2645 ιμιιυιμιιιιη
1482 2617 1588 2638 Προθο-

912 2649 1066 2678 sariorum
1101 2659 1155 2678 cos
1191 2648 1275 2678 iunxit
1313 2652 1399 2678 teoto
1437 2648 1588 2688 recipere.

914 2691 1135 2726 Quamobrem
1153 2690 1208 2728 qui
1227 2690 1325 2720 semel
1349 2690 1381 2720 in
1406 2690 1489 2721 hunc
1505 2691 1589 2722 cula·

917 2733 1061 2762 mitatem
1088 2731 1281 2767 inciderunt.
1308 2732 1494 2772 planissime
1521 2743 1589 2773 per-

915 2779 1002 2804 eunt.
1034 2776 1141 2804 Ciu-w.
1191 2774 1304 2805 Simile
1333 2774 1464 2814 quidem
1490 2785 1592 2815 genus

916 2816 1079 2856 «amplia-ii,
1103 2816 1154 2847 tho
1177 2817 1287 2848 know.
1313 2816 1388 2849 bod.
1404 2827 1457 2858 up.
1475 2817 1590 2850 Bonu-

916 2869 967 2889 μου
982 2863 1163 2898 usurpatur.

1599 289 1643 323 U.
1660 291 1700 324 C.
1718 299 1791 332 35²·

1597 334 1637 365 A.
1661 334 1700 366 C.
1716 343 1790 374 400.
