1934 3211
227 429 254 460 F
256 430 381 460 ormula

225 472 407 504 deditionis.

229 874 360 905 Bellum

227 927 301 947 cum
319 917 405 948 Lati-

226 959 285 991 nis.

228 1277 321 1307 Pacis

224 1330 330 1359 opera.

291 1851 357 1889 39.

225 1905 353 1936 Servius

226 1948 362 1980 Tullius.

442 207 497 246 46
954 204 1101 246 ΤΙΤΙ
1139 204 1318 247 LIVII

443 293 566 334 latiae
592 294 635 334 in
663 293 869 350 praesidio
898 294 1088 335 relictus:
1127 294 1375 350 deditosque
1410 293 1643 336 Collatinos
1675 293 1735 334 ita
1763 308 1831 335 ac-

443 351 566 407 cipio,
608 366 784 407 eamque
825 351 1050 393 deditionis
1089 351 1310 393 formulam
1355 367 1454 393 esse.
1519 351 1614 393 Rex
1654 351 1830 392 interro-

441 409 579 465 gavit:
616 414 628 433 ⁶
645 408 809 450 Estisne
851 425 923 450 vos
967 409 1094 466 legati
1139 418 1404 465 oratoresque
1449 409 1563 450 missi
1607 424 1632 450 a
1674 408 1831 465 populo

445 472 456 490 ‘
475 465 698 516 Collatino,
744 476 791 508 ut
836 482 909 508 vos
953 466 1238 523 populumque
1290 466 1549 508 Collatinum
1591 466 1830 508 dederetis‘?

444 530 455 548 ‘
474 523 637 565 Sumus.
686 524 816 565 Estne
838 524 1016 580 populus
1040 524 1305 566 Collatinus
1295 540 1339 564 m
1360 540 1433 565 sua
1452 525 1689 579 potestate?
1739 523 1827 565 Est.

443 587 455 605 ‘
471 581 694 623 Deditisne
734 597 817 631 vos,
858 582 1144 638 populumque
1188 581 1460 629 Collatinum,
1501 581 1660 630 urbem,
1697 596 1828 637 agrOS,

443 644 455 662 ‘
471 654 634 695 aquam,
669 640 879 688 terminos,
917 639 1101 689 delubra,
1134 639 1340 688 utensilia,
1373 638 1525 687 divina,
1562 637 1829 694 humanaque

444 702 456 720 ‘
471 696 623 747 omnia,
645 697 690 737 in
711 712 846 737 meam
867 696 1095 753 populique
1119 696 1300 738 Romani
1321 694 1549 737 ditionem?
1607 694 1827 737 Dedimus.

444 759 455 777 ‘
473 754 535 795 At
555 769 632 810 ego
653 754 837 809 recipio?

501 788 621 852 Bello
655 811 809 852 Sabino
839 811 1036 867 perfecto,
1069 811 1326 866 Tarquinius
1356 809 1618 864 triumphans
1649 809 1829 851 Romam

442 868 577 909 rediit.
640 868 746 909 Inde
772 868 916 924 prisc1s
936 868 1100 909 Latinis
1120 868 1276 909 bellum
1296 868 1420 909 fecit:
1455 867 1527 908 ubi
1548 882 1755 923 nusquam
1775 867 1829 909 ad

443 925 658 966 universae
692 925 751 966 rei
782 925 1095 967 dimicationem
1123 934 1296 967 ventum
1324 934 1396 967 est.
1460 924 1533 966 Ad
1562 924 1726 981 singula
1755 940 1829 981 op-

441 982 541 1039 pida
572 983 903 1024 circumferendo
936 998 1060 1033 arma,
1090 998 1213 1024 omne
1247 998 1402 1024 nomen
1423 982 1624 1023 Latinum
1652 982 1826 1024 domuit.

445 1039 733 1090 Corniculum,
755 1040 925 1081 Ficulea
944 1049 1073 1090 vetus,
1096 1040 1302 1090 Cameria,
1328 1039 1678 1090 Crustumerium,
1697 1040 1828 1081 Ame-

441 1097 557 1147 riola,
591 1097 810 1147 Medullia,
844 1097 1119 1148 Nomentum,
1150 1098 1253 1139 haec
1284 1097 1336 1139 de
1371 1098 1515 1154 priscis
1548 1096 1723 1146 Latinis,
1757 1105 1831 1139 aut

441 1155 515 1210 qui
542 1155 596 1196 ad
617 1155 791 1196 Latinos
819 1154 1069 1204 defecerant,
1091 1163 1214 1210 capta
1240 1155 1405 1211 oppida.
1466 1155 1557 1197 Pax
1584 1154 1738 1196 deinde
1767 1163 1831 1196 est

441 1212 559 1254 facta.

500 1269 664 1311 Maiore
695 1269 793 1311 inde
825 1270 964 1310 animo
995 1269 1107 1325 pacis
1138 1284 1276 1335 opera
1293 1269 1499 1319 inchoata,
1522 1285 1647 1326 quam
1672 1279 1830 1326 quanta

442 1327 550 1369 mole
583 1336 766 1384 gesserat
794 1327 926 1369 bella:
960 1335 1005 1368 ut
1035 1342 1122 1368 non
1147 1327 1328 1383 quietior
1354 1326 1533 1383 populus
1560 1327 1675 1369 domi
1707 1336 1828 1377 esset,

441 1400 568 1440 quam
596 1384 769 1426 militiae
799 1385 954 1425 fuisset.
1018 1384 1130 1425 Nam
1158 1394 1201 1425 et
1230 1400 1349 1426 muro
1370 1384 1548 1441 lapideo,
1571 1385 1689 1426 cuius
1709 1400 1830 1426 exor-

441 1442 558 1483 dium
587 1442 723 1498 operis
748 1441 903 1483 Sabino
930 1442 1040 1484 bello
1069 1442 1281 1483 turbatum
1310 1451 1409 1492 erat,
1438 1443 1598 1493 urbem,
1621 1458 1705 1499 qua
1723 1457 1830 1484 non-

441 1499 543 1541 dum
575 1500 796 1549 munierat,
830 1500 997 1564 cingere
1030 1510 1170 1556 parat.
1209 1508 1252 1540 et
1281 1500 1427 1541 infima
1455 1500 1568 1542 urbis
1598 1500 1690 1542 loca
1720 1500 1831 1542 circa

440 1556 577 1598 forum
598 1557 781 1613 aliasque
803 1557 1041 1598 interiectas
1062 1556 1235 1598 collibus
1255 1557 1474 1606 convalles,
1497 1558 1598 1613 quia
1621 1573 1675 1599 ex
1694 1557 1830 1614 planis

441 1614 542 1656 locis
581 1615 695 1656 haud
733 1614 852 1656 facile
893 1614 1127 1656 evehebant
1161 1629 1300 1670 aquas,
1342 1614 1490 1656 cloacis
1524 1630 1547 1656 e
1581 1615 1745 1671 fastigio
1784 1615 1856 1656 in1

442 1671 632 1714 Tiberim
667 1672 804 1713 ductis
838 1672 989 1713 siccat:
1032 1680 1075 1713 et
1104 1687 1241 1713 aream
1272 1672 1326 1713 ad
1358 1671 1506 1713 aedem
1536 1672 1582 1713 in
1616 1671 1829 1737 Capitolio

442 1729 565 1779 Iovis,
588 1745 714 1786 quam
734 1738 904 1771 voverat
929 1729 1039 1771 bello
1071 1729 1277 1779 Sabino,
1268 1745 1350 1770 13111
1374 1730 1660 1786 praesagiente
1689 1730 1829 1772 animo

440 1787 623 1828 futuram
644 1787 743 1829 olim
764 1787 1086 1853 amplitudinem
1107 1787 1200 1836 loci,
1223 1796 1399 1844 occupat
1418 1787 1714 1829 fundamentis.

501 1844 564 1886 Eo
590 1854 776 1901 tempore
801 1845 845 1886 in
869 1860 983 1901 regla
1006 1845 1244 1910 prodigium
1270 1860 1361 1886 v1su
1381 1853 1619 1902 eventuque
1640 1844 1828 1887 mirabile

441 1902 532 1944 fuit.
594 1902 733 1944 Puero
764 1902 1001 1952 dormienti,
1033 1902 1101 1944 cui
1135 1902 1220 1944 Ser.
1245 1902 1387 1944 TulJio
1413 1918 1570 1944 nomen
1589 1902 1681 1953 fuit,
1703 1911 1830 1959 caput

442 1960 586 2001 arsisse
626 1959 767 2001 ferunt
806 1959 1032 2001 multorum
1073 1960 1118 2000 in
1160 1968 1397 2016 conspectu
1473 1959 1662 2002 Plurimo
1700 1960 1830 2016 igitur

441 2017 621 2059 clamore
649 2017 748 2059 inde
777 2017 830 2058 ad
858 2026 997 2059 tantae
1025 2018 1086 2059 rei
1110 2017 1356 2059 miraculum
1381 2026 1471 2060 orto
1499 2017 1658 2059 excitos
1684 2032 1825 2073 reges:

441 2084 485 2116 et
520 2090 651 2131 quum
691 2075 862 2140 quidam
897 2075 1164 2116 familiarium
1199 2090 1350 2131 aquam
1389 2075 1444 2116 ad
1482 2075 1828 2131 restinguendum

440 2133 578 2182 ferret,
627 2133 678 2174 ab
731 2132 877 2188 regina
922 2141 1158 2174 retentum:
1211 2132 1439 2189 sedatoque
1489 2147 1581 2174 eam
1631 2132 1826 2182 tumultu,

441 2190 599 2232 moveri
632 2190 812 2232 vetuisse
844 2205 1045 2247 puerum3
1087 2191 1222 2232 donec
1262 2205 1336 2231 sua
1374 2198 1522 2246 sponte
1562 2198 1828 2246 experrectus

440 2256 558 2289 esset.
604 2246 711 2289 Mox
732 2263 827 2289 cum
849 2263 994 2289 somno
1015 2257 1058 2289 et
1076 2248 1286 2289 flammam
1307 2248 1466 2289 abiisse.
1514 2247 1627 2289 Tum
1647 2247 1828 2289 abducto

441 2305 486 2346 in
515 2313 723 2346 secretum
746 2305 835 2346 viro
864 2305 1087 2361 Tanaquil,
1116 2311 1128 2329 ‘
1146 2305 1297 2346 Viden’
1324 2314 1371 2346 tu
1400 2320 1577 2361 puerum
1597 2305 1737 2355 hunc,'
1762 2304 1827 2346 in-

441 2363 546 2443 quit,
585 2367 736 2418 ‘quem
769 2370 854 2403 tam
888 2362 1038 2403 humili
1077 2362 1194 2404 cultu
1233 2362 1488 2404 educamus?
1561 2361 1674 2403 Scire
1714 2361 1825 2412 licet,

470 2420 583 2462 hunc
603 2419 747 2461 lumen
768 2419 981 2476 quondam
1001 2420 1124 2461 rebus
1144 2420 1294 2461 nostris
1321 2420 1458 2461 dubiis
1481 2420 1681 2469 futurum,
1706 2434 1827 2484 prae-

442 2483 455 2501 ‘
469 2477 707 2533 sidiumque
750 2477 889 2533 regiae
929 2477 1126 2518 afflictae:
1172 2477 1348 2542 proinde
1388 2476 1604 2518 materiem
1643 2476 1826 2533 ingentis

442 2535 635 2591 ‘publice
688 2534 966 2591 privatimque
1017 2534 1180 2576 decoris
1225 2534 1338 2576 omni
1385 2533 1648 2590 indulgentia
1687 2542 1827 2575 nostra

442 2658 538 2689 nullis
553 2669 613 2689 nec
625 2658 701 2689 iuris
715 2668 775 2689 nec
791 2657 944 2697 temporis
959 2657 1115 2687 limitibus
1158 2656 1228 2694 biis,
1244 2657 1441 2696 praefectum
1457 2657 1552 2688 fuisse
1568 2657 1740 2690 existimat.

442 2701 620 2732 definitum.
656 2702 763 2741 Atque
778 2700 924 2740 indeipsi
937 2704 969 2730 et
982 2699 1115 2740 posteris
1204 2709 1216 2729 1
1243 2700 1381 2738 Cloaois]
1416 2699 1544 2736 Quibus
1565 2711 1668 2740 aquae
1694 2711 1735 2731 ex
1759 2700 1823 2731 Ve-

443 2743 599 2773 Collatini
633 2754 819 2784 cognomen.
858 2743 955 2774 Dion.
983 2743 1023 2773 iv.
1061 2742 1111 2781 64.
1156 2743 1255 2779 labro,
1275 2746 1308 2772 et
1331 2742 1480 2780 Suburra,
1501 2753 1541 2773 ex
1563 2743 1661 2773 Valle
1681 2742 1777 2780 Circi,
1792 2747 1824 2774 et

443 2785 548 2816 CREv.
599 2786 665 2816 Sub
686 2786 747 2817 hae
762 2786 942 2817 narratione
958 2785 1111 2816 veriorem
1155 2795 1194 2815 ex
1209 2785 1292 2815 Foro
1304 2785 1454 2815 Romano
1466 2786 1623 2816 deductae
1634 2789 1717 2816 sunt.
1753 2785 1823 2816 Ho-

442 2827 593 2866 antiquae
608 2828 736 2859 fabulae
752 2829 887 2859 formam
903 2829 1003 2859 latere
1019 2831 1112 2868 putat
1154 2837 1225 2858 rum
1241 2828 1371 2867 quidem
1386 2837 1519 2868 operum
1538 2827 1738 2867 aliorumque
1752 2827 1822 2859 fun-

444 2869 578 2900 Niebhr.
605 2869 624 2899 i.
649 2881 679 2900 n.
708 2881 719 2901 1
730 2881 796 2902 102.
823 2871 861 2902 cf.
885 2871 1053 2902 VVachsm.
1079 2881 1110 2910 p.
1155 2870 1307 2901 damenta
1334 2871 1439 2911 posuit
1466 2869 1658 2910 Tarquinius
1684 2869 1822 2908 Priscus,

447 2919 514 2950 157.
538 2911 592 2951 qui
621 2911 771 2950 Egeriam
799 2913 970 2950 Collatiae,
994 2913 1112 2953 pariter
1154 2912 1303 2943 ultimam
1319 2922 1451 2943 manum
1467 2912 1590 2944 addidit
1604 2912 1767 2952 Superbus
1781 2913 1821 2944 cf.

442 2963 480 2984 ae
508 2958 617 2993 postea
644 2954 778 2984 Sextum
806 2955 1019 2993 Tarquinium
1045 2955 1110 2985 G-a-
1157 2955 1253 2986 Dion.
1271 2955 1313 2986 iii.
1330 2954 1381 2994 67.
1400 2954 1482 2985 Plin.
1498 2955 1543 2986 H.
1557 2954 1600 2985 N.
1613 2954 1721 2986 xxxvi.
1739 2963 1784 2994 15.
