1934 3211
541 181 669 225 LIB.
703 179 826 221 VIII.
875 179 1022 221 CAP.
1058 185 1125 221 20.
1449 181 1534 222 475

134 276 315 317 Romam
335 273 506 319 missos;
539 285 718 326 eamque
744 268 1006 310 deditionem
1027 269 1080 309 ab
1101 277 1251 309 senatu
1271 283 1359 309 non
1387 284 1536 325 accep-
1550 283 1594 314 U.
1612 283 1650 315 C.
1667 290 1743 322 425·

133 341 232 381 tam,
254 329 370 386 quod
400 328 618 384 egentium
648 335 776 383 atque
807 326 1034 367 humilium
1066 340 1204 382 poena
1232 325 1408 381 defungi
1428 326 1534 367 velle
1549 326 1588 357 A.
1613 326 1651 358 C.
1669 333 1743 366 327-

133 387 387 430 Fundanum
407 384 613 442 populum
633 384 887 426 censuerint.

188 444 440 486 Privernum
461 442 627 483 duobus
639 441 927 483 consularibus
948 440 1204 482 exercitibus
1220 454 1354 495 quum
1371 439 1536 480 obside·
1619 444 1687 481 20.

130 510 259 551 retur,
296 500 402 542 alter
433 499 581 541 consul
621 499 888 541 comitiorum
924 513 1049 539 causa
1085 497 1268 538 Romam
1302 505 1532 538 revocatus.
1550 498 1741 545 Priyernum

99 571 120 604 6
135 558 337 601 Carceres
363 573 414 599 eo
435 572 547 599 anno
572 557 617 598 in
637 557 749 598 circo
775 556 962 613 primum
989 555 1146 597 statuti.
1210 554 1419 596 Nondum
1439 569 1535 610 per·
1548 541 1724 572 obffldetur.

103 616 297 669 7functos
324 631 425 657 cura
454 615 710 656 Privernatis
740 613 841 656 belli
866 613 1072 655 tumultus
1102 611 1257 654 Gallici
1277 612 1389 653 fama
1415 620 1536 653 atrox

131 673 295 724 invasit,
318 673 435 714 haud
453 673 584 714 ferme
606 687 797 729 unquam
818 671 1013 728 neglecta
1033 670 1240 712 Patribus.
1305 668 1536 725 Extemplo
1551 682 1596 713 U.
1614 681 1652 712 C.
1670 681 1745 719 426.

131 731 262 788 igitur
276 731 469 772 consules
485 730 597 780 novi,
613 730 663 771 L.
678 729 886 773 Aemilius
901 728 1190 770 Mamercinus
1203 735 1246 769 et
1265 727 1315 769 C.
1327 727 1534 777 Plautius,
1550 725 1589 755 A.
1615 724 1652 755 C.
1671 723 1745 772 3.².6·

132 804 183 831 eo
199 789 291 846 ipso
307 788 391 838 die,
411 788 617 830 Kalendis
637 787 913 836 Quintilibus,
929 802 1014 843 quo
1031 786 1319 842 magistratum
1334 785 1535 834 inierunt,
1550 766 1759 840 ἣῗᾞῇξζ,

101 859 227 890 scom
259 861 374 888 arare
406 846 516 888 inter
547 861 591 887 se
624 845 860 902 provincias
892 844 1019 893 iussi3
1053 854 1096 885 et
1132 842 1435 893 Mamercinus,
1469 842 1538 883 cui
1550 852 1596 883 tio
1609 852 1700 884 Coss.

136 903 220 946 Gal
240 904 351 946 'cum
383 903 544 945 bellum
585 911 796 952 evenerat,
833 902 1013 944 scribere
1051 901 1286 943 exercitum
1323 900 1413 941 sine
1455 899 1541 941 ulla

101 982 122 1013 9
134 962 362 1004 vacationis
375 961 509 1003 venia.
564 960 683 1009 Quin
700 960 900 1016 opificum
915 974 1084 1016 quoque
1099 958 1250 1014 vulgus
1266 966 1310 999 et
1325 956 1538 1007 sellularii,

134 1019 310 1061 minime
332 1018 506 1060 militiae
523 1018 726 1060 idoneum
746 1032 894 1074 genus,
917 1016 1046 1058 exciti
1061 1016 1286 1057 dicuntur:
1320 1015 1539 1071 Veiosque

134 1077 285 1134 ingens
313 1076 523 1118 exercitus
553 1083 805 1125 contractus,
827 1083 874 1116 ut
907 1074 1005 1115 inde
1038 1074 1205 1115 obviam
1229 1072 1365 1114 Gallis
1394 1073 1537 1114 iretur.

135 1134 327 1190 Longius
357 1133 530 1183 discedi,
562 1149 616 1175 ne
648 1133 729 1174 alio
760 1133 910 1174 itincre
943 1132 1074 1173 hostis
1104 1131 1267 1173 falleret
1297 1130 1351 1171 ad
1391 1130 1540 1172 urbem

134 1191 351 1242 incedens,
373 1206 460 1232 non
485 1190 656 1248 placuit.
719 1191 884 1232 Paucos
911 1189 1067 1231 deinde
1096 1197 1192 1245 post
1219 1188 1321 1238 dies,
1344 1188 1442 1229 satis
1467 1202 1541 1229 ex·
1555 1194 1746 1226 Privernum

108 1249 298 1306 xplorata
332 1249 533 1305 temporis
566 1249 656 1290 eius
692 1249 850 1304 quiete,
885 1263 909 1289 a
943 1247 1080 1288 Gallis
1112 1246 1365 1287 Privernum
1405 1245 1542 1286 omnis
1555 1242 1700 1279 captum,

136 1321 338 1348 conversa
349 1306 422 1347 vis.
486 1305 662 1362 Duplex
684 1305 784 1346 inde
798 1305 910 1346 fama
930 1314 1015 1346 est:
1050 1303 1120 1345 alii
1133 1304 1174 1344 vi
1196 1312 1361 1359 captam
1378 1303 1540 1353 urbem,

137 1363 467 1419 Vitruviumque
482 1363 625 1404 vivum
647 1363 691 1403 in
712 1370 964 1418 potestatem
977 1361 1139 1402 venisse
1155 1377 1164 1401 :
1198 1360 1282 1410 alii,
1296 1360 1543 1416 priusquam

137 1421 288 1462 ultima
327 1420 600 1462 adhiberetur
635 1421 710 1470 vis,
747 1420 859 1476 ipsos
899 1435 942 1460 se
984 1419 1028 1459 in
1061 1417 1324 1459 deditionem
1361 1417 1544 1458 consulis

108 1479 373 1520 2caduceum
403 1478 688 1535 praeferentes
717 1477 968 1534 permisisse,
998 1485 1188 1517 auctores
1219 1483 1329 1524 sunt,
1352 1474 1544 1515 Vitruvi-

139 1551 296 1593 umque
318 1536 370 1577 ab
391 1536 476 1577 suis
497 1535 710 1576 traditum.
776 1534 968 1583 Senatus,
991 1533 1044 1574 de
1067 1532 1262 1573 Vitruvio
1284 1531 1543 1573 Privernati-

139 1595 301 1650 busque
316 1592 543 1643 consultus,
554 1592 769 1634 consulem
783 1591 1012 1640 Plautium,
1027 1590 1178 1631 dirutis
1192 1589 1385 1630 Priverni
1399 1589 1543 1638 muris,

139 1651 433 1707 praesidioque
455 1650 594 1692 valido
622 1650 832 1706 imposito,
864 1648 918 1690 ad
946 1647 1210 1704 triumphum
1237 1646 1431 1695 arcessit3
1466 1645 1546 1687 Vi-

139 1709 323 1750 truvium
339 1709 384 1749 in
405 1723 615 1750 carcerem
637 1707 835 1749 asservari
857 1706 988 1756 iussit,
1011 1704 1153 1762 quoad
1174 1704 1321 1746 consul
1341 1703 1542 1753 redisset3

141 1775 229 1807 tum
246 1767 510 1808 verberatum
526 1766 679 1807 necari.
743 1764 888 1806 Aedes
905 1764 1008 1813 eius,
1024 1778 1132 1819 quae
1150 1771 1290 1803 essent
1306 1762 1350 1802 in
1365 1761 1542 1812 Palatio,

109 1823 378 1874 adimendas,
408 1824 519 1865 bona
557 1823 729 1865 Semoni
769 1822 906 1864 Sanco
941 1828 1200 1863 censuerunt
1232 1819 1539 1861 consecranda:

140 1955 234 1987 scribi
250 1966 270 1986 a
286 1955 380 1987 Livio
396 1965 482 1994 supr.
501 1955 552 1986 vii.
571 1965 617 1986 10.
633 1954 820 1985 monuimus

142 1999 174 2029 in
191 2002 257 2029 not.
274 1999 315 2028 ad
331 1998 424 2028 illum
443 1998 561 2027 locum.
583 1998 690 2028 (ἷκεν.

183 2049 200 2080 5
213 2041 268 2070 Ad
276 2044 431 2071 trecentos
440 2040 696 2079 quinquaqinta]
708 2038 824 2068 Hicud

143 2092 199 2113 ccc
216 2092 272 2121 pro
288 2089 420 2118 Oeace,
436 2092 478 2112 sc.
495 2082 581 2111 mille
602 2092 640 2111 ac
660 2082 823 2117 ducentos,

144 2124 267 2155 incuria
290 2123 489 2154 librariorum
513 2123 669 2161 scriptum
691 2123 821 2152 exatsti-

145 2172 212 2197 mat
227 2166 362 2197 Niebhr.
376 2165 419 2196 iii.
434 2177 464 2196 n.
478 2165 549 2196 622.
570 2166 610 2195 cf.
622 2175 708 2204 supr.
724 2165 744 2195 i.
761 2164 811 2203 36.

191 2208 211 2240 6
239 2209 408 2246 Carceres]
449 2209 638 2239 “Carceres
665 2207 696 2237 in
726 2207 822 2245 circo,

146 2252 231 2282 unde
254 2251 427 2281 mittuntur
444 2251 518 2289 equi
540 2255 571 2280 et
596 2249 650 2280 ubi
675 2260 820 2280 coercen-

145 2299 208 2331 tur,
231 2304 271 2324 ne
295 2293 370 2324 inde
392 2297 509 2324 exeant
532 2298 619 2329 ante,
635 2303 731 2331 quam
756 2302 820 2322 ma-

143 2336 295 2376 gistratus
317 2336 442 2376 signum
469 2335 591 2373 misit‚''
615 2335 706 2365 Varr.
729 2335 765 2365 L.
784 2335 821 2365 L.

147 2389 174 2410 v.
192 2387 242 2418 37.
268 2379 353 2410 Rev.

190 2429 206 2460 7
234 2422 403 2452 Tumultus
420 2422 556 2460 Gallici]
596 2420 647 2451 De
672 2420 732 2449 hoc
756 2429 822 2449 om-

147 2463 222 2493 nino
238 2463 310 2494 silet
330 2464 494 2503 Polybius.

190 2506 209 2535 8
232 2507 429 2545 Comparare
444 2508 529 2537 inter
544 2507 594 2544 se]
629 2506 694 2535 Aut
711 2509 824 2534 mutuo

147 2552 320 2584 conventu,
343 2548 397 2587 qui
424 2549 621 2588 comparatio
647 2547 825 2582 dicebatur,

146 2593 204 2621 aut
219 2594 303 2620 sorte
321 2590 500 2629 provincias
523 2590 606 2620 inter
625 2600 658 2620 se
678 2589 826 2620 consules

149 2632 346 2663 dividebant.
367 2633 407 2663 cf.
424 2633 495 2664 infr.
513 2632 589 2663 xxii.
608 2634 637 2663 8.

196 2685 216 2715 9
239 2676 423 2713 5'ellulmii]
460 2676 641 2711 Sellularii,
666 2673 827 2711 βάναυσοι,

150 2718 293 2757 opifices,
315 2717 346 2747 in
370 2718 456 2749 sellis
477 2718 643 2747 sedentes:
668 2717 753 2755 qiiod
772 2717 826 2746 ho-

150 2760 274 2790 minum
294 2770 394 2798 genua
411 2759 466 2789 otii
484 2758 742 2790 amantissimum
759 2770 826 2789 cnse

151 2802 228 2833 dicit
246 2802 315 2833 Cic.
332 2801 430 2833 Cutil.
448 2801 488 2832 iv,
506 2804 535 2833 8.
563 2802 646 2832 lta-v.

199 2855 208 2875 ¹
236 2847 262 2875 A
284 2846 404 2882 Gallis]
434 2846 531 2880 Quinc
556 2844 642 2883 prius
663 2843 693 2873 in
712 2843 827 2873 Gallos

152 2892 263 2927 parata
283 2892 362 2922 crat,
378 2888 529 2917 adven-us
548 2886 736 2918 Privernum
760 2896 826 2917 orn-

151 2929 200 2961 nis
216 2940 367 2962 conversa
385 2929 440 2962 vis.
462 2930 568 2962 ctu-:xa

910 1964 925 1984 2
951 1955 1152 1991 C'mlucenm]
1189 1952 1322 1991 Virgam
1352 1952 1441 1991 pacis
1463 1952 1544 1983 indi-

865 2006 948 2032 cem,
964 2006 1059 2035 quam
1084 1995 1104 2024 ii
1121 1995 1174 2034 qui
1201 2005 1314 2034 pacem
1339 1995 1470 2034 petituri
1495 2006 1543 2025 ve-

866 2038 1010 2074 niebant,
1033 2042 1156 2075 gestare
1185 2047 1260 2075 prae
1287 2036 1436 2066 manibus
1459 2036 1545 2067 soliti

867 2083 967 2110 erant.
1002 2079 1078 2109 Vid.
1097 2079 1191 2117 plura
1206 2078 1238 2108 in
1256 2082 1321 2108 not.
1338 2079 1378 2108 ad
1396 2079 1482 2108 xxvi.
1499 2086 1546 2118 17.

911 2132 928 2161 3
951 2123 1078 2152 Semoni
1093 2122 1214 2158 δ’(ιηι-ο]
1246 2120 1497 2151 Oba-erravimus
1512 2120 1545 2151 in

867 2168 932 2195 not.
957 2165 998 2194 ad
1022 2163 1054 2194 ii.
1080 2173 1128 2202 31.
1145 2165 1285 2193 Smoeum
1311 2162 1450 2192 eundem
1475 2173 1544 2193 csse

866 2218 904 2237 ac
919 2208 1020 2243 dium,
1036 2206 1102 2235 sive
1118 2206 1209 2235 deum
1228 2206 1368 2235 Fidium.
1405 2205 1496 2235 Idem
1514 2210 1546 2235 et

868 2250 1028 2280 Hercules
1043 2253 1122 2282 erut,
1141 2248 1275 2278 testibus
1292 2247 1388 2277 Festo
1413 2247 1444 2277 in
1470 2258 1546 2278 voce

866 2294 1008 2331 Propter
1024 2293 1119 2327 υἰιιηι,
1135 2296 1166 2320 ct
1188 2290 1278 2320 Vnrr.
1295 2290 1335 2320 de
1353 2290 1390 2320 L.
1405 2290 1441 2320 L.
1456 2300 1482 2321 ν.
1499 2300 1545 2330 19.

867 2336 920 2364 sed
952 2335 1114 2365 llcrcules
1141 2332 1291 2367 Sabinus,
1319 2337 1353 2362 ut
1385 2332 1548 2370 colligitur

868 2387 906 2406 cx
928 2377 1018 2406 Varr.
1042 2377 1112 2404 lot-0
1137 2380 1325 2409 memorato,
1344 2378 1374 2403 ct
1400 2374 1496 2405 Dion.
1514 2374 1547 2405 ii.

868 2429 918 2459 49.
936 2418 990 2457 qui
1011 2418 1151 2447 Sancum
1175 2416 1314 2445 Subinat-
1339 2416 1474 2453 regionis
1496 2426 1547 2454 ge-

870 2461 957 2491 nium
980 2460 1075 2490 fuisse
1099 2459 1257 2498 perhibet.
1305 2458 1434 2497 Nempe
1451 2468 1544 2488 suum

870 2514 1017 2542 ‹sinu-que
1041 2503 1105 2532 scre
1126 2512 1203 2538 gens
1222 2501 1398 2530 Herculem
1424 2500 1546 2532 habuit.

870 2549 1032 2576 &emonem
1071 2545 1322 2583 interpretantur
1361 2543 1455 2580 vulgo
1493 2542 1545 2573 lic—

871 2599 970 2624 roem‚
993 2587 1081 2627 qiuwi
1105 2587 1339 2617 semihominem
1354 2598 1363 2615 :
1390 2585 1546 2616 minorem

870 2631 941 2666 diis,
955 2630 1107 2660 maiorem
1123 2628 1316 2659 hominibus.
1342 2627 1416 2657 Vid.
1427 2628 1547 2659 Matth.

873 2673 1004 2704 Martin.
1036 2671 1188 2702 Lexicon.
1237 2671 1342 2709 l'rope
1373 2670 1453 2706 eius,
1479 2670 1547 2709 qui-

872 2726 998 2754 cunque
1015 2715 1144 2744 tandem
1163 2713 1189 2743 is
1204 2712 1256 2749 sit,
1272 2713 1440 2749 ancellum,
1452 2713 1550 2743 aedes

872 2757 1002 2793 Quirini
1017 2757 1086 2787 fnit.
1111 2757 1219 2787 Citrzv.
1251 2757 1366 2785 Statua
1383 2754 1479 2785 liuius
1493 2765 1548 2786 an-

872 2804 903 2830 tc
927 2801 991 2830 duo
1014 2798 1133 2828 abhinc
1160 2797 1288 2828 &recula
1313 2797 1343 2827 in
1369 2797 1478 2827 'riht-ri
1502 2796 1549 2828 in—

873 2847 1003 2873 ventum
1021 2846 1077 2872 ent.
1100 2841 1242 2872 Snunn.
1270 2840 1309 2870 cs.
1324 2839 1496 2879 Inscriptio
1512 2839 1547 2870 il-

872 2885 903 2915 la
917 2883 1078 2918 notabilia,
1089 2893 1171 2923 quac
1183 2883 1222 2913 nd
1235 2881 1399 2913 Simonem
1414 2882 1547 2920 Magum

872 2927 987 2959 referre
1022 2926 1099 2958 olim
1135 2925 1269 2964 credita,
1306 2935 1391 2956 nunc
1425 2923 1547 2957 Simoni
