1934 3211
194 281 236 312 U.
253 281 291 311 C.
310 279 379 321 269.

191 324 231 354 A.
255 324 293 355 C.
309 324 381 363 483.

193 1435 236 1466 U.
254 1435 291 1465 C.
310 1443 379 1474 ¹271.

190 1478 230 1508 A.
254 1479 291 1509 C.
309 1481 380 1517 481.

189 1522 237 1551 M.
256 1521 369 1558 Fabio,

191 1564 227 1594 L.
243 1564 374 1595 Valerio

190 1608 278 1638 Coss.

369 1939 372 1943 ’
406 1938 669 1979 rebellarunt.

923 177 1070 218 TITI
1106 177 1286 218 LIVII

406 268 525 309 victis
555 283 605 309 eo
637 283 746 309 anno
768 266 929 308 Volscis
951 268 1211 324 Aequisque,
1239 268 1412 310 militem
1444 267 1599 324 praeda
1628 264 1796 307 frauda·

406 341 514 367 vere.
580 325 796 381 Quicquid
828 335 995 382 captum
1027 342 1079 366 ex
1110 326 1298 367 hostibus
1328 335 1402 376 cst,
1424 325 1614 367 vendidit
1641 322 1794 365 Fabius

407 383 565 434 consul,
587 399 634 424 ac
655 383 818 439 redegit
838 383 881 423 in
902 383 1129 440 publicum.
1807 394 1826 425 5

466 440 653 482 Invisum
681 450 768 482 erat
792 441 967 482 Fabium
997 457 1153 482 nomen
1182 441 1295 497 plebi
1324 450 1493 498 propter
1522 438 1794 482 novissimum

408 499 645 542 consulem:
679 507 851 540 tenuere
882 507 1023 539 tamen
1053 498 1211 548 Patres,
1243 507 1290 539 ut
1319 514 1416 540 cum
1447 498 1496 539 L.
1520 496 1705 539 Aemilio
1734 494 1828 535 K.6

410 181 490 218 120

374 579 381 586 ·
409 556 561 598 Fabius
581 556 726 598 consul
747 564 964 596 crearetur.
1007 555 1070 596 Eo
1091 556 1279 597 infestior
1299 556 1406 597 facta
1425 556 1567 612 plebes
1588 552 1793 595 seditione

374 623 381 630 ’
407 614 636 656 domestica
665 613 822 654 bellum
854 621 1076 654 externum
1108 614 1283 654 excivit:
1322 613 1434 654 bello
1466 612 1621 653 deinde
1654 609 1794 651 civiles

407 672 637 713 discordiae
659 670 927 712 intermissae.
981 670 1080 711 Uno
1102 671 1241 712 animo
1262 671 1407 712 Patres
1427 685 1474 711 ac
1497 669 1640 726 plebes
1660 665 1795 708 rebel-

407 730 540 771 lantes
567 729 741 770 Volscos
773 736 815 769 et
846 727 1031 783 Aequos,
1064 728 1169 769 duce
1199 728 1397 776 Aemilio,
1428 741 1625 784 prospera
1652 739 1796 781 pugna

407 788 554 828 vicere.
616 786 717 827 Plus
757 794 898 826 tamen
939 785 1120 826 hostium
1159 786 1269 842 suga,
1304 801 1430 841 quam
1469 783 1688 841 proelium,
1723 782 1795 823 ab·

407 844 604 900 sumpsit:
650 843 755 884 adeo
802 842 1071 898 pertinaciter
1109 843 1219 884 fusos
1263 843 1440 884 insecuti
1480 850 1577 883 sunt
1617 840 1792 896 equites.

411 901 596 942 Castoris
615 901 739 942 aedes
760 900 908 942 eodem
929 916 1039 941 anno
1060 900 1205 942 Idibus
1226 900 1485 950 Quintilibus
1506 899 1699 940 dedicata
1718 905 1791 939 est.
1809 911 1827 943 7

408 959 519 1000 Vota
554 967 641 999 erat
677 958 831 999 Latino
865 958 987 1007 bello,
1025 958 1242 999 Postumio
1277 958 1502 1000 dictatore:
1546 956 1658 997 filius
1691 955 1793 1005 eius,

408 1016 604 1057 duumvir
623 1016 676 1056 ad
697 1016 741 1056 id
761 1016 897 1072 ipsum
918 1025 1091 1066 creatus,
1113 1016 1332 1057 dedicavit.

469 1073 687 1115 Sollicitati
708 1082 750 1114 et
771 1089 821 1114 eo
842 1088 952 1114 anno
973 1082 1070 1114 sunt
1090 1073 1313 1114 dulcedine
1339 1073 1521 1129 agrariae
1541 1072 1644 1128 legis
1665 1070 1794 1112 animi

408 1131 551 1188 plebis.
604 1131 784 1172 Tribuni
804 1130 936 1187 plebis
957 1130 1200 1186 popularem
1220 1139 1470 1187 potestatem
1489 1130 1581 1186 lege
1603 1126 1827 1186 populariss

407 1189 683 1230 celebrabant.
743 1188 898 1237 Patres,
921 1188 1017 1229 satis
1038 1203 1128 1244 sup<
1142 1203 1244 1243 rque
1266 1188 1434 1244 gratuiti
1454 1187 1602 1228 furoris
1621 1187 1666 1227 in
1686 1185 1795 1227 mul-

406 1247 586 1288 titudine
628 1246 846 1288 credentes
881 1261 981 1295 csse,
1015 1245 1254 1301 largitiones
1287 1245 1614 1300 temeritatisque
1644 1244 1795 1284 invita-

406 1313 549 1345 menta
568 1304 803 1345 horrebant.
850 1303 1059 1345 Acerrimi
1081 1304 1274 1344 Patribus
1295 1303 1423 1344 duces
1443 1302 1497 1344 ad
1516 1301 1795 1343 resistendum

407 1362 596 1403 consules
631 1362 757 1403 fuere.
823 1361 885 1402 Ea
921 1362 1048 1417 igitur
1079 1376 1172 1417 pars
1202 1361 1455 1417 reipublicae
1483 1359 1606 1400 vicit:
1641 1374 1719 1400 nec
1749 1358 1795 1398 in

407 1435 600 1475 praesens
622 1419 760 1468 modo,
783 1419 855 1460 scd
877 1419 921 1459 in
942 1419 1181 1460 venientem
1202 1419 1328 1459 etiam
1353 1433 1509 1459 annum
1531 1416 1594 1458 M.
1619 1416 1795 1457 Fabium

410 1477 616 1518 Kaesonis
635 1476 816 1526 fratrem,
840 1485 882 1517 et
905 1476 1035 1532 magis
1063 1476 1243 1516 invisum
1274 1475 1451 1516 alterum
1478 1475 1605 1531 plebi,
1628 1488 1796 1515 accusa·

409 1535 521 1576 tione
547 1534 615 1591 Sp.
643 1534 789 1584 Cassii,
812 1533 861 1575 L.
885 1533 1101 1574 Valerium
1123 1533 1312 1575 consules
1332 1533 1461 1574 dedit.
1806 1549 1827 1581 9

468 1591 686 1634 Certatum
708 1608 758 1632 eo
779 1607 947 1648 quoque
976 1606 1086 1632 anno
1114 1606 1209 1632 cum
1239 1591 1413 1632 tribunis
1434 1598 1506 1631 est.
1569 1589 1692 1630 Vana
1710 1589 1792 1638 lex,
1810 1606 1823 1627 1

407 1650 586 1706 vanique
608 1649 710 1705 legis
731 1659 930 1698 auctores,
953 1649 1145 1690 iactando
1174 1648 1336 1689 irritum
1358 1656 1522 1697 munus,
1544 1646 1653 1688 facti.
1716 1646 1794 1687 Fa·
1807 1662 1826 1684 2

406 1709 522 1748 bium
553 1707 652 1748 inde
686 1722 840 1748 nomen
871 1707 1019 1762 ingens
1051 1715 1144 1762 post
1175 1715 1256 1746 tres
1287 1705 1508 1746 continuos
1541 1703 1792 1753 consulatus,

407 1781 575 1821 unoque
597 1764 711 1805 velut
732 1774 875 1805 tenore
904 1779 1048 1804 omncs
1076 1772 1270 1819 expertos
1297 1762 1529 1804 tribuniciis
1557 1761 1794 1803 certamini-

405 1824 494 1872 bus,
512 1823 712 1863 habitum.
762 1821 923 1877 Itaque,
942 1830 989 1862 ut
1009 1822 1116 1862 bene
1138 1821 1308 1870 locatus,
1331 1821 1483 1861 mansit
1503 1820 1548 1860 in
1570 1834 1619 1860 ea
1637 1818 1795 1860 familia

406 1880 664 1935 aliquamdiu
685 1880 829 1920 honos.
894 1879 1058 1920 Bellum
1081 1878 1178 1919 inde
1202 1877 1358 1919 Veiens
1379 1878 1554 1926 initum,
1587 1885 1630 1918 et
1650 1876 1794 1918 Volsci

736 1936 819 1978 Sed
841 1936 894 1977 ad
914 1936 1023 1977 bella
1044 1944 1219 1977 externa
1238 1951 1366 1991 prope
1395 1942 1639 1991 supererant
1658 1934 1789 1975 vires:

406 1996 766 2050 abutebanturque
798 1994 846 2035 iis
877 1994 986 2035 inter
1013 2002 1143 2036 semet
1164 1993 1273 2049 ipsos
1294 1993 1505 2034 certando.
1566 1992 1825 2037 Accessere3

449 2133 464 2163 5
482 2125 712 2164 Inpublicum]
736 2123 802 2155 Ubi
815 2125 929 2164 populi
940 2123 1077 2163 pecunia
1120 2123 1152 2153 in
1169 2123 1230 2153 hoc
1247 2133 1317 2163 cap.
1334 2122 1494 2153 dicuntur.

405 2168 598 2198 servabatur.
633 2168 671 2197 cf.
703 2177 787 2206 supr.
812 2179 841 2205 4.
877 2166 1012 2198 Niebhr.
1043 2166 1075 2197 ii.
1162 2176 1182 2207 9
1204 2167 1318 2204 Dedit]
1349 2166 1388 2196 cf.
1423 2165 1521 2196 Dion.
1543 2164 1605 2196 viii.
1629 2165 1680 2204 87.
1706 2164 1794 2195 unde

407 2214 469 2239 not.
489 2209 558 2248 386.

448 2251 467 2282 6
494 2254 635 2283 Tenuere
651 2257 756 2282 tamen
772 2253 906 2289 Patres]
943 2252 995 2281 Ex
1016 2251 1076 2281 hoc

406 2299 550 2334 tempore
575 2305 675 2333 usquc
696 2295 736 2324 ad
753 2294 1003 2324 decemviratum
1017 2305 1075 2333 pa—

407 2343 468 2368 tres
484 2348 609 2377 semper
624 2346 724 2367 unum
739 2337 902 2367 consulem
916 2337 1076 2367 creabant.

408 2380 542 2410 Niebhr.
558 2379 589 2410 ii.
607 2390 637 2419 p.
659 2380 726 2418 178.
749 2380 815 2418 187.

453 2432 467 2460 7
492 2424 631 2453 Castoris
647 2423 755 2459 aedes]
784 2422 822 2452 cf.
839 2432 923 2461 supr.
945 2431 990 2462 19.

450 2466 468 2494 8
496 2466 628 2495 Tribuni
663 2465 781 2504 plebis]
830 2464 917 2494 Hinc
955 2463 1075 2502 colligit

408 2507 541 2538 Nicbhr.
572 2507 603 2538 ii.
630 2518 659 2546 p.
689 2515 756 2546 ¹7²·
787 2507 890 2546 legem
920 2505 1075 2546 agrariam

406 2551 592 2580 (fassianam
608 2551 648 2580 ab
671 2554 800 2579 (metare
824 2550 978 2588 perlatam
996 2559 1074 2585 esse,

406 2593 459 2621 sul
477 2604 494 2622 a
513 2592 653 2631 patriciis
671 2592 790 2621 irritam
808 2592 938 2627 tactam,
955 2591 1074 2630 quippe

406 2639 480 2664 autc
511 2636 613 2674 legem
646 2634 820 2665 Publiliam
850 2633 984 2664 tribunis
1010 2644 1073 2663 11011

407 2682 472 2706 crat
498 2682 635 2715 potestas
658 2678 743 2716 leges
766 2676 1001 2716 promulgandi,
1020 2676 1073 2705 sed

410 2720 623 2758 promulgatas
640 2720 756 2756 solum,
772 2730 811 2749 110
834 2718 930 2749 tacite
946 2720 1074 2757 abroga-

407 2765 525 2797 rentur,
552 2763 672 2792 tuendi.
718 2762 863 2793 Cassium
901 2772 974 2791 vero
1012 2771 1075 2791 non

405 2807 564 2832 ‘metm-em
588 2805 642 2833 sed
663 2806 857 2835 inventorem
879 2804 956 2843 legis
979 2803 1076 2833 habet

411 2844 573 2874 wat-hsm.
593 2856 621 2883 p.
641 2856 712 2885 329,
733 2846 884 2884 quoniam
911 2846 1077 2876 Laetorius

406 2885 482 2925 legis
510 2887 668 2916 l'ubliliae
695 2893 816 2921 ητα-ίαν,
843 2888 1001 2918 Publilius
1028 2890 1074 2918 in-

408 2933 525 2963 ventor,
543 2928 612 2958 infr.
632 2938 679 2966 57.
698 2934 725 2958 et
747 2932 821 2959 rani
838 2932 915 2967 lestis
932 2935 1075 2961 auctores

1120 2212 1255 2248 apparet
1278 2209 1403 2238 nullam
1425 2208 1582 2238 rationem
1604 2217 1715 2238 eorum
1737 2207 1793 2237 ha-

1122 2252 1221 2281 bitam
1247 2251 1355 2288 fuisse,
1378 2251 1493 2290 quibus
1519 2249 1681 2281 centuriae
1707 2250 1792 2280 fave-

1120 2295 1209 2330 bant,
1239 2294 1294 2323 sed
1323 2293 1355 2323 in
1380 2294 1475 2324 verba.
1498 2292 1715 2332 patriciorum,
1737 2291 1793 2331 qui

1120 2338 1200 2367 duos
1216 2336 1363 2366 consules
1375 2335 1496 2366 curiata
1512 2336 1581 2374 lege
1594 2338 1792 2372 creaverunt,

1119 2378 1280 2409 centurias
1295 2378 1398 2408 iurare
1414 2378 1546 2408 adactas
1562 2387 1640 2407 esse.

1165 2431 1175 2450 1
1204 2422 1283 2451 Cum
1299 2421 1454 2457 tribunis]
1476 2419 1600 2450 Primas
1617 2419 1650 2449 in
1666 2420 1791 2459 agendo

1120 2468 1226 2502 partes
1242 2464 1279 2494 C.
1297 2462 1447 2493 Maenius
1461 2462 1593 2493 ferebat.
1610 2461 1709 2493 Dion.
1727 2461 1791 2494 viii.

1119 2507 1168 2545 87.

1162 2558 1178 2578 2
1204 2549 1338 2578 Fabium
1377 2548 1452 2578 inde
1488 2548 1618 2585 nomen]
1652 2546 1792 2578 Videtur

1117 2601 1194 2628 gens
1216 2590 1317 2620 Fabia
1339 2590 1478 2629 speciem
1502 2590 1664 2629 quandam
1687 2589 1791 2620 domi-

1119 2637 1223 2669 natus,
1253 2643 1349 2671 quam
1381 2632 1497 2662 Graeci
1527 2631 1709 2662 δυναστείαν
1738 2642 1790 2663 νο-

1119 2679 1204 2712 cant,
1225 2675 1282 2705 sibi
1305 2685 1477 2714 arrogasse,
1499 2675 1620 2714 quippe
1642 2685 1699 2714 per
1721 2685 1790 2714 sep-

1120 2722 1184 2748 tem
1209 2728 1309 2748 annos
1340 2718 1508 2747 continuos
1537 2728 1577 2748 ex
1604 2727 1643 2748 ea
1668 2716 1791 2748 familia

1119 2761 1283 2790 consulem
1307 2769 1406 2790 unum
1430 2760 1632 2799 reperiemus.
1654 2759 1788 2790 Niebhr.

1120 2803 1151 2833 ii.
1169 2814 1199 2843 p.
1220 2804 1288 2841 183.

1165 2855 1182 2884 3
1205 2847 1307 2876 Semet
1332 2846 1432 2884 ipsos]
1461 2845 1569 2875 Semet
1592 2845 1655 2884 ipsi
1681 2843 1707 2873 Ι.
1736 2843 1788 2873 Fr.

1121 2888 1261 2918 Gronov.
1293 2887 1346 2926 qui
1377 2898 1462 2926 supr.
1497 2897 1544 2927 19.
1575 2896 1632 2925 pro
1660 2886 1788 2916 suismet

1120 2932 1208 2969 ipsis.
1238 2932 1366 2961 suismet
1401 2931 1463 2969 ipsi
1500 2929 1623 2968 legend.
1654 2928 1787 2958 mavult.
