1934 3211
244 277 288 307 U.
306 275 344 306 C.
363 283 435 315 305.

242 320 283 391 t:
300 318 437 391 garli?

465 188 545 227 190
980 181 1129 224 ΤΙΤΙ
1166 182 1341 223 LIVII

463 288 569 328 quos
588 273 771 329 privatos
787 273 939 313 fecerat
960 281 1104 313 auctor
1119 271 1275 312 nullius
1291 269 1640 312 senatusconsulti
1655 267 1850 310 faciendi.

464 330 532 371 Ita
557 330 724 371 labante
755 330 839 370 iam
869 344 992 370 causa
1021 329 1368 378 decemvirorum,
1390 327 1441 369 L.
1467 327 1691 369 Cornelius
1712 325 1855 366 Malu-

242 402 307 433 lius
326 402 452 432 decem-
464 388 660 443 ginensiS,
686 387 748 428 M.
776 385 964 427 Cornelii
997 385 1223 427 decemviri
1255 386 1393 434 frater,
1417 400 1549 440 quum
1583 399 1637 425 ex
1664 381 1853 424 consula-

243 445 452 475 virostuetur.
465 445 579 485 ribus
610 444 663 485 ad
693 444 890 484 ultimum
922 442 1092 492 dicendi
1122 442 1261 483 locum
1293 442 1483 483 consulto
1519 449 1704 482 servatus
1734 447 1854 488 esset,

321 1928 388 1965 41.

464 501 700 542 simulando
722 515 865 541 curam
892 499 1005 548 belli,
1026 499 1195 539 fratrem
1224 498 1486 553 collegasque
1516 498 1606 538 eius
1635 497 1852 538 tuebatur:

466 563 478 581 ⁶
508 573 693 606 Quonam
711 558 794 597 fato
811 556 1038 604 incidisset,
1054 555 1194 595 mirari
1211 555 1265 596 se’
1279 555 1488 604 dictitans,
1505 560 1571 595 ‘ut
1584 553 1855 601 decemviros,

468 621 479 638 ⁶
495 616 568 671 qui
591 614 919 655 decemviratum
940 613 1155 667 petissent,
1179 620 1250 652 aut
1277 611 1391 660 socii,
1415 620 1487 652 aut
1506 611 1551 651 hi
1572 610 1754 651 maxime
1782 624 1858 665 op-

467 670 761 727 ⁶pugnarentP
797 678 869 710 aut
901 668 1005 723 quid
1040 669 1109 717 ita,
1148 683 1279 723 quum
1319 683 1394 723 per
1429 676 1492 708 tot
1527 682 1692 708 menses
1726 675 1889 707 vacua5

468 729 663 769 ‘civitate
698 741 836 774 nemo,
864 725 1017 766 iustine
1052 725 1315 780 magistratus
1348 739 1534 765 summae
1567 739 1707 765 rerum
1738 737 1859 779 prae-

469 791 481 808 ⁶
498 793 648 832 essent,
672 782 993 823 controversiam
1015 782 1183 831 fecerit;
1215 797 1329 822 nunc
1351 782 1536 830 demum,
1559 796 1691 836 quum
1718 780 1859 821 hostes

469 847 625 896 ‘prope
652 840 703 880 ad
733 848 872 894 portas
901 839 995 887 sint,
1019 839 1160 879 civiles
1182 838 1408 879 discordias
1436 847 1600 879 serant:
1634 837 1715 878 nisi
1743 837 1860 893 quod

467 903 479 921 ⁶
495 898 539 937 in
573 896 741 937 turbido
774 896 913 936 minus
945 896 1212 951 perspicuum
1244 896 1331 936 fore
1364 903 1528 950 putent,
1563 895 1668 950 quid
1699 902 1856 950 agatur.

467 960 478 977 ⁶
499 953 703 994 Ceterum
731 953 960 1001 neminem,
984 953 1138 993 maiore
1168 967 1267 993 cura
1295 952 1507 1008 occupatis
1528 951 1690 1000 animis,
1711 957 1892 991 verum6

467 1016 479 1034 ⁶
495 1026 597 1060 esse,
620 1010 925 1065 praeiudicium
946 1010 1006 1050 rei
1029 1018 1167 1050 tantae
1190 1010 1347 1050 afferre.
1409 1008 1497 1049 Sibi
1518 1008 1696 1064 placere,
1719 1008 1772 1049 de
1793 1023 1858 1057 eo,

468 1073 480 1090 ⁶
497 1067 612 1123 quod
633 1066 829 1107 Valerius
852 1066 1136 1121 Horatiusque
1171 1074 1267 1107 ante
1301 1065 1404 1106 Idus
1430 1065 1566 1106 Elaias
1599 1064 1860 1106 decemviros

468 1129 480 1148 ⁶
495 1124 628 1165 abisse
651 1124 895 1179 magistratu
915 1123 1172 1172 insimulent,
1194 1123 1326 1172 bellis,
1350 1138 1457 1178 quae
1483 1122 1743 1171 immineant,
1764 1137 1861 1177 per-

467 1181 627 1230 ⁶fectis,
662 1180 877 1236 republica
909 1180 952 1220 in
989 1180 1262 1235 tranquillum
1297 1179 1478 1228 redacta,
1513 1188 1660 1220 senatu
1696 1179 1861 1235 discep-

468 1244 480 1262 ⁶
496 1246 624 1287 tante,
647 1238 740 1293 agi:
775 1245 817 1278 et
844 1238 927 1278 iam
955 1252 1070 1278 nunc
1103 1238 1162 1278 ita
1193 1252 1235 1278 se
1269 1252 1414 1293 parare
1438 1236 1521 1292 Ap.
1549 1235 1792 1285 Claudium,
1813 1244 1862 1276 ut

469 1301 480 1318 ⁶
497 1295 774 1343 comitiorum,
818 1310 925 1350 quae
977 1294 1224 1335 decemviris
1269 1294 1460 1335 creandis
1509 1293 1722 1335 decemvir
1769 1293 1859 1349 ipse

470 1357 481 1375 ⁶
497 1351 703 1401 habuerit,
734 1352 837 1392 sciat
869 1351 948 1392 sibi
979 1352 1185 1392 rationem
1219 1351 1479 1392 reddendam
1513 1365 1614 1400 esse,
1644 1358 1786 1391 utrum
1815 1349 1862 1390 in

470 1414 481 1432 ⁶
497 1423 629 1449 unum
661 1423 819 1449 annum
851 1408 978 1449 creati
1009 1409 1104 1458 sint,
1128 1423 1182 1450 an
1209 1407 1345 1449 donec
1372 1408 1500 1464 legeS‚
1523 1422 1631 1464 quae
1653 1407 1861 1456 deessent,

470 1471 482 1488 ⁶
497 1465 789 1520 perferrentur.
855 1464 908 1505 In
928 1466 1165 1520 praesentia
1190 1465 1332 1506 omnia
1355 1473 1520 1521 praeter
1543 1464 1702 1506 bellum
1723 1463 1863 1505 omitti

471 1527 482 1545 ⁶
498 1521 685 1577 placere:
732 1522 854 1562 cuius
890 1522 924 1562 si
958 1522 1060 1563 falso
1096 1522 1249 1563 famam
1285 1522 1508 1578 vulgatam,
1544 1530 1735 1577 vanaque
1774 1535 1863 1562 non

471 1584 482 1602 ⁶
498 1579 669 1619 nuntios
694 1578 842 1627 solum,
864 1578 939 1618 sed
960 1578 1296 1619 Tusculanorum
1325 1580 1452 1620 etiam
1482 1579 1653 1635 legatos,
1676 1577 1862 1619 attulisse

472 1641 483 1658 ⁶
499 1643 661 1690 putent,
684 1635 963 1690 speculatores
984 1635 1212 1676 mittendos
1233 1651 1415 1684 censere,
1439 1636 1513 1690 qui
1537 1636 1692 1676 certius
1716 1634 1863 1690 explo-

471 1698 587 1732 ⁶rata
619 1692 810 1732 referant.
877 1690 950 1732 Sin
983 1691 1087 1732 fides
1123 1701 1165 1732 et
1199 1692 1359 1732 nuntiis
1392 1701 1435 1732 et
1465 1691 1613 1746 legatis
1645 1691 1861 1740 habeatur,

471 1754 482 1771 ⁶
499 1748 711 1789 delectum
732 1749 866 1803 primo
888 1762 1057 1803 quoque
1080 1757 1267 1804 tempore
1289 1748 1457 1797 haberi}
1488 1748 1758 1796 decemviros,
1777 1763 1862 1803 quo

471 1811 482 1828 ⁶
499 1805 651 1860 cuique
681 1820 824 1846 eorum
845 1805 1048 1854 videatur,
1073 1805 1281 1846 exercitus
1303 1805 1484 1853 ducere3
1517 1820 1596 1846 nec
1621 1819 1711 1846 rem
1739 1804 1863 1845 aliam

471 1868 482 1886 ⁶
497 1862 730 1917 praeverti.'

527 1917 579 1958 In
619 1919 727 1959 hanc
768 1920 1018 1960 sententiam
1057 1929 1103 1960 ut
1139 1919 1437 1968 discederetur,
1472 1920 1655 1960 iuniores
1688 1915 1895 1980 Patrum}

470 1976 729 2016 evincebant.
783 1975 1021 2016 Ferociores
1042 1976 1193 2015 iterum
1216 1976 1347 2017 coorti
1364 1975 1558 2017 Valerius
1576 1975 1862 2031 Horatiusque

469 2031 699 2081 vociferari,
734 2037 746 2055 ⁶
761 2040 807 2072 ut
827 2032 879 2072 de
909 2032 1123 2088 republica
1142 2032 1287 2073 liceret
1307 2032 1447 2074 dicere
1465 2049 1474 2074 z
1509 2033 1694 2074 dicturos
1714 2032 1767 2073 ad
1787 2047 1863 2088 po-

515 2192 531 2221 5
555 2184 625 2212 Aac
649 2183 736 2219 socii,
755 2187 813 2212 ant
834 2183 867 2212 hi
892 2183 1044 2219 nuwime]
1074 2184 1145 2212 Aut

469 2226 527 2254 solz·
548 2229 606 2254 aut
628 2225 661 2254 1ιὶ
684 2225 821 2254 mamime
844 2224 1016 2262 legendum
1036 2228 1144 2254 censet

471 2267 565 2297 Crev.
610 2267 694 2296 Socii
713 2266 832 2296 Stroth.
854 2266 1092 2304 interpretatur,
1113 2277 1145 2296 se

470 2310 567 2339 socios
580 2309 773 2347 praebendo.
820 2307 921 2337 Haud
937 2307 1002 2337 scio
1017 2317 1058 2337 an
1075 2318 1143 2338 sen—

472 2360 524 2380 sus
538 2350 589 2387 sit,
602 2355 638 2380 m
653 2351 708 2389 qui
721 2350 966 2380 decemviratum
980 2351 1145 2388 petissent,

472 2397 530 2422 aut
553 2393 628 2422 socii
650 2401 772 2428 eorum,
788 2395 846 2421 aut
861 2392 895 2420 Izi
910 2391 982 2429 ipsi,
997 2391 1029 2421 h.
1046 2400 1073 2421 e.
1090 2394 1146 2420 aut

1188 2192 1251 2212 non
1271 2182 1387 2222 rogatis
1407 2192 1512 2221 neque
1528 2182 1621 2213 dictis
1635 2181 1814 2220 sententiis,
1827 2181 1863 2212 in

1188 2235 1222 2254 re
1237 2224 1359 2255 scilicet
1373 2225 1422 2254 vel
1439 2225 1526 2255 clara
1540 2224 1798 2263 indubitataque,
1810 2224 1862 2254 vel

1189 2265 1252 2296 levi
1268 2270 1299 2296 et
1315 2266 1480 2303 tralatitia‚
1497 2266 1605 2297 statim
1623 2266 1863 2298 transeuntibus

1189 2308 1222 2338 in
1248 2317 1347 2338 unam
1378 2312 1502 2347 partem
1532 2308 1731 2338 senatoribus
1760 2307 1862 2338 omni-

1188 2351 1259 2386 bus,
1283 2354 1339 2379 aut
1366 2350 1460 2388 longe
1485 2349 1605 2380 majore
1627 2353 1730 2389 parte,
1753 2349 1861 2380 fiebat.

1190 2391 1243 2421 Ex
1258 2391 1314 2421 illo
1331 2390 1528 2421 deliberandi
1542 2401 1631 2421 more
1647 2391 1767 2430 pendet
1780 2390 1862 2422 haec-

472 2444 530 2473 per
549 2434 652 2463 socios
671 2438 727 2463 aut
751 2443 808 2472 per
828 2443 871 2469 se,
886 2434 1076 2464 decemviros
1093 2443 1145 2471 op-

467 2480 667 2515 puynarent.

514 2516 547 2547 6·
561 2518 676 2548 Verum
692 2519 774 2555 esse]
793 2527 835 2547 se.
850 2517 926 2546 Non
942 2526 1081 2554 aequum
1099 2526 1144 2546 es—

472 2569 504 2589 se
521 2569 717 2597 quemquam
734 2559 773 2588 de
790 2569 823 2588 re
839 2562 930 2588 tanta
953 2557 1144 2588 sententiam

472 2601 560 2639 prius
585 2600 760 2630 iudicatam
787 2601 912 2635 afferre,
936 2600 966 2630 h.
991 2610 1019 2630 e.
1045 2599 1144 2638 prius-

472 2652 568 2680 quam
586 2642 617 2671 in
635 2641 789 2672 iudicium
810 2652 857 2672 res
875 2641 1005 2671 veniret.

518 2691 533 2721 7
556 2685 799 2721 Discederetur]
838 2683 885 2714 Ut
909 2683 942 2713 in
968 2684 1052 2713 hanc
1076 2693 1144 2713 sen-

472 2725 606 2755 tentiam
671 2726 984 2755 senatusconsultum
1045 2725 1144 2755 fieret.

473 2765 617 2796 Verbum
640 2768 798 2798 discedere
822 2767 881 2796 hac
906 2766 937 2796 iu
957 2777 990 2796 re
1012 2767 1144 2796 solenne

471 2811 548 2836 crat.
585 2807 755 2838 Vocabaut
771 2813 879 2838 tamen
897 2808 1026 2847 propria
1041 2812 1073 2838 et
1090 2819 1143 2847 pe-

473 2847 583 2876 culiari
625 2850 845 2887 appellatione
889 2851 1144 2880 senatusconsul-

473 2892 541 2917 tum
556 2898 616 2926 per
632 2891 847 2921 discessionem
864 2891 997 2929 factum,
1012 2892 1045 2922 id
1058 2892 1143 2930 quod

1190 2432 1310 2463 locutio
1342 2433 1477 2472 pedibus
1506 2434 1554 2464 ire
1583 2435 1619 2463 in
1647 2434 1862 2464 sententiam:

1189 2485 1289 2514 quum
1312 2475 1446 2511 scilicet,
1461 2473 1526 2505 sive
1549 2485 1632 2505 unus
1653 2474 1780 2514 aliquis,
1795 2474 1862 2505 sive

1190 2517 1308 2556 plures,
1324 2516 1390 2546 sive
1408 2526 1531 2554 omnes,
1550 2527 1615 2547 non
1639 2527 1717 2547 voce
1739 2521 1772 2547 et
1794 2527 1862 2548 ora-

1189 2557 1276 2588 tione
1292 2558 1485 2588 sententiam
1502 2562 1721 2599 exponerent3
1743 2559 1799 2589 sed
1814 2569 1862 2589 so-

1190 2601 1220 2630 lo
1248 2601 1367 2638 pedum
1393 2604 1495 2638 motu,
1519 2602 1713 2632 transeundo
1739 2600 1862 2631 scilicet

1190 2641 1222 2671 in
1253 2642 1336 2672 hanc
1362 2642 1494 2672 illamve
1525 2646 1660 2681 partem,
1684 2646 1861 2673 censerent.

1191 2684 1285 2714 Haec
1307 2684 1372 2713 fere
1389 2684 1517 2714 Manut.
1538 2684 1571 2714 in
1594 2685 1675 2715 libro
1691 2685 1731 2716 de
1747 2687 1860 2715 senatu

1190 2726 1288 2756 Rom.
1311 2726 1417 2756 (ἷκεν.

1231 2768 1250 2797 8
1273 2769 1295 2798 I
1296 2769 1423 2798 uniores
1441 2769 1598 2806 Patrum]
1635 2778 1677 2799 sc.
1695 2767 1860 2800 Minorum

1187 2809 1331 2848 gentium
1360 2813 1478 2847 patres,
1507 2810 1561 2848 qui
1590 2810 1689 2850 Appii
1716 2808 1861 2848 partibus

1190 2851 1276 2881 haud
1293 2851 1389 2881 dubie
1405 2851 1564 2883 favebant.
