1934 3211
211 296 255 327 U.
272 296 310 327 C.
329 295 400 337 369.

209 340 249 369 A.
274 340 311 370 C.
329 340 401 378 383.

210 381 344 411 Bellum

210 433 284 454 cum
302 424 398 454 Etru-

210 465 271 496 scis
286 466 387 496 Sutri-

210 518 265 538 um
283 509 363 539 obsi—

210 551 369 583 dentibus.

427 202 509 240 358
939 197 1086 240 TITI
1128 195 1308 239 LIVH

430 289 611 330 Romam
633 297 695 330 est
715 288 937 344 profectus,
960 298 1007 330 ut
1035 298 1225 329 senatum
1255 288 1308 328 ad
1336 285 1618 328 excidendum
1642 285 1827 327 Antium>

428 347 673 388 hortaretur.
737 345 853 386 Inter
888 361 1124 386 sermonem
1161 346 1250 386 eius
1285 344 1444 400 (credo,
1481 359 1570 384 rem
1604 343 1824 384 Antiatem

429 404 734 445 diuturniorem
756 417 938 452 manere,
961 403 1042 443 diis
1063 403 1179 443 cordi
1199 401 1345 457 fuisse)
1365 401 1492 457 legati
1513 402 1564 442 ab
1587 400 1755 456 Nepete
1777 415 1824 441 ac

432 461 584 510 Sutrio,
611 460 816 502 auxilium
847 460 1042 501 adversus
1064 459 1262 500 Etruscos
1289 467 1494 515 petentes,
1516 458 1705 507 veniunt,
1730 458 1825 499 bre-

428 534 525 560 vem
545 518 807 559 occasionem
829 532 916 558 esse
938 516 1101 557 ferendi
1129 516 1274 556 auxilii
1300 524 1590 556 memorantes.
1655 514 1719 555 Eo
1739 514 1825 555 vim

433 575 603 617 Camilli
629 576 679 615 ab
703 574 836 614 Antio
861 574 1028 614 fortuna
1053 573 1212 613 avertit.
1277 571 1475 626 Namque
1498 587 1629 626 quum
1658 586 1708 612 ea
1733 571 1826 612 loca

429 633 621 689 opposita
642 631 850 679 Etruriae,
873 639 916 670 et
935 629 1051 669 velut
1079 629 1258 669 claustra
1284 628 1383 668 inde
1406 637 1634 683 portaeque
1658 637 1822 677 essent3

429 699 473 731 et
502 689 583 730 illis
614 687 849 743 occupandi
880 702 940 735 ea,
965 701 1095 741 quum
1125 685 1229 741 quid
1256 685 1355 725 novi
1383 684 1642 734 molirentur,
1665 693 1708 725 et
1737 685 1826 726 Ro-

428 746 562 787 manis
603 743 880 799 recuperandi
913 742 1145 798 tuendique
1187 757 1287 782 cura
1326 749 1424 782 erat.
1487 741 1624 797 Igitur
1663 742 1827 783 senatui

429 818 525 844 cum
550 801 730 842 Camillo
745 800 811 856 agi
828 800 997 856 placuit,
1013 808 1073 849 ut,
1089 799 1239 840 omisso
1258 799 1405 847 Antio,
1423 798 1580 839 bellurn
1600 799 1823 840 Etruscum

429 859 668 914 susciperet.
731 857 942 913 Legiones
956 857 1152 906 urbanae,
1168 856 1320 912 quibus
1338 855 1564 903 Quinctius
1577 856 1825 912 praefuerat,

429 917 469 958 ei
501 916 798 957 decernuntur.
865 914 1123 969 Quanquam
1159 922 1381 969 expertum
1417 914 1649 954 exercitum
1688 929 1827 955 assue-

429 984 604 1029 tumque
619 973 808 1028 imperio,
827 973 900 1027 qui
923 972 965 1011 in
983 971 1148 1012 Volscis
1165 980 1265 1020 erat,
1283 970 1442 1019 mallet3
1476 970 1581 1011 nihil
1602 971 1823 1012 recusavit:

429 1030 647 1071 Valerium
676 1029 969 1070 tantummodo
997 1028 1163 1084 imperii
1185 1028 1344 1069 socium
1365 1027 1623 1084 depoposcit.
1689 1028 1825 1077 Quin-

430 1088 537 1129 ctius
584 1087 872 1142 Horatiusque
910 1101 1166 1127 successores
1204 1085 1374 1126 Valerio
1407 1085 1453 1125 in
1489 1084 1664 1127 Volscos
1699 1086 1824 1127 missi.

430 1145 613 1185 Profecti
636 1146 687 1185 ab
708 1145 810 1184 urbe
838 1143 1023 1184 Sutrium
1050 1143 1200 1184 Furius
1221 1151 1264 1183 et
1284 1142 1478 1183 Valerius
1498 1151 1660 1198 partem
1681 1143 1828 1199 oppidi

430 1203 513 1243 iam
544 1210 708 1258 captam
739 1202 790 1242 ab
821 1201 1007 1242 Etruscis
1038 1200 1260 1248 invenere3
1294 1215 1347 1240 ex
1377 1208 1493 1256 parte
1525 1199 1665 1250 altera,
1698 1201 1828 1241 inter-

430 1259 582 1315 saeptis
603 1259 834 1307 itineribus,
858 1273 978 1314 aegre
994 1257 1225 1313 oppidanos
1246 1258 1329 1297 vim
1347 1256 1530 1297 hostium
1551 1258 1601 1298 ab
1623 1273 1665 1298 se
1681 1273 1828 1299 arcen-

431 1326 504 1357 tes.
572 1316 717 1364 Quum
748 1316 931 1356 Romani
954 1315 1098 1355 auxilii
1124 1315 1341 1363 adventus,
1364 1323 1455 1354 tum
1480 1313 1650 1355 Camilli
1670 1330 1827 1356 nomen

431 1374 749 1414 celeberrimum
778 1373 891 1429 apud
916 1373 1055 1413 hostes
1086 1372 1315 1427 sociosque,
1339 1381 1381 1412 et
1401 1372 1445 1411 in
1475 1372 1711 1427 praesentia
1737 1387 1827 1413 rem

431 1431 674 1471 inclinatam
702 1431 911 1479 sustinuit,
935 1439 975 1471 et
1004 1430 1182 1485 spatium
1213 1430 1267 1470 ad
1299 1444 1423 1485 opem
1450 1428 1667 1470 ferendam
1695 1429 1824 1471 dedit.

431 1487 581 1542 Itaque
604 1488 736 1528 diviso
764 1488 965 1536 exercitu,
992 1486 1197 1528 Camillus
1227 1486 1442 1541 collegam,
1473 1502 1565 1527 eam
1593 1487 1638 1527 in
1665 1496 1827 1543 partem

432 1544 729 1585 circumductis
750 1545 892 1600 copiis,
916 1560 1043 1599 quam
1065 1544 1204 1585 hostes
1233 1545 1444 1593 tenebant,
1468 1544 1636 1585 moenia
1655 1544 1827 1600 aggredi

432 1601 562 1650 iubet,
595 1616 682 1642 non
723 1610 840 1641 tanta
869 1616 954 1656 spe,
988 1601 1107 1642 scalis
1138 1601 1230 1656 capi
1262 1602 1409 1641 urbem
1441 1616 1574 1656 posse,
1607 1617 1734 1657 quam
1765 1609 1825 1651 ut,

432 1658 584 1699 aversis
610 1673 659 1699 eo
685 1658 886 1706 hostibus,
909 1666 951 1698 et
972 1658 1193 1713 oppidanis
1219 1658 1301 1697 iam
1326 1658 1556 1713 pugnando
1577 1658 1693 1699 fessis
1713 1658 1828 1699 laxa-

432 1724 546 1756 retur
566 1715 694 1763 labor,
717 1724 759 1755 et
781 1715 867 1770 ipse
891 1715 1069 1770 spatium
1092 1714 1278 1754 intrandi
1300 1715 1388 1754 siue
1411 1715 1638 1755 certamine
1661 1715 1828 1756 moenia

430 1773 614 1813 haberet.
671 1772 800 1819 Quod
821 1787 952 1827 quum
970 1770 1093 1811 simul
1115 1771 1326 1825 utrimque
1344 1771 1501 1811 factum
1518 1780 1638 1821 essct,
1654 1787 1827 1828 anceps-

432 1845 514 1885 que
539 1838 670 1869 tcrror
692 1829 890 1869 Etruscos
919 1829 1218 1876 circumstaret,
1241 1836 1283 1867 et
1313 1828 1481 1868 moenia
1507 1843 1670 1869 summa
1693 1829 1731 1869 vi
1753 1845 1828 1885 op-

428 1887 619 1942 pugnari,
650 1895 690 1927 et
723 1887 833 1926 intra
862 1885 1028 1926 moenia
1057 1899 1144 1925 esse
1176 1884 1338 1925 hostem
1371 1885 1584 1934 viderent3
1617 1895 1739 1941 porta
1769 1902 1826 1937 se,

429 1959 537 1999 quae
559 1959 644 1984 una
660 1944 764 1984 forte
787 1958 873 1983 non
895 1942 1177 1990 obsidebatur,
1193 1941 1346 1997 trepidi
1367 1957 1453 1982 uno
1467 1943 1632 1997 agmine
1651 1944 1824 1986 eiecere.

430 2000 591 2056 lssagna
611 2000 759 2041 caedes
783 1999 1035 2055 fugientium
1057 2006 1100 2039 et
1120 1998 1164 2038 in
1187 1999 1287 2039 urbc
1311 2007 1352 2039 et
1379 2013 1454 2054 per
1476 2014 1595 2054 agros
1623 2009 1685 2041 est
1705 2001 1825 2043 facta.

429 2057 578 2099 Plures
595 2073 618 2098 a
640 2057 829 2099 Furianis
846 2057 955 2098 intra
969 2056 1136 2098 moenia
1152 2055 1278 2097 caesi:
1313 2054 1529 2097 Valeriani
1546 2057 1828 2114 expeditiores

475 2213 493 2242 8
516 2214 671 2252 Legliones
693 2213 850 2249 urbanae,
871 2213 986 2252 quibus
1008 2213 1107 2248 Quin-

432 2257 515 2285 ctius
528 2256 737 2294 praefuerat]
772 2254 947 2289 Quinctius
964 2258 1109 2293 praeerat

433 2297 589 2327 exercitui
620 2308 659 2327 ex
690 2297 841 2327 causariis
870 2297 1110 2334 senioribusque

434 2339 717 2379 conscripto,supr.
726 2338 753 2369 6.
782 2339 866 2368 Eum
878 2339 1031 2368 traditum
1043 2348 1110 2368 esse

435 2382 587 2419 Camillo,
604 2391 703 2420 quum
724 2382 806 2411 alter
821 2381 980 2411 exercitus
996 2391 1013 2410 e
1028 2380 1107 2410 iuni-

435 2425 541 2454 oribus
568 2424 746 2462 validisque
769 2434 788 2453 a
812 2424 854 2458 Q.
876 2422 1011 2453 Servilio
1038 2422 1109 2452 scri-

434 2470 511 2506 ptus
529 2471 655 2505 praesto
675 2470 768 2503 esset,
784 2476 848 2495 non
865 2469 912 2495 est
929 2465 1109 2495 verisimile.

436 2510 553 2548 Itaque
569 2509 621 2538 hic
637 2509 874 2538 rescribendum
892 2507 1028 2544 videtur,
1043 2508 1111 2547 qui-

435 2552 493 2582 bus
510 2553 546 2588 Q.
562 2552 719 2582 Servilius
734 2551 936 2590 praefuerat.
982 2549 1107 2579 Tamen

435 2594 548 2633 paullo
563 2593 645 2623 infra
662 2592 850 2630 Quinctius,
862 2602 927 2622 non
944 2591 1108 2628 Servilius,

435 2636 576 2665 mittitur
607 2636 647 2665 ad
683 2645 757 2665 eum
793 2634 982 2671 exercitum,
1011 2644 1108 2673 quem

436 2678 596 2709 Camillus
608 2677 640 2707 in
652 2677 781 2708 Volscis
792 2677 1003 2716 relinquebat.
1043 2676 1107 2706 Ita-

436 2730 499 2758 que
524 2724 555 2750 et
578 2720 675 2750 aliam
700 2719 969 2758 permutationem
990 2717 1108 2749 exerci-

437 2766 529 2792 tuum
554 2763 673 2792 factam
699 2772 766 2792 esse
786 2772 915 2792 necesse
935 2766 993 2797 est,
1009 2761 1053 2790 ita
1073 2764 1109 2790 ut

438 2803 591 2833 Servilius
620 2804 794 2843 praefuerit
819 2804 973 2834 exercitui
1005 2802 1109 2838 Quin-

438 2844 555 2881 ctiano,
566 2846 619 2884 qui
636 2847 676 2876 ad
693 2847 803 2876 urbem
821 2849 963 2876 retentus
980 2845 1028 2875 sit.
1058 2844 1110 2875 Sic

438 2886 558 2915 nodum
580 2887 665 2916 hunc
689 2889 783 2917 solvit
800 2889 828 2918 Ι.
847 2888 898 2917 Fr.
916 2887 1109 2918 Gronovius.

438 2927 543 2958 CREV.
575 2928 696 2958 Contra
714 2929 979 2959 Drakenborchio
994 2929 1111 2959 arridet

1154 2210 1338 2242 coniectura
1362 2212 1428 2242 Iac.
1453 2211 1619 2249 Gronovii,
1642 2211 1697 2251 qui
1721 2222 1828 2244 causa-

1154 2253 1215 2283 rios
1240 2255 1373 2284 fortasse
1402 2254 1467 2284 iani
1495 2254 1695 2284 convaluisse
1721 2258 1752 2284 et
1782 2265 1828 2286 se-

1154 2296 1259 2326 niores
1289 2306 1353 2326 non
1385 2306 1511 2335 prorsus
1541 2296 1720 2335 decrepitos
1749 2307 1828 2335 esse,

1155 2339 1221 2375 sed,
1251 2339 1488 2375 tantummodo,
1517 2342 1553 2367 ut
1583 2337 1745 2376 emeritos,
1774 2339 1828 2369 sti-

1155 2380 1274 2419 pendia
1302 2380 1361 2410 nisi
1393 2380 1480 2419 gravi
1510 2379 1707 2419 reipublicae
1737 2390 1827 2411 occa·

1155 2422 1243 2452 sione
1265 2432 1329 2452 non
1354 2422 1475 2452 facere:
1501 2423 1647 2453 Seniores
1671 2422 1769 2460 enim,
1791 2427 1828 2454 ut

1157 2465 1292 2495 Niebhr.
1314 2464 1347 2494 ii.
1368 2475 1399 2494 n.
1425 2465 1497 2503 258,
1519 2474 1589 2505 ²59-
1614 2464 1737 2503 optime
1761 2465 1827 2496 ani-

1156 2507 1341 2543 madvertit,
1361 2516 1425 2536 non
1451 2506 1548 2536 modo
1569 2507 1610 2537 ad
1626 2509 1829 2546 praesidium

1152 2550 1252 2585 urbis,
1263 2549 1317 2579 sed
1332 2550 1373 2579 ad
1384 2550 1490 2579 subita
1504 2550 1576 2580 belli
1589 2553 1715 2588 praesto
1727 2554 1827 2581 erant.

1154 2591 1255 2621 Haud
1271 2591 1336 2620 scio
1353 2601 1394 2621 an
1411 2591 1570 2621 exercitus
1583 2591 1780 2623 Servilianus
1794 2593 1828 2624 in

1154 2633 1263 2663 castris
1283 2633 1390 2664 adhuc
1411 2633 1603 2673 invigilaret,
1618 2644 1659 2664 ne
1675 2634 1746 2673 quis
1760 2645 1827 2665 mo-

1153 2679 1204 2706 tus
1219 2686 1238 2705 a
1255 2675 1380 2706 Latinis
1396 2680 1494 2715 atque
1511 2676 1663 2707 Hernicis
1679 2676 1781 2715 fieret,
1795 2681 1828 2708 et

1154 2728 1253 2757 quum
1275 2718 1424 2749 subsidiis
1446 2728 1543 2757 quam
1566 2728 1701 2758 propere
1723 2719 1828 2750 ductis

1156 2760 1298 2790 Sutrium
1315 2764 1431 2800 egeret,
1447 2760 1561 2791 melius
1578 2760 1679 2791 visum
1703 2762 1827 2791 senatui

1155 2806 1248 2839 esset,
1264 2803 1404 2841 legiones
1427 2804 1574 2840 urbanas,
1590 2813 1686 2841 quam
1708 2803 1826 2833 exerci-

1155 2848 1223 2875 tum
1250 2845 1476 2883 Servilianum,
1502 2845 1535 2875 in
1560 2845 1642 2875 illud
1669 2854 1750 2884 opus
1773 2845 1826 2876 de-

1155 2887 1281 2918 stinare.
