1934 3211
398 184 481 223 458
911 179 1059 222 ΤΙΤΙ
1096 179 1276 222 LIVII

399 269 660 326 stipendiarii
689 270 788 311 faeti
818 278 928 319 sunt,
960 278 1079 311 scuta
1107 285 1184 326 pro
1214 270 1361 326 clipeis
1390 270 1553 311 fecere:
1593 277 1648 319 et,
1680 268 1822 324 quod1

399 336 524 368 antea
549 326 777 383 phalanges
805 327 960 368 similes
988 327 1290 377 Macedonicis,
1317 328 1397 368 hoc
1427 335 1572 383 postea
1602 326 1825 381 manipu-2

399 384 517 426 latim
538 393 695 425 structa
715 384 823 425 acies
844 384 985 440 coepit
1005 399 1106 426 esse.
1159 385 1379 426 Postremo
1400 384 1444 424 in
1465 384 1606 440 plures
1627 383 1794 424 ordines

398 442 722 482 instruebantur.
788 440 906 483 Ordo
935 456 1165 497 sexagenos
1191 441 1358 491 milites,
1381 441 1486 482 duos
1514 440 1792 489 centuriones,
1808 452 1826 483 3

398 498 663 540 vexillarium
703 513 836 539 unum
875 498 1067 539 habebat.
1141 498 1285 539 Prima
1324 498 1433 539 acies
1472 498 1623 539 hastati
1663 504 1793 546 erant,
1807 509 1827 537 4

400 555 604 611 manipuli
626 555 882 619 quindecim,
905 555 1108 595 distantes
1135 555 1246 595 inter
1273 570 1316 595 se
1345 555 1559 596 modicum
1586 554 1791 610 spatium:

400 612 637 668 manipulus
663 612 773 652 leves
805 612 973 652 vicenos
998 611 1164 660 milites,
1195 611 1318 651 aliam
1349 612 1513 652 turbam
1538 617 1825 652 scutatorums

399 670 590 711 habebat.
654 668 790 708 Leves
811 676 964 716 autem,
988 668 1061 722 qui
1082 668 1243 708 hastam
1265 676 1428 708 tantum
1448 683 1655 724 gaesaque
1676 673 1828 723 gere-6

399 737 505 775 rent,
527 726 793 766 vocabantur.
857 723 978 765 Haec
1008 725 1145 779 prima
1170 725 1284 765 frons
1314 725 1359 764 in
1390 740 1477 765 acie
1505 725 1652 765 florem
1679 724 1828 789 ὠνεῖ-ἕ

400 799 503 824 nuni
530 781 851 837 pubescentium
880 781 934 821 ad
961 781 1154 821 militiam
1184 781 1375 822 habebat.
1440 781 1670 822 Robustior
1695 781 1795 822 inde

400 848 512 880 aetas
533 838 709 880 totidem
730 838 1053 894 manipulorum,
1077 839 1230 894 quibus
1254 839 1515 894 principibus
1539 846 1602 880 est
1626 853 1795 888 nomen,

182 279 225 310 U.
243 279 281 310 C.
298 286 371 318 415.

179 322 219 352 A.
243 322 282 353 C.
299 330 371 362 337.

446 1010 457 1030 1
475 1000 706 1039 Stipendiarii]
724 1000 967 1039 Stipendiarius
981 999 1076 1038 vulgo
1121 999 1159 1031 C.
1177 998 1283 1030 Mario
1304 1002 1448 1037 auctore,
1463 998 1548 1029 acies
1568 998 1720 1029 Romana
1742 1007 1795 1028 ex-

399 1042 453 1081 qui
481 1041 679 1081 stipendium
706 1042 811 1072 solvit.
867 1042 934 1072 Hic
966 1046 1078 1072 contra
1121 1046 1213 1081 perta
1229 1045 1329 1072 esset:
1356 1041 1495 1080 denique
1511 1040 1652 1080 Lipsius,
1668 1039 1722 1079 qui
1739 1050 1797 1079 pro

399 1084 535 1114 sumitur
558 1094 615 1123 pro
636 1094 674 1114 eo
694 1084 749 1123 qui
772 1083 970 1123 stipendium
993 1083 1075 1114 acci-

400 1127 457 1165 pit.
482 1127 588 1157 CREv.
635 1126 702 1156 Hic
725 1126 857 1165 quidem
880 1130 988 1157 noster
1010 1127 1076 1156 bel-

400 1170 468 1198 lum
485 1173 597 1199 eontra
613 1168 776 1199 Veientes.
799 1179 884 1208 supr.
901 1169 942 1199 iv.
961 1178 1011 1209 59.
1030 1179 1076 1199 re-

402 1211 506 1250 spicit.

444 1263 460 1283 2
478 1255 586 1284 Antea
600 1254 797 1293 plialanyes]
811 1254 1077 1294 Antiquitas-Ro-

400 1305 498 1325 mana
513 1295 598 1326 acies
615 1306 679 1325 una
696 1296 848 1326 continua
864 1300 943 1333 erat,
959 1300 995 1325 ut
1008 1296 1078 1326 Ma-

401 1338 562 1367 cedonum
585 1337 643 1368 illa
666 1338 822 1377 phalanx,
842 1348 925 1377 quae
944 1338 1012 1368 sine
1032 1338 1078 1368 in-

400 1380 545 1410 tervallis
569 1380 742 1410 coniuncta
757 1380 866 1410 omnia
883 1384 914 1410 et
930 1384 1017 1410 arcte
1032 1380 1078 1410 in-

402 1426 450 1452 ter
482 1433 514 1452 se
552 1422 703 1452 devincta
742 1423 894 1459 habebat,
925 1423 1007 1453 adeo
1044 1426 1080 1452 ut

404 1464 551 1494 universo
576 1475 633 1494 suo
661 1466 803 1504 pondere
829 1465 971 1495 maxime
994 1466 1078 1495 vale-

404 1510 460 1536 ret.
516 1508 633 1537 Postea
664 1511 775 1537 autem
807 1508 959 1537 Romana
995 1507 1080 1537 acies

402 1549 630 1586 manipulatim
672 1552 793 1579 structa
834 1553 913 1586 erat,
956 1549 1079 1579 scilicet

405 1590 599 1627 cohortibus,
612 1593 648 1619 ut
660 1590 720 1620 hac
736 1601 811 1620 voce
827 1591 858 1620 in
875 1591 1009 1629 pristino
1022 1602 1079 1621 suo

404 1642 499 1662 sensu
522 1636 605 1668 utar,
628 1631 661 1660 in
686 1632 870 1670 manipulos
893 1633 1012 1669 divisis,
1034 1633 1080 1663 ita

403 1678 511 1704 tamen
525 1677 561 1703 ut
574 1673 716 1712 singulae
731 1674 878 1703 cohortes
893 1684 993 1713 prope
1006 1685 1079 1704 con-

403 1716 491 1746 fertis
501 1715 664 1745 ordinibus
676 1719 751 1745 ante
764 1726 821 1745 sua
831 1726 978 1754 quaeque
991 1716 1080 1755 signa

403 1758 643 1788 instruerentur.
662 1758 700 1788 cf.
712 1757 867 1788 infra-ixx,
882 1767 930 1796 33.
951 1759 1079 1789 Postre-

405 1811 451 1831 mo
474 1800 633 1838 manipuli
657 1799 689 1829 in
712 1799 804 1829 binos
827 1799 953 1830 ordines
976 1799 1078 1829 distri-

403 1842 472 1872 buti
486 1846 571 1878 sunt,
582 1846 678 1880 atque
690 1842 735 1871 ita
747 1841 925 1871 intervallis
934 1841 1078 1880 aliquan-

403 1888 473 1914 tum
487 1884 625 1914 invicem
638 1883 776 1920 discreti,
787 1887 823 1913 ut
835 1883 1002 1922 manipulo
1014 1883 1078 1913 cui—

403 1937 466 1965 que
496 1926 632 1956 liberum
663 1936 696 1956 se
726 1926 877 1956 movendi
912 1926 1078 1955 arbitrium

404 1971 495 1998 esset.
532 1968 731 1998 Niebuhrius
743 1968 880 1998 coniecit
890 1967 1078 1998 Camillum.

404 2011 443 2040 cf.
462 2010 550 2040 Plut.
569 2010 602 2039 in
619 2010 711 2040 Cam.
729 2020 779 2048 40.
803 2011 963 2040 secundae
986 2010 1079 2039 ratio-

404 2052 452 2082 nis
475 2052 578 2081 aciem
596 2052 781 2082 Romanam
805 2051 949 2081 struendi
970 2055 1079 2081 aucto-

405 2104 470 2124 rem
494 2094 601 2124 tfuisse.
648 2094 769 2124 Nescio
795 2104 837 2123 an
862 2093 970 2132 Scipio
996 2093 1079 2124 Afri-

404 2146 503 2166 canus
533 2137 646 2167 tertiae
676 2136 808 2166 rationis
837 2140 950 2166 auctor
974 2135 1079 2167 fuerit.

405 2179 443 2209 cf.
460 2179 532 2208 infr.
550 2188 627 2208 xxx.
646 2188 695 2217 33.

453 2230 470 2259 3
499 2222 600 2257 Ordo]
644 2220 779 2259 Quippe
810 2221 890 2250 duas
920 2219 1080 2250 centurias

404 2262 623 2301 unusquisque
657 2263 734 2292 ordo
766 2263 917 2299 habebat,
948 2266 979 2292 et
1007 2272 1079 2292 cen-

405 2304 489 2334 turia
505 2315 650 2343 quaeque
666 2304 807 2343 singulos
823 2315 862 2334 ex
879 2304 1012 2343 singulis
1027 2304 1079 2333 tri-

405 2347 509 2376 bubus
519 2346 681 2384 milites,si
690 2346 872 2376 Niebuhrio
883 2346 963 2376 fides
973 2346 1081 2375 danda

406 2389 454 2418 sit.
481 2389 634 2420 Ceterum
644 2399 817 2427 seoeczyenos
827 2389 943 2419 milites
952 2393 982 2418 et
992 2389 1081 2425 duos,

406 2432 623 2461 centurionem
645 2436 676 2461 et
699 2432 904 2461 veoez'llctrium
919 2441 1021 2460 unum
1037 2430 1080 2460 le-

405 2473 546 2511 gendum
563 2473 677 2502 suadet
694 2472 831 2511 Lipsius.

454 2526 473 2552 4
496 2516 629 2544 Hastati
655 2516 767 2552 erant]
811 2515 863 2544 Ita
890 2513 967 2544 dicti
995 2514 1081 2552 quod

406 2558 516 2586 hastas
542 2557 752 2595 plmlanyitas
778 2556 971 2592 retinebant,
997 2557 1081 2586 acies

408 2609 481 2628 vero
498 2598 561 2635 hic,
572 2599 657 2628 idem
670 2598 755 2636 quod
767 2598 944 2636 antiquitus
955 2599 1078 2628 colim-s:

408 2640 530 2679 quippe
560 2640 621 2669 hoc
651 2644 797 2678 tempore
828 2640 910 2679 legio
940 2640 1082 2678 quinque

409 2683 566 2719 cohortes,
577 2682 689 2712 cohors
701 2682 885 2720 quindecim
898 2682 1082 2720 manipulos

409 2724 560 2760 habebat,
575 2725 630 2754 sed
650 2734 713 2763 quo
736 2728 882 2771 ternpore
905 2727 1012 2753 noster
1034 2723 1080 2752 hi-

406 2766 535 2795 storiam
567 2776 657 2796 suam
685 2765 821 2805 scripsit,
850 2765 932 2805 legio
966 2766 1079 2796 decem

407 2807 564 2844 cohortos,
580 2808 693 2838 cohors
715 2812 779 2837 tres
801 2808 984 2854 manipulos
1005 2817 1078 2837 con-

406 2846 540 2885 tinebat,
564 2859 663 2887 quum
688 2855 837 2889 quartam
864 2849 1078 2881 mutationem

1119 1085 1311 1125 quindecim,
1323 1084 1508 1123 ubicunque
1520 1083 1668 1120 occurrit,
1686 1091 1797 1113 vocem

1120 1128 1236 1164 decem,
1252 1130 1284 1156 et
1307 1136 1364 1165 pro
1387 1128 1524 1166 triyinta
1545 1135 1657 1156 vocem
1680 1125 1798 1164 viginti

1121 1169 1260 1208 reponit,
1282 1179 1347 1199 non
1373 1168 1453 1199 vidit
1479 1178 1551 1198 eam
1576 1167 1710 1207 legionis
1736 1167 1797 1197 for-

1122 1222 1221 1248 mam,
1247 1221 1344 1250 quam
1374 1211 1444 1250 ipse
1473 1210 1614 1249 respicit,
1641 1219 1706 1240 non
1736 1209 1797 1239 nisi

1123 1258 1195 1292 post
1215 1253 1398 1293 Scipionem
1419 1253 1619 1290 Africanum,
1638 1251 1663 1282 si
1686 1255 1799 1282 auctor

1123 1296 1203 1326 ille'
1195 1306 1263 1326 iure
1280 1295 1498 1335 perhibendus
1513 1298 1572 1332 est,
1587 1293 1756 1325 exstitisse.

1168 1347 1184 1378 5
1208 1339 1408 1377 lllanipulus
1426 1339 1508 1369 leves
1525 1338 1650 1368 vicenos
1670 1337 1798 1373 milites,

1124 1382 1222 1411 aliam
1239 1382 1365 1410 turbam
1377 1380 1590 1417 scutatorum]
1610 1377 1799 1417 Antiquitus

1125 1423 1207 1462 legio
1224 1423 1386 1460 Romana,
1403 1423 1533 1461 quando
1554 1431 1642 1451 more
1662 1420 1798 1460 phalan-

1122 1465 1169 1504 gis
1185 1468 1304 1495 structa
1323 1468 1402 1501 erat,
1418 1464 1560 1503 quinque
1576 1463 1723 1493 cohortes
1742 1462 1798 1492 ha-

1123 1508 1231 1544 bebat,
1247 1517 1289 1537 se.
1303 1508 1480 1546 principes,
1495 1507 1647 1543 hastatos,
1657 1506 1798 1542 triarios,

1122 1551 1275 1585 oorarios,
1290 1560 1455 1580 tic-,censos
1480 1548 1627 1578 cohortes
1645 1557 1716 1577 vero
1736 1546 1799 1577 sin-

1122 1592 1217 1631 gulae
1244 1591 1374 1630 triginta
1397 1591 1558 1621 centurias
1580 1589 1799 1620 continebant.

1122 1635 1307 1672 Principes,
1323 1633 1378 1672 qui
1393 1635 1466 1664 olim
1485 1632 1665 1672 principem
1680 1631 1714 1661 in
1729 1630 1800 1661 acie

1123 1676 1277 1704 tenebant
1301 1675 1421 1712 locum,
1437 1679 1469 1705 et
1490 1674 1613 1713 optima
1635 1676 1800 1703 armatura

1123 1716 1270 1746 instructi
1287 1720 1387 1752 erant,
1399 1716 1502 1755 prima
1519 1715 1628 1746 classis
1645 1714 1799 1745 Serviana

1124 1759 1298 1796 praebebat
1315 1770 1322 1794 ;
1345 1758 1400 1787 sed
1416 1757 1569 1796 quoniam
1593 1756 1697 1795 prima
1718 1756 1798 1786 clas-

1123 1800 1164 1829 sis
1179 1799 1339 1829 centurias
1354 1799 1566 1838 quadraginta
1581 1798 1732 1835 habebat,
1745 1798 1798 1828 de-

1123 1852 1193 1872 cem
1226 1841 1388 1872 centuriae
1419 1851 1492 1871 cum
1517 1840 1635 1870 triariis
1659 1840 1799 1871 stabant.

1122 1885 1278 1914 Hastatos
1293 1887 1403 1913 autem
1419 1884 1535 1914 classes
1550 1882 1722 1919 secundae,
1737 1885 1798 1912 ter-

1122 1926 1197 1963 tiae,
1214 1930 1246 1956 et
1264 1930 1408 1964 quartae,
1423 1925 1568 1965 singulae
1582 1925 1701 1962 {decem
1725 1934 1798 1954 cen-

1123 1968 1234 2005 turias,
1258 1969 1466 2007 praebebant,
1481 1967 1527 1997 ita
1551 1970 1589 1996 ut
1612 1966 1689 1997 illae
1715 1967 1800 1996 duae

1124 2011 1249 2040 vicenos
1263 2014 1402 2040 scutatos
1419 2011 1546 2046 milites,
1562 2008 1601 2039 ef.
1615 2019 1701 2048 supr.
1714 2009 1735 2039 i.
1746 2017 1798 2048 43.

1124 2052 1204 2082 haec
1220 2056 1383 2091 postrema
1402 2052 1514 2081 decem
1534 2051 1621 2081 leves
1640 2050 1799 2080 ministra-

1123 2098 1183 2131 ret,
1193 2095 1279 2133 quod
1291 2098 1408 2130 noster,
1418 2104 1506 2124 more
1518 2092 1672 2132 loquendi
1685 2102 1800 2132 parum

1124 2140 1274 2166 accurato
1298 2146 1384 2173 usus,
1399 2135 1524 2166 inverso
1548 2135 1659 2165 ordine
1682 2138 1799 2166 narrat.

1126 2180 1269 2209 Triarios
1281 2182 1390 2208 autem
1406 2177 1520 2217 prima,
1532 2177 1684 2213 secunda,
1695 2179 1726 2207 et
1738 2180 1800 2206 ter-

1122 2220 1169 2250 tia
1192 2221 1319 2257 classes,
1335 2220 1478 2259 singulae
1494 2220 1606 2249 decem
1628 2219 1800 2257 centurias,

1124 2263 1329 2301 supplebant.
1354 2263 1474 2293 Rorari
1477 2273 1520 2299 os,
1530 2261 1609 2291 levis
1618 2264 1800 2291 armaturae

1124 2304 1253 2342 milites,
1264 2304 1377 2343 quinta
1387 2303 1506 2341 classis,
1518 2302 1650 2342 triginta
1659 2303 1800 2342 reliquas

1125 2356 1198 2376 suas
1221 2346 1392 2384 centurias,
1414 2345 1597 2385 praebebat.
1641 2346 1800 2376 Accensos

1125 2388 1189 2418 alia
1205 2388 1393 2419 multitndo.

1168 2429 1187 2460 6
1212 2432 1332 2468 Gaesa]
1367 2430 1511 2460 Gaesum
1542 2429 1670 2470 proprie
1695 2429 1799 2459 telum

1126 2472 1292 2502 Gallicum
1320 2473 1393 2509 fuit,
1418 2472 1524 2502 forsan
1548 2472 1652 2502 simile
1676 2474 1799 2508 veruto,

1125 2518 1211 2543 certe
1236 2514 1366 2544 missile.
1402 2514 1441 2543 cf.
1473 2514 1529 2544 Sil.
1558 2514 1634 2544 Ital.
1661 2513 1694 2544 ii.
1725 2524 1798 2552 444.

1125 2565 1210 2594 supr.
1228 2555 1247 2585 i.
1265 2565 1315 2594 43.
1337 2555 1407 2585 infr.
1423 2555 1466 2586 ix.
1485 2563 1534 2594 37.
1559 2556 1701 2586 Srnorn.

1175 2605 1191 2636 7
1219 2599 1311 2628 Haeo
1337 2599 1446 2636 prima
1468 2598 1582 2635 frons]
1632 2596 1800 2636 Principes

1125 2639 1202 2669 olim
1225 2639 1258 2668 in
1282 2649 1423 2678 pugnam
1447 2639 1541 2678 primi
1563 2639 1706 2669 inibant:
1732 2639 1798 2668 iam

1125 2691 1199 2711 vero
1211 2682 1334 2711 ratione
1350 2681 1514 2720 pugnandi
1529 2684 1667 2719 mutata,
1678 2679 1798 2711 hastati

1124 2723 1156 2753 in
1172 2733 1282 2753 eorum
1300 2724 1407 2753 locum
1423 2723 1595 2754 subierant.

1166 2766 1184 2796 8
1208 2767 1369 2796 Iuvenum
1381 2766 1639 2804 pubescentium]
1669 2764 1796 2795 Morem

1123 2807 1171 2837 sui
1184 2807 1338 2846 temporis
1350 2806 1479 2846 respicit
1490 2807 1611 2838 Livius.
1629 2807 1668 2838 cf.
1681 2806 1794 2845 Polyb.

1124 2859 1162 2880 v1.
1182 2859 1229 2880 21.
