1934 3211
118 277 163 308 U.
180 278 218 308 C.
238 275 309 316 360.

117 320 155 349 A.
181 320 218 350 C.
239 329 310 359 39²·

120 403 252 433 Donum
268 403 310 433 A-

118 446 232 484 pollini
250 447 303 476 de-

118 492 252 519 cretum.

118 580 170 610 Ad
187 579 219 610 id
235 590 302 609 ma-

117 626 229 652 tronae
245 633 300 652 au-

116 674 188 694 rum
206 661 299 695 silum

118 708 298 738 conferunt.

121 1140 244 1171 Seditio
257 1140 325 1170 red-

122 1183 288 1222 integrata.

122 1312 166 1343 U.
184 1313 221 1343 C.
241 1311 311 1351 361.

119 1355 158 1385 A.
183 1356 220 1387 C.
239 1364 312 1395 391.

191 1660 258 1698 26.

121 1715 168 1745 M.
187 1714 286 1745 Furio

121 1758 263 1788 Camillo

122 1799 185 1830 IV.
203 1804 264 1831 etc.

121 1841 176 1874 Tr.
194 1842 266 1874 Mil.

122 2121 255 2151 Bellum

122 2164 297 2195 Faliscum.

334 185 418 224 316
857 183 1006 225 ΤΙΤΙ
1048 182 1227 225 LIVII

337 275 472 316 visum
493 274 685 331 collegio,
704 274 820 330 quod
841 275 930 316 eius
947 285 1044 317 ante
1062 284 1315 331 conceptum
1330 283 1476 316 votum
1490 273 1738 315 Veientium
1752 293 1768 314 2

336 333 495 382 fuisset,
513 341 556 373 et
578 342 673 388 post
688 342 832 373 votum
847 333 890 372 in
912 342 1163 388 potestatem
1177 332 1323 389 populi
1342 332 1526 373 Romani
1542 331 1737 381 venisset,

338 391 428 431 eius
455 399 617 446 partem
646 390 854 431 decimam
877 390 1069 446 Apollini
1098 405 1257 431 sacram
1283 405 1382 431 esse.
1446 389 1513 430 Ita
1542 389 1587 429 in
1615 389 1740 430 aesti-

338 448 566 489 mationem
584 448 680 488 urbs
697 463 731 488 a
721 463 879 503 gerque
896 464 921 488 v
924 447 1024 488 enit.
1077 448 1266 488 Pecunia
1282 463 1336 488 ex
1357 447 1515 488 aerario
1531 454 1738 502 prompta,

338 514 381 547 et
412 505 590 546 tribunis
615 505 794 545 militum
825 505 1123 554 consularibus,
1153 514 1200 545 ut
1231 520 1378 545 aurum
1411 520 1462 546 ex
1494 519 1544 545 ea
1573 518 1740 545 coeme-

337 572 444 612 rent,
468 563 685 618 negotium
711 562 867 602 datum.
934 561 1069 602 Cuius
1095 577 1227 617 quum
1252 562 1374 617 copia
1394 578 1479 602 non
1507 569 1628 610 esset,
1651 574 1771 605 ma-3

339 630 497 685 tronae,
521 620 710 660 coetibus
732 619 785 659 1111
807 634 898 658 611111
916 633 1004 659 16111
1026 618 1347 659 consultandam
1369 619 1532 668 habitis,
1556 627 1599 659 et
1623 633 1739 659 com-

338 678 456 718 muni
488 677 658 717 decreto
684 676 896 731 pollicitae
926 676 1106 716 tribunis
1136 675 1317 716 militum
1347 691 1496 716 1111111111
1527 684 1570 717 et
1597 675 1740 717 omnia

338 743 585 776 ornamenta
612 749 698 782 sua,
726 749 770 773 111
798 733 1004 773 aerarium
1033 732 1288 773 detulerim
1355 732 1487 773 Grata
1515 748 1564 774 ea
1590 748 1668 782 res,
1692 741 1739 774 ut

337 807 444 848 quae
471 791 654 831 maxime
681 790 842 831 senatui
875 805 1076 854 unquam,
1106 790 1208 830 fuit:
1243 790 1532 845 honoremque
1565 791 1618 831 ob
1644 805 1737 831 eam

337 849 670 889 munificentiam
691 848 832 889 ferunt
854 847 1054 888 matronis
1075 847 1280 897 habitum,
1304 855 1351 888 ut
1366 847 1528 903 pilento
1549 847 1603 888 ad
1623 862 1771 892 sacra4

335 906 556 962 ludosque,
579 905 788 961 carpentis
809 905 914 946 festo
946 905 1215 961 profestoque
1246 913 1478 946 uterentur.
1540 904 1737 946 Pondere

336 965 387 1004 ab
419 963 593 1019 singulis
624 963 714 1004 auri
746 971 919 1018 accepto
947 963 1264 1018 aestimatoque,
1295 970 1342 1003 ut
1372 962 1577 1018 pecuniae
1606 961 1740 1003 solve-

338 1030 494 1070 rentur,
519 1030 653 1061 ciatei
655 1036 722 1061 am
744 1035 913 1061 auream
931 1020 1020 1061 fieri
1042 1020 1214 1076 placuit,
1233 1035 1341 1076 quae
1364 1020 1524 1061 donum
1548 1018 1740 1076 Apollini

339 1078 532 1134 Delphos
552 1086 800 1134 portaretur.

400 1135 534 1177 Simul
556 1137 606 1177 ab
636 1135 838 1191 religione
860 1136 1021 1176 animos
1048 1135 1312 1184 remiserunt,
1334 1135 1547 1191 integrant
1567 1134 1740 1175 seditio-

338 1209 436 1235 nem
460 1194 615 1235 tribuni
637 1193 789 1248 plebis:
824 1193 1024 1233 incitatur
1040 1192 1269 1233 multitudo
1291 1193 1335 1232 in
1352 1207 1497 1233 omnes
1513 1192 1738 1247 principes,

339 1260 435 1292 ante
462 1251 601 1292 alios
592 1266 635 1290 1n
664 1250 904 1291 Camillum.
970 1256 981 1274 ‘
999 1250 1110 1291 Eum
1135 1249 1334 1306 praedam
1360 1249 1637 1290 Veientanam
1661 1263 1741 1304 pu-

341 1308 561 1351 ‘blicando
597 1308 883 1364 saelandoque
918 1308 971 1348 ad
1011 1307 1192 1348 nihilum
1232 1307 1468 1362 redegisse.’
1528 1306 1742 1347 Absentes

338 1367 533 1407 ferociter
572 1366 815 1422 increpant:
869 1366 1167 1422 piaesentium,
1210 1380 1342 1420 quum
1390 1379 1433 1405 se
1474 1364 1586 1405 ultro
1626 1363 1741 1404 iratis

340 1425 551 1472 offerrent,
579 1423 880 1464 verecundiam
908 1423 1078 1464 habent.
1145 1422 1279 1464 Simul
1300 1421 1466 1463 extrahi
1493 1436 1582 1462 rem
1611 1435 1665 1462 ex
1689 1435 1740 1462 eo

340 1496 451 1521 anno
479 1480 688 1530 viderunt,
712 1481 901 1521 tribunos
928 1480 1062 1536 plebis
1090 1480 1242 1521 latores
1269 1479 1406 1535 legis
1396 1495 1441 1520 1n
1469 1493 1628 1520 annum
1649 1492 1741 1519 eos-

340 1538 437 1579 dem
459 1538 677 1578 reficiunt:
712 1547 753 1578 et
782 1538 928 1578 Patres
949 1538 1028 1578 hoc
1055 1538 1169 1578 idem
1191 1537 1244 1578 de
1266 1537 1608 1578 intercessoribus
1635 1535 1771 1592 legis5

340 1595 487 1636 annisi.
551 1594 615 1634 Ita
649 1595 804 1635 tribuni
840 1595 974 1650 plebis
1006 1610 1159 1650 magna
1189 1610 1241 1635 ex
1273 1603 1390 1650 parte
1421 1594 1550 1635 iidem
1581 1569 1740 1634 refecti.

342 1652 538 1693 Comitiis
560 1651 823 1692 tribunorum
845 1652 1026 1692 militum
1056 1652 1202 1692 Patres
1223 1667 1387 1692 summa
1408 1667 1486 1707 ope
1508 1651 1739 1700 evicerunt,

340 1718 386 1751 ut
408 1709 470 1750 Μ.
488 1709 638 1749 Furius
662 1707 868 1749 Camillus
889 1718 1109 1749 emar-etur
1163 1709 1343 1764 Piopter
1359 1708 1469 1749 bella
1488 1707 1741 1748 simulabant

339 1767 475 1823 parali
497 1766 672 1807 ducem·
664 1798 673 1815 ,
708 1766 781 1806 sed
806 1766 1017 1821 largitioni
1047 1765 1296 1806 tribuniciae
1329 1765 1588 1806 adversarius
1609 1779 1740 1820 quae-

340 1825 519 1865 rebatur.
586 1823 698 1864 Cum
739 1822 920 1864 Camillo
957 1823 1085 1863 creati
1119 1823 1276 1863 tribuni
1312 1822 1494 1862 militum
1530 1821 1737 1862 consulari

340 1890 546 1937 potestate
580 1881 629 1921 L.
649 1881 801 1921 Furius
839 1880 1104 1921 Medullinus
1135 1889 1314 1929 sextum,
1352 1880 1402 1920 C.
1429 1879 1650 1928 Aemilius,
1686 1878 1735 1919 L.

342 1939 536 1979 Valerius
576 1937 808 1986 Publicola,
850 1937 918 1993 Sp.
943 1937 1198 1986 Postumius,
1235 1937 1283 1978 P.
1311 1936 1536 1977 Cornelius
1570 1936 1734 1977 iterum.

342 1996 557 2051 Principio
591 1996 691 2035 ’111111
724 1995 883 2036 tribuni
919 1994 1053 2050 plebis
1088 1994 1193 2034 nihil
1231 2002 1467 2043 mov·,e1unt
1499 1993 1635 2034 donec
1672 1992 1735 2034 Μ.

342 2053 491 2094 Furius
516 2052 752 2093 Camillus
743 2067 788 2092 111
814 2051 1007 2100 Faliscos,
1031 2052 1098 2092 cui
1120 2051 1163 2091 id
1188 2051 1346 2092 bellum
1369 2025 1614 2092 maridatum
1635 2059 1736 2100 erat,

339 2110 684 2166 proficisceretur.
749 2109 999 2150 Differendo
1031 2108 1186 2150 deinde
1220 2108 1408 2165 elanguit
1442 2123 1530 2149 163·
1574 2117 1616 2149 et
1655 2106 1740 2149 Ca-

340 2168 468 2217 millo,
512 2183 638 2224 quem
681 2167 963 2208 adversarium
1004 2167 1186 2207 maxime
1228 2167 1486 2216 metuebant,
1523 2165 1655 2221 gloria
1694 2165 1738 2206 in

341 2225 510 2266 Faliscis
538 2225 679 2266 crevit.
744 2224 871 2273 Nam,
895 2239 1027 2279 quum
1052 2224 1189 2280 primo
1210 2224 1430 2264 moenibus
1452 2238 1494 2264 se
1515 2223 1656 2264 hostes
1676 2230 1739 2263 te-

340 2292 503 2332 ner,cnt
527 2283 780 2323 tutissimum
810 2282 853 2321 id
882 2282 972 2330 lati,
996 2281 1266 2337 populatione
1299 2296 1493 2336 agrorum
1521 2288 1647 2335 atque
1673 2280 1738 2320 in-

340 2340 500 2381 cendiis
521 2340 714 2381 villarum
742 2339 879 2394 coegit
901 2354 971 2379 eos
993 2338 1136 2393 egredi
1164 2339 1292 2379 urbe·
1283 2369 1292 2387 ,
1327 2337 1401 2378 sed
1423 2337 1549 2378 timor
1571 2336 1738 2392 longius

386 2474 401 2494 2
421 2465 512 2501 Quod
522 2465 608 2502 eins]
629 2461 925 2503 Nenipe3quanlum
940 2462 1015 2501 agri.

342 2507 416 2537 Hoc
437 2518 531 2537 sensu
555 2507 643 2536 haud
667 2516 737 2535 raro
757 2510 823 2535 tam
841 2505 881 2534 ab
898 2509 1017 2540 nostro,

340 2559 435 2587 quam
478 2551 518 2579 ab
561 2549 632 2578 aliis
672 2547 890 2586 scriptoribus„
934 2548 1017 2587 qnod

341 2602 412 2621 cum
443 2592 584 2631 genitivo
611 2592 680 2629 ejas
712 2590 852 2629 ponitur,
880 2600 942 2618 non
974 2590 1016 2619 ad

341 2644 457 2664 nomen
488 2634 619 2673 quidem
651 2633 783 2671 aliquod
824 2632 1017 2671 praecedens

340 2676 516 2713 referendo,
539 2677 594 2706 sed
618 2676 720 2705 forma
744 2674 895 2713 loquendi
921 2673 1016 2704 1111131-

340 2718 463 2749 tatiorc.
490 2720 528 2748 cf.
551 2719 621 2748 infr.
646 2728 694 2757 34.
718 2717 805 2747 xxxi.
830 2729 858 2755 4.
882 2716 1015 2746 xxxviii.

345 2769 389 2797 23.
405 2770 453 2797 54.
471 2760 580 2790 xxxix.
599 2771 648 2799 45.

385 2810 401 2838 3
427 2804 526 2840 (bpia
562 2814 625 2832 mm
660 2803 755 2839 esset]
793 2812 834 2831 sc.
865 2801 1016 2838 Ε111611111,

341 2843 415 2879 quia
440 2845 575 2881 pecunia
600 2845 631 2873 in
656 2845 776 2874 aerario
797 2845 960 2879 deiiceret,
981 2848 1015 2873 ut

344 2884 523 2914 Niebuhrio
543 2887 657 2923 placet.
672 2886 702 2916 ii.
717 2897 746 2915 11.
765 2886 852 2924 1065.

378 2939 395 2964 4
415 2928 557 2963 I'ilenlo]
574 2929 737 2957 Pilentnm
752 2933 817 2957 erat
831 2928 1013 2957 toltit-ulum

1062 2463 1224 2501 quoddam
1249 2461 1384 2501 pensile,
1408 2460 1619 2497 commodius,
1640 2464 1675 2490 ut
1694 2459 1738 2490 vi-

1063 2505 1168 2540 detur,
1184 2509 1348 2543 carpento,
1364 2514 1427 2542 quo
1446 2508 1477 2534 et
1498 2503 1568 2542 ipso
1587 2502 1739 2533 mulieres

1060 2547 1107 2576 uti
1130 2547 1285 2577 solebant.
1311 2547 1452 2576 Srnom.
1484 2546 1523 2576 cf.
1542 2546 1631 2585 Virg.
1654 2546 1735 2575 Aen.

1062 2589 1124 2619 viii.
1142 2588 1213 2619 666.
1240 2589 1320 2619 Hor.
1340 2588 1443 2627 Epist.
1466 2587 1498 2618 ii.
1523 2598 1547 2618 1.
1568 2597 1637 2628 192.
1685 2586 1736 2618 Pi-

1062 2632 1186 2661 lentum
1225 2634 1378 2670 quattuor
1423 2630 1501 2660 rotis
1543 2630 1736 2660 instructum

1063 2679 1141 2711 erat,
1157 2678 1238 2704 teste
1257 2673 1332 2704 Isid.
1351 2684 1404 2703 xx.
1425 2683 1471 2703 12.

1108 2718 1197 2751 §De
1220 2717 1480 2747 intercessoribus
1504 2716 1598 2754 leyis]
1636 2714 1736 2744 Intel-

1062 2759 1124 2796 lige
1147 2758 1292 2788 tribunos
1316 2758 1434 2797 plebei,
1450 2757 1571 2788 amicos
1591 2757 1737 2793 Patmm,

1062 2805 1094 2831 et
1112 2801 1347 2831 intercedentes
1368 2800 1524 2840 rogationi
1540 2799 1735 2838 collegarum

1061 2853 1199 2873 suorum.
1218 2844 1323 2874 Cum.
1350 2843 1443 2873 Duos
1455 2842 1588 2878 scilicet,
1599 2838 1733 2878 quiinfr.

1064 2895 1110 2926 :²..9
1128 2886 1392 2915 condemnantur.
