1934 3211
208 249 252 280 U.
269 248 307 280 C.
323 248 395 289 456.

207 292 247 323 Α.
271 293 308 324 C.
326 292 396 334 296.

421 153 502 194 578
931 150 1079 193 ΤΙΤΙ
1118 151 1289 194 LIVII

424 242 540 283 dunt.
604 241 660 283 Et
694 240 945 283 Volumnius
979 242 1097 298 signa
1135 257 1295 291 canere,
1332 256 1379 283 ac
1414 240 1565 282 vexilla
1604 240 1739 282 efferri
1774 255 1797 282 e

424 299 565 341 eastris
588 299 716 340 iussit.
779 298 969 356 Appium
993 300 1255 342 addubitasse
1276 299 1428 349 ferunt,
1450 306 1702 348 cernentem,
1724 313 1798 340 seu

423 365 650 414 pugnante,
683 373 757 398 seu
783 357 927 412 quieto
959 372 1014 407 se,
1041 357 1127 398 fore
1159 357 1341 413 collegae
1372 356 1610 398 victoriam:
1644 356 1797 397 deinde

423 416 613 465 veritum,
634 430 688 456 ne
706 430 802 455 suae
825 430 991 470 quoque
1013 414 1197 470 legiones
1218 415 1493 456 Volumnium
1513 422 1796 470 sequerentur,

423 481 464 515 et
505 473 641 529 ipsum
675 472 955 528 flagitantibus
994 473 1076 512 suis
1111 473 1275 528 signum
1311 472 1484 513 dedisse.
1546 471 1616 512 Ab
1650 479 1800 512 neutra

206 534 320 574 Pugna
337 545 409 565 cum
422 538 536 588 parte
558 530 654 571 satis
675 529 891 570 commode
912 529 1101 569 instructi
1121 529 1301 570 fuerunt.
1354 528 1466 569 Nam
1486 537 1528 570 et
1551 528 1798 570 Samnitium

205 577 401 608 Samnitibus

205 624 237 651 et
253 620 374 654 Tuscis.
425 647 433 654 .

423 589 510 630 dux
548 587 709 629 Gellius
742 586 945 642 Egnatius
980 586 1222 641 pabulatum
1257 601 1352 627 eum
1387 586 1623 627 cohortibus
1654 586 1800 643 paucis

422 654 548 694 lerat3
580 659 738 699 suoque
760 644 920 699 impetu
940 644 1068 699 magis
1085 643 1246 693 milites,
1265 658 1389 699 quam
1406 643 1649 699 cuiusquam
1669 644 1799 685 ductu

422 712 493 744 aut
514 702 700 758 imperio,
718 716 902 756 pugnam
923 701 1212 756 capessebant:
1237 710 1279 741 et
1296 700 1476 742 Romani
1496 701 1700 742 exereitus
1720 716 1798 742 nec

421 761 576 816 pariter
596 759 717 799 ambo
738 758 866 807 ducti,
889 773 966 799 nec
987 758 1084 799 satis
1105 759 1301 814 temporis
1325 758 1379 799 ad
1398 758 1686 799 instruendum
1705 759 1795 800 fuit.

421 818 543 859 Prius
573 816 783 857 concurrit
808 815 1068 866 Volumnius,
1091 831 1217 871 quam
1242 816 1406 872 Appius
1434 815 1487 856 ad
1516 815 1676 856 hostem
1705 831 1799 872 per-

420 875 592 915 veniret.
655 873 803 929 Itaque
823 874 957 914 fronte
985 873 1195 929 inaequali
1222 888 1467 914 concursum
1492 881 1577 914 est:
1610 881 1664 923 et,
1685 873 1799 915 velut

420 932 524 973 forte
547 931 726 988 quadam
748 939 934 971 mutante
956 940 1137 973 assuetos
1161 932 1270 972 inter
1290 946 1331 972 se
1352 931 1503 980 hostes,
1527 930 1691 972 Etrusci
1711 930 1799 972 Vo-

419 989 592 1039 lumnio,
633 988 850 1038 Samnites,
887 1003 1111 1045 parumper
1151 989 1346 1039 cunctati,
1384 989 1482 1044 quia
1517 988 1602 1029 dux
1645 989 1797 1039 aberat,

420 1047 563 1104 Appio
594 1062 821 1088 occurrere.
883 1046 1052 1087 Dicitur
1083 1045 1248 1102 Appius
1278 1047 1321 1086 in
1351 1046 1489 1087 medio
1518 1061 1683 1102 pugnae
1715 1046 1800 1087 dis-

419 1105 606 1154 crimine,
623 1105 681 1145 ita
696 1112 743 1145 ut
758 1104 867 1145 inter
882 1104 1015 1160 prima
1035 1104 1152 1160 signa
1166 1104 1357 1145 manibus
1373 1103 1427 1145 ad
1446 1104 1609 1145 coelum
1629 1103 1800 1145 sublatis

419 1162 740 1218 conspiceretur,
766 1161 824 1203 ita
852 1172 1043 1218 precatus
1073 1177 1186 1203 esse:
1221 1167 1233 1185 ⁶
1250 1161 1436 1211 Bellona,
1462 1161 1495 1202 si
1524 1161 1648 1203 hodie
1679 1162 1799 1203 nobis

421 1226 434 1244 ‘
449 1220 665 1261 victoriam
690 1219 795 1269 duis,
818 1228 879 1260 ast
908 1235 985 1276 ego
1017 1219 1219 1276 templum
1250 1219 1324 1260 tibi
1348 1219 1502 1260 voveo.’
1561 1218 1681 1260 Haec
1704 1234 1830 1276 pre-4

420 1286 548 1327 catus,
571 1277 685 1318 velut
704 1277 927 1334 instigante
950 1277 1040 1327 dea,
1059 1285 1101 1318 et
1122 1278 1208 1333 ipse
1230 1276 1411 1333 collegae
1433 1287 1476 1318 et
1495 1276 1701 1318 exercitus
1717 1277 1798 1318 vir·
1811 1299 1829 1330 5

419 1344 552 1377 tutem
588 1335 790 1391 aequavit.
852 1335 994 1376 Duces
1028 1335 1292 1391 imperatoria
1327 1349 1452 1390 opera
1486 1342 1796 1391 exsequuntur3

420 1402 463 1434 et
489 1393 652 1442 milites,
675 1408 727 1433 ne
756 1394 806 1434 ab
837 1393 964 1434 altera
994 1401 1108 1449 parte
1139 1393 1253 1449 prius
1276 1392 1447 1433 victoria
1475 1392 1658 1448 incipiat,
1680 1392 1799 1433 anni-

420 1459 576 1491 tuntur.
640 1450 751 1507 Ergo
777 1450 961 1491 fundunt
986 1451 1214 1506 fugantque
1245 1450 1396 1500 hostes,
1418 1450 1617 1491 maiorem
1646 1449 1798 1491 molem

421 1508 534 1548 haud
561 1508 679 1549 facile
713 1508 975 1558 sustinentes,
1005 1524 1129 1564 quam
1162 1523 1257 1549 cum
1290 1523 1373 1563 qua
1404 1522 1550 1548 manus
1581 1522 1797 1549 conserere

420 1565 571 1606 assueti
601 1565 789 1606 fuerant:
822 1566 1010 1621 urgendo
1041 1566 1248 1615 cedentes,
1274 1565 1617 1621 insequendoque
1648 1565 1798 1606 effusos

420 1622 658 1678 compulere
686 1622 739 1662 ad
764 1631 903 1663 castra.
965 1622 1043 1671 Ibi,
1067 1623 1306 1664 interventu
1329 1622 1456 1663 Gellii
1481 1622 1796 1678 cohortiumque

423 1680 691 1729 Sabellarum,
720 1679 943 1735 paullisper
969 1679 1182 1720 recruduit
1207 1695 1358 1735 pugna.
1420 1679 1476 1720 Iis
1504 1694 1671 1735 quoque
1699 1691 1828 1723 mox6

358 1792 361 1795 ι
419 1738 531 1787 fusis,
568 1738 650 1778 iam
685 1752 708 1777 a
742 1737 964 1778 vlctoribus
999 1745 1130 1777 castra
1164 1737 1535 1792 oppugnabantur:
1575 1744 1629 1786 et,
1666 1751 1796 1792 quum

272 2141 338 2179 20.

204 2380 397 2411 Volumnius

201 2423 232 2453 in
250 2424 337 2454 Sam-

202 2466 289 2495 nium
307 2466 396 2497 redit.

421 1795 673 1836 Volumnius
704 1794 791 1850 ipse
824 1801 965 1850 portae
998 1794 1114 1849 signa
1145 1794 1339 1842 inferret3
1377 1793 1555 1849 Appius,
1578 1793 1796 1835 Bellonam

420 1853 632 1894 victricem
653 1851 883 1892 identidem
904 1851 1127 1900 celebrans,
1150 1851 1395 1892 accenderet
1418 1850 1598 1892 militum
1622 1851 1793 1901 animos,

419 1925 493 1966 per
532 1909 696 1958 vallum,
733 1924 807 1964 per
846 1908 971 1949 fossas
1010 1909 1259 1964 irruperunt.
1325 1908 1472 1949 Castra
1505 1917 1625 1964 capta
1658 1908 1795 1965 direp-

418 1977 565 2023 taque:
599 1966 751 2023 praeda
770 1966 917 2021 ingens
938 1974 1055 2021 parta
1075 1974 1116 2007 et
1136 1965 1258 2006 militi
1279 1980 1471 2007 concessa
1489 1974 1561 2007 est.
1625 1965 1795 2022 Septem

416 2025 546 2066 millia
580 2040 627 2065 ac.
664 2024 838 2064 trecenti
873 2023 1054 2064 hostium
1090 2023 1227 2073 occisi,
1263 2023 1347 2064 duo
1387 2022 1515 2064 millia
1550 2030 1592 2064 et
1626 2032 1795 2065 centum

416 2082 563 2138 viginti
584 2082 705 2137 eapti.

476 2140 593 2181 Dum
614 2140 736 2180 ambo
761 2138 950 2180 consules
974 2138 1191 2194 omnisque
1215 2138 1406 2180 Romana
1425 2137 1484 2178 vis
1505 2137 1550 2178 in
1572 2137 1794 2179 Etruscum

417 2197 573 2239 bellum
598 2197 727 2252 magis
754 2196 938 2245 inclinat,
960 2196 1005 2236 in
1029 2195 1197 2237 Samnio
1224 2196 1321 2237 novi
1349 2195 1565 2245 exercitus,
1587 2195 1721 2237 exorti
1741 2195 1795 2237 ad

418 2254 732 2311 depopulandos
759 2254 922 2309 imperii
946 2253 1127 2294 Romani
1147 2253 1262 2303 fines,
1284 2268 1359 2309 pcr
1378 2252 1579 2294 Vescinos
1599 2253 1644 2293 in
1667 2252 1794 2294 Cam-

418 2313 585 2369 paniam
625 2311 931 2366 Falernumque
976 2326 1121 2367 agrum
1165 2311 1477 2360 transcendunt,
1519 2310 1793 2367 ingentesque

419 2370 591 2426 praedas
604 2369 773 2410 faciunt.
811 2368 1099 2418 Volumnium,
1114 2369 1274 2424 magnis
1289 2368 1504 2409 itineribus
1516 2367 1562 2408 in
1577 2367 1792 2409 Samnium

419 2427 664 2468 redeuntem
697 2426 798 2481 (iam
833 2426 945 2466 enim
978 2425 1106 2467 Fabio
1138 2425 1355 2481 Decioque
1390 2425 1598 2482 prorogati
1628 2425 1793 2481 imperii

418 2485 513 2525 finis
541 2483 715 2539 aderat),
737 2484 845 2524 fama
865 2483 916 2524 de
946 2482 1195 2524 Samnitium
1222 2483 1408 2524 exercitu
1436 2482 1792 2539 populationibus-

417 2557 499 2598 que
524 2541 730 2597 Campani
751 2541 837 2596 agri
859 2540 911 2581 ad
932 2540 1110 2582 tuendos
1134 2540 1263 2581 socios
1284 2540 1496 2581 convertit.
1559 2539 1621 2581 Ut
1640 2540 1684 2580 in
1708 2538 1791 2581 Ca-

415 2599 558 2640 lenum
583 2614 727 2654 agrum
754 2598 881 2647 venit,
903 2606 946 2638 et
972 2597 1058 2654 ipse
1091 2598 1224 2638 cernit
1250 2597 1432 2638 recentia
1457 2596 1585 2638 cladis
1604 2597 1789 2653 vestigia,

416 2666 458 2697 et
481 2656 630 2698 Caleni
661 2664 841 2704 narrant,
870 2663 1031 2696 tantum
1063 2655 1144 2696 iam
1174 2655 1350 2711 praedae
1381 2654 1518 2696 hostes
1548 2654 1722 2705 trahere,
1744 2663 1790 2695 ut

456 2784 475 2810 4
498 2774 598 2810 chis]
632 2772 773 2812 Antiqua
795 2772 897 2802 forma
917 2771 1001 2802 vocis
1015 2773 1077 2803 des.
1122 2771 1152 2803 ii.
1171 2780 1220 2812 27.
1236 2784 1386 2813 aequasse
1400 2784 1471 2804 eum
1483 2772 1586 2813 Appii
1601 2774 1715 2804 odium.

414 2814 473 2843 Ast
490 2814 605 2844 usitata
627 2814 657 2844 in
681 2814 898 2854 concipiendis
916 2814 994 2844 votis
1009 2824 1078 2854 par-
1164 2814 1183 2845 6
1198 2816 1414 2854 Sabellarum]
1440 2816 1469 2846 h.
1481 2826 1507 2846 e.
1525 2815 1783 2846 Samniticarum:

414 2855 523 2892 ticula,
540 2866 620 2893 quat¹
636 2857 720 2886 idem
738 2858 823 2887 valet
838 2860 934 2895 atque
949 2861 1025 2887 tum.
1123 2856 1281 2887 Samnites
1296 2857 1381 2887 enim
1398 2857 1574 2889 Sabellicae
1592 2857 1694 2897 gentis
1714 2865 1786 2896 pars

455 2906 472 2936 5
494 2898 645 2927 Virtutem
656 2900 822 2937 aequavit]
832 2899 985 2929 Similiter
994 2909 1078 2937 supr.
1123 2900 1279 2938 quaedam
1296 2903 1395 2930 erant.
