1934 3211
584 175 710 218 LIB.
745 173 820 216 IV.
867 174 1014 216 CAP.
1052 179 1114 217 13.
1466 177 1549 216 239

156 277 212 318 et,
235 267 446 310 revolutus
476 267 530 308 ad
561 267 915 324 dispensationem
945 267 1124 323 inopiae,
1146 265 1334 322 profiteri
1358 265 1548 322 cogendo
1564 272 1608 304 U.
1627 272 1664 304 C.
1684 280 1756 312 315·

156 326 428 375 frumentum,
466 334 509 366 et
543 325 739 375 vendere,
778 325 892 381 quod
928 339 1006 366 usu
1047 332 1261 365 menstruo
1302 331 1548 379 superesset,
1564 317 1603 346 A.
1628 315 1666 346 C.
1683 324 1756 355 437·

156 382 475 439 fraudandoque
501 392 616 439 parte
639 383 779 424 diurni
800 383 883 424 cibi
904 382 1082 432 servitia,
1106 380 1367 423 criminando
1388 379 1487 420 inde
1510 388 1552 420 et

158 440 394 482 obiiciendo
411 441 495 482 irae
512 440 656 497 populi
672 441 978 490 frumentarios,
997 440 1146 481 acerba
1165 438 1436 495 inquisitione
1455 452 1553 493 ape-

156 498 260 540 riret
291 498 434 555 magis,
467 513 593 554 quam
624 498 791 549 levaret,
823 498 1035 555 inopiam,
1073 496 1195 538 multi
1225 511 1278 538 ex
1309 495 1446 552 plebe,
1479 509 1551 551 spe

158 556 319 606 amissa,
341 556 479 612 potius
500 571 625 613 quam
657 566 704 598 ut
734 557 1019 598 cruciarentur
1040 554 1245 596 trahendo
1266 554 1463 602 animam,
1485 567 1553 593 ca-

161 614 315 670 pitibus
336 614 542 655 obvolutis
563 630 605 656 se
628 615 670 655 in
689 615 877 655 Tiberim
898 613 1288 671 praecipitaverunt.
1346 611 1460 652 Tum
1481 609 1550 666 Sp.
1641 609 1705 646 13-

161 671 342 713 Maelius
371 687 424 713 ex
449 673 633 728 equestri
658 673 818 722 ordine,
841 681 888 713 ut
918 672 998 712 illis
1030 671 1300 727 temporibus,
1323 668 1553 726 praedives,
1570 664 1774 712 Periculosae

160 745 249 771 rem
270 730 430 779 utilem,
449 731 627 787 pessimo
650 730 856 786 exemplo,
874 730 1016 787 peiore
1039 728 1224 778 consilio,
1242 737 1304 769 est
1325 742 1552 784 aggressus.
1568 708 1766 790 lsaggffigsslei?

161 787 391 829 Frumento
423 804 604 844 namque
633 804 686 830 ex
714 788 882 829 Etruria
911 788 1072 843 privata
1101 786 1281 843 pecunia
1310 800 1385 842 per
1414 784 1556 841 hospi-

161 855 252 888 tum
273 845 574 902 clientiumque
598 846 828 887 ministeria
844 855 1050 901 coempto,
1071 845 1212 901 (quae,
1231 843 1369 893 credo,
1387 843 1477 899 ipsa
1492 857 1557 883 res

161 904 215 946 ad
248 903 467 946 levandam
501 904 668 960 publica
698 919 797 945 cura
827 918 1036 945 annonam
1068 902 1371 959 impedimento
1401 900 1557 955 fuerat)

162 962 404 1018 largitiones
433 962 632 1003 frumenti
662 961 797 1003 facere
829 961 1035 1002 instituit:
1069 960 1334 1017 plebemque,
1356 958 1437 999 hoc
1465 973 1555 998 mu-

162 1035 262 1062 nere
286 1019 515 1069 delinitam,
541 1035 792 1075 quacunque
819 1019 1046 1068 incederet,
1069 1026 1316 1074 conspectus
1342 1016 1557 1072 elatusque

163 1093 288 1134 supra
305 1077 476 1118 modum
494 1077 674 1119 hominis
691 1077 854 1133 privati,
872 1092 1013 1118 secum
1031 1076 1193 1117 trahere
1209 1091 1218 1123 3
1251 1074 1365 1116 haud
1382 1074 1559 1115 dubium

164 1135 426 1178 consulatum
450 1135 587 1177 favore
615 1151 662 1176 ac
690 1150 762 1191 spe
789 1134 1136 1191 despondentem.
1200 1132 1307 1189 Ipse,
1331 1142 1377 1173 ut
1398 1141 1460 1173 est
1480 1131 1559 1172 hu-

165 1208 313 1235 manus
344 1193 508 1234 animus
539 1193 783 1234 insatiabilis
805 1208 867 1243 eo,
891 1192 1005 1249 quod
1027 1192 1192 1233 fortuna
1212 1190 1404 1247 spondet,
1427 1189 1480 1231 ad
1501 1188 1560 1230 al-

165 1252 271 1293 tiora
291 1259 334 1293 et
354 1266 439 1292 non
461 1266 657 1292 concessa
677 1250 874 1292 tendere:
906 1260 960 1300 et,
976 1250 1175 1306 quoniam
1197 1248 1436 1290 consulatus
1453 1262 1559 1303 quo-

165 1325 248 1366 que
270 1308 512 1365 eripiendus
540 1309 680 1350 invitis
702 1309 895 1350 Patribus
916 1317 1036 1357 esset,
1059 1307 1111 1348 de
1142 1322 1271 1363 regno
1302 1306 1481 1362 agitare:
1516 1304 1560 1345 id

165 1382 298 1409 unum
332 1367 506 1423 dignum
545 1376 661 1408 tanto
697 1375 899 1423 apparatu
934 1365 1201 1407 consiliorum
1238 1373 1280 1405 et
1316 1362 1558 1411 certamine,

167 1425 282 1482 quod
314 1425 462 1481 ingens
492 1424 784 1466 exsudandum
815 1433 935 1472 esset,
958 1422 1189 1479 praemium
1217 1421 1315 1463 fore.
1379 1419 1469 1461 Iam
1491 1435 1561 1460 co-

167 1483 285 1524 mitia
309 1482 541 1524 consularia
570 1483 801 1523 instabant:
836 1497 943 1537 quae
966 1495 1030 1521 res
1052 1495 1162 1530 eum,
1185 1478 1369 1520 necdum
1390 1492 1561 1534 compo-

167 1541 255 1582 sitis
291 1541 511 1581 maturisve
548 1540 645 1581 satis
680 1539 877 1589 consiliis,
910 1538 1125 1595 oppressit.
1197 1536 1359 1578 Consul
1395 1545 1559 1577 sextum
1576 1545 1619 1577 U.
1637 1545 1674 1577 C.
1695 1545 1766 1585 316.

167 1607 330 1640 creatus
359 1598 409 1639 T.
437 1597 663 1646 Quinctius
691 1596 970 1654 Capitolinus,
1003 1596 1175 1637 minime
1208 1603 1468 1651 opportunus
1499 1593 1561 1634 vir
1576 1588 1767 1662 ‡·(C·.4365

168 1656 338 1698 novanti
361 1671 447 1697 res:
481 1655 641 1712 collega
661 1655 831 1696 additur
851 1655 889 1696 ei
913 1654 1104 1711 Agrippa
1125 1652 1366 1702 Menenius,
1389 1652 1457 1693 eui
1480 1651 1563 1692 La-
1577 1632 1781 1713 V'lfflgritlo

168 1723 267 1756 nato
298 1723 387 1755 erat
417 1729 675 1769 cognomen:
710 1722 752 1754 et
773 1713 822 1754 L.
848 1712 1065 1754 Minucius
1095 1711 1330 1768 praefectus
1356 1725 1561 1759 annonae,
1577 1716 1733 1748 Menenio

168 1788 242 1814 seu
263 1772 455 1822 refectus,
478 1787 564 1821 seu,
587 1771 727 1828 quoad
756 1786 820 1813 res
850 1780 1052 1827 posceret,
1076 1770 1118 1810 in
1142 1769 1349 1810 incertum
1371 1777 1534 1809 creatus
1551 1784 1559 1808 :
1576 1760 1664 1792 Coss.

168 1829 273 1871 nihil
295 1830 408 1871 enim
430 1839 604 1879 constat,
627 1830 707 1870 nisi
736 1829 779 1870 in
807 1829 932 1870 libros
954 1828 1105 1869 linteos
1127 1837 1304 1883 utroque
1327 1842 1437 1867 anno
1458 1825 1564 1867 rela-

169 1898 259 1929 tum
296 1889 405 1929 inter
440 1888 703 1943 magistratus
737 1887 935 1944 praefecti
973 1901 1138 1927 nomen.
1216 1884 1300 1926 Hic
1333 1884 1562 1933 Minucius,

139 1968 156 1989 2
170 1946 348 1988 eandem
378 1945 544 2002 publice
574 1945 833 1986 curationem
855 1960 994 2001 agens,
1017 1959 1143 2000 quam
1167 1942 1349 1984 Maelius
1370 1942 1562 1998 privatim

169 2004 376 2060 agendam
407 2012 656 2059 susceperat,
684 2018 814 2059 quum
848 2003 889 2042 in
921 2011 1098 2057 utraque
1130 2001 1256 2041 domo
1286 2015 1419 2055 genus
1451 1999 1563 2041 idem

171 2061 389 2102 hominum
420 2070 664 2109 versaretur,
697 2075 784 2101 rem
821 2068 1074 2114 compertam
1113 2058 1166 2098 ad
1201 2067 1393 2098 senatum
1424 2058 1563 2105 refert,

173 2124 184 2142 ‘
202 2118 307 2159 Tela
336 2119 378 2158 in
401 2118 572 2158 domum
597 2117 742 2158 Maelii
766 2116 958 2165 conferri,
981 2130 1163 2171 eumque
1195 2115 1418 2155 conciones
1449 2114 1563 2154 domi

173 2182 184 2199 ‘
202 2175 377 2216 habere:
412 2191 459 2215 ac
481 2190 564 2215 non
587 2174 713 2215 dubia
735 2174 851 2228 regni
873 2173 1043 2214 consilia
1065 2188 1165 2214 csse.
1229 2172 1417 2227 Tempus
1438 2187 1565 2225 agen-

174 2240 184 2257 ‘
201 2233 278 2274 dae
303 2233 360 2274 rei
385 2233 570 2273 nondum
594 2242 724 2281 stare3
758 2242 897 2273 cetera
914 2231 993 2272 iam
1011 2230 1278 2277 convenisse3
1312 2239 1353 2270 et
1376 2230 1565 2270 tribunos

175 2297 185 2315 ‘
203 2290 396 2332 mercede
426 2300 587 2346 emptos
618 2290 670 2331 ad
702 2289 960 2347 prodendam
982 2288 1228 2336 libertatem,
1252 2296 1293 2328 et
1315 2287 1466 2343 partita
1486 2287 1564 2327 ‹lu-

174 2355 184 2372 ‘
201 2349 318 2390 cibus
341 2348 620 2389 multitudinis
643 2348 871 2389 ministeria
892 2363 992 2388 esse.
1057 2346 1197 2387 Serius
1214 2360 1255 2386 se
1273 2361 1418 2401 paene,
1438 2359 1563 2400 quam

174 2413 185 2431 ‘
203 2416 339 2448 tutum
362 2407 499 2454 fuerit,
524 2422 575 2447 nc
598 2406 716 2447 cuius
742 2405 888 2446 incerti
910 2405 1088 2460 vanique
1115 2412 1259 2444 auctor
1280 2412 1399 2451 essct,
1422 2418 1471 2443 ca
1492 2402 1565 2443 de-

174 2471 184 2488 ‘
200 2465 333 2506 ferre.’
396 2464 517 2512 Quae
541 2474 759 2520 postquam
788 2473 885 2504 sunt
913 2462 1068 2509 audita,
1091 2472 1132 2502 et
1155 2461 1340 2516 undiquc
1363 2461 1566 2516 primores

174 2522 347 2563 Patrum
375 2531 417 2563 et
445 2522 592 2578 prioris
613 2522 710 2563 anni
734 2520 924 2562 consules
947 2521 1221 2576 increparent,
1245 2518 1358 2574 quod
1387 2533 1455 2559 eas
1489 2517 1566 2558 1111·-

172 2580 352 2636 gitiones
373 2589 530 2620 coctus<
549 2595 598 2620 ue
629 2580 761 2636 plebis
783 2579 823 2619 in
846 2579 1006 2635 privata
1026 2578 1151 2617 domo
1175 2577 1279 2632 passi
1303 2585 1440 2616 essent
1462 2576 1564 2625 fieri,

173 2647 215 2678 et
248 2653 375 2677 novos
405 2597 608 2686 eonsules,
636 2637 749 2692 qnod
781 2645 1104 2692 exspectassent,
1137 2634 1271 2675 donec
1303 2649 1325 2674 11
1356 2634 1566 2689 praefecto

173 2709 364 2736 annonae
398 2704 512 2735 tanta
543 2709 606 2735 res
637 2694 689 2735 ad
719 2704 908 2735 senatum
940 2693 1185 2741 deferretur,
1212 2707 1319 2748 quac
1352 2690 1565 2732 consulem

174 2808 248 2838 (111111
282 2806 393 2836 ordine
429 2805 677 2845 dispensandum!
713 2811 849 2843 curaret,
889 2807 985 2845 yens]
1013 2808 1122 2841 Quam
1150 2810 1259 2845 postea
1278 2806 1399 2836 aediles
1415 2807 1553 2844 agebant

176 2860 238 2881 non
268 2849 382 2888 cuique
416 2859 471 2889 pro
502 2849 631 2879 arbitrio
659 2859 847 2879 consumcn-
893 2848 1009 2888 quibus
1024 2859 1172 2879 1111110111ιο
1189 2859 1264 2878 curn
1287 2859 1455 2889 rerumque
1474 2860 1566 2880 venn-

176 2893 252 2923 dum
272 2892 475 2931 relinqueret.
501 2894 606 2922 (Υκκν.
895 2891 970 2921 lium
998 2891 1148 2929 regimen,
1165 2892 1250 2922 unde
1270 2892 1404 2923 Graecis
1421 2891 1565 2931 ἀγορανό-

225 2945 241 2966 2
269 2936 413 2966 Eandem
438 2936 566 2974 pumice
592 2935 787 2966 curationem
816 2945 848 2965 u·
892 2946 943 2971 μοι
959 2934 1118 2965 dicuntur.
1149 2934 1189 2966 cs.
1207 2934 1275 2966 Cic.
1296 2935 1336 2966 dc
1354 2934 1450 2975 Legg.
1468 2935 1510 2966 iii.
1530 2944 1557 2975 3.
