<?xml version="1.0" encoding="UTF-8"?>
<!DOCTYPE html PUBLIC "-//W3C//DTD XHTML 1.0 Transitional//EN"
    "http://www.w3.org/TR/xhtml1/DTD/xhtml1-transitional.dtd">
<html xmlns="http://www.w3.org/1999/xhtml" xml:lang="en" lang="en">
 <head>
  <title>
</title>
<meta http-equiv="Content-Type" content="text/html;charset=utf-8" />
  <meta name='ocr-system' content='tesseract 3.04.00' />
  <meta name='ocr-capabilities' content='ocr_page ocr_carea ocr_par ocr_line ocrx_word'/>
</head>
<body>
  <div class='ocr_page' id='page_1' title='image "./historiarumli01livyuoft_0301.png"; bbox 0 0 1934 3211; ppageno 0'>
   <div class='ocr_carea' id='block_1_1' title="bbox 565 168 1536 216">
    <p class='ocr_par' dir='ltr' id='par_1_1' title="bbox 565 168 1536 216">
     <span class='ocr_line' id='line_1_1' title="bbox 565 168 1536 216; baseline -0.001 -1"><span class='ocrx_word' id='word_1_1' title='bbox 565 169 691 216; x_wconf 90' lang='lat' dir='ltr'><strong>LIB.</strong></span> <span class='ocrx_word' id='word_1_2' title='bbox 725 168 802 211; x_wconf 95' lang='lat' dir='ltr'>IV.</span> <span class='ocrx_word' id='word_1_3' title='bbox 855 169 1000 211; x_wconf 90' lang='lat' dir='ltr'><strong>CAP.</strong></span> <span class='ocrx_word' id='word_1_4' title='bbox 1035 173 1101 211; x_wconf 90' lang='lat'>61.</span> <span class='ocrx_word' id='word_1_5' title='bbox 1454 174 1536 215; x_wconf 87' lang='lat'>287</span> 
     </span>
    </p>
   </div>
   <div class='ocr_carea' id='block_1_2' title="bbox 102 257 1760 2209">
    <p class='ocr_par' dir='ltr' id='par_1_2' title="bbox 102 257 1756 711">
     <span class='ocr_line' id='line_1_2' title="bbox 102 257 1741 310; baseline -0.002 -6"><span class='ocrx_word' id='word_1_6' title='bbox 102 262 242 308; x_wconf 86' lang='lat' dir='ltr'>4ctius</span> <span class='ocrx_word' id='word_1_7' title='bbox 276 259 569 307; x_wconf 84' lang='lat' dir='ltr'>Cincinnatus,</span> <span class='ocrx_word' id='word_1_8' title='bbox 602 257 652 298; x_wconf 89' lang='lat' dir='ltr'>C.</span> <span class='ocrx_word' id='word_1_9' title='bbox 670 257 804 299; x_wconf 89' lang='lat' dir='ltr'>Iulius</span> <span class='ocrx_word' id='word_1_10' title='bbox 832 257 951 299; x_wconf 93' lang='lat' dir='ltr'>Iulus</span> <span class='ocrx_word' id='word_1_11' title='bbox 984 259 1152 309; x_wconf 89' lang='lat' dir='ltr'>iterum,</span> <span class='ocrx_word' id='word_1_12' title='bbox 1183 260 1236 300; x_wconf 95' lang='lat' dir='ltr'>A.</span> <span class='ocrx_word' id='word_1_13' title='bbox 1255 259 1456 310; x_wconf 89' lang='lat' dir='ltr'>Manlius,</span> <span class='ocrx_word' id='word_1_14' title='bbox 1484 261 1534 302; x_wconf 88' lang='lat' dir='ltr'>L.</span> <span class='ocrx_word' id='word_1_15' title='bbox 1554 267 1595 299; x_wconf 88' lang='lat' dir='ltr'>U.</span> <span class='ocrx_word' id='word_1_16' title='bbox 1613 268 1650 299; x_wconf 87' lang='lat' dir='ltr'><strong>C.</strong></span> <span class='ocrx_word' id='word_1_17' title='bbox 1669 277 1741 309; x_wconf 81' lang='lat'><strong>350·</strong></span> 
     </span>
     <span class='ocr_line' id='line_1_3' title="bbox 136 311 1742 365; baseline -0.001 -6"><span class='ocrx_word' id='word_1_18' title='bbox 136 319 286 360; x_wconf 89' lang='lat' dir='ltr'>Furius</span> <span class='ocrx_word' id='word_1_19' title='bbox 303 315 566 358; x_wconf 83' lang='lat' dir='ltr'>Medullinus</span> <span class='ocrx_word' id='word_1_20' title='bbox 588 315 772 365; x_wconf 90' lang='lat' dir='ltr'>tertium,</span> <span class='ocrx_word' id='word_1_21' title='bbox 795 315 869 357; x_wconf 89' lang='lat' dir='ltr'><strong>M&#39;.</strong></span> <span class='ocrx_word' id='word_1_22' title='bbox 888 316 1097 357; x_wconf 84' lang='lat' dir='ltr'>Aemilius</span> <span class='ocrx_word' id='word_1_23' title='bbox 1120 316 1420 358; x_wconf 77' lang='lat' dir='ltr'>Mamercinus</span> <span class='ocrx_word' id='word_1_24' title='bbox 1466 319 1537 359; x_wconf 92' lang='lat' dir='ltr'>Ab</span> <span class='ocrx_word' id='word_1_25' title='bbox 1551 312 1588 362; x_wconf 63' lang='lat'>,²¹:-</span> <span class='ocrx_word' id='word_1_26' title='bbox 1614 311 1651 341; x_wconf 86' lang='lat' dir='ltr'><strong>C.</strong></span> <span class='ocrx_word' id='word_1_27' title='bbox 1669 321 1742 358; x_wconf 72' lang='lat'>,40²-</span> 
     </span>
     <span class='ocr_line' id='line_1_4' title="bbox 135 353 1756 431; baseline -0.002 -14"><span class='ocrx_word' id='word_1_28' title='bbox 135 376 200 417; x_wconf 89' lang='lat' dir='ltr'>his</span> <span class='ocrx_word' id='word_1_29' title='bbox 220 374 403 431; x_wconf 90' lang='lat' dir='ltr'>primum</span> <span class='ocrx_word' id='word_1_30' title='bbox 425 372 686 414; x_wconf 83' lang='lat' dir='ltr'>circumsessi</span> <span class='ocrx_word' id='word_1_31' title='bbox 708 372 807 414; x_wconf 85' lang='lat' dir='ltr'>Veii</span> <span class='ocrx_word' id='word_1_32' title='bbox 832 382 942 414; x_wconf 88' lang='lat' dir='ltr'>sunt.</span> <span class='ocrx_word' id='word_1_33' title='bbox 1009 373 1095 415; x_wconf 89' lang='lat' dir='ltr'>Sub</span> <span class='ocrx_word' id='word_1_34' title='bbox 1125 374 1243 415; x_wconf 93' lang='lat' dir='ltr'>cuius</span> <span class='ocrx_word' id='word_1_35' title='bbox 1272 374 1441 415; x_wconf 91' lang='lat' dir='ltr'>initium</span> <span class='ocrx_word' id='word_1_36' title='bbox 1463 375 1539 415; x_wconf 89' lang='lat' dir='ltr'>ob·</span> <span class='ocrx_word' id='word_1_37' title='bbox 1552 353 1756 431; x_wconf 46' lang='lat' dir='ltr'>gt}0(‚&#39;)}¹‡¹c¹‚¹lrr·</span> 
     </span>
     <span class='ocr_line' id='line_1_5' title="bbox 135 429 1680 486; baseline -0.001 -12"><span class='ocrx_word' id='word_1_38' title='bbox 135 431 308 475; x_wconf 91' lang='lat' dir='ltr'>sidionis</span> <span class='ocrx_word' id='word_1_39' title='bbox 329 445 460 486; x_wconf 90' lang='lat' dir='ltr'>quum</span> <span class='ocrx_word' id='word_1_40' title='bbox 485 429 758 470; x_wconf 89' lang='lat' dir='ltr'>Etruscorum</span> <span class='ocrx_word' id='word_1_41' title='bbox 785 430 1012 471; x_wconf 89' lang='lat' dir='ltr'>concilium</span> <span class='ocrx_word' id='word_1_42' title='bbox 1038 431 1092 472; x_wconf 92' lang='lat' dir='ltr'>ad</span> <span class='ocrx_word' id='word_1_43' title='bbox 1113 431 1258 472; x_wconf 85' lang='lat' dir='ltr'>fanum</span> <span class='ocrx_word' id='word_1_44' title='bbox 1283 431 1537 473; x_wconf 82' lang='lat' dir='ltr'>Voltumnae</span> <span class='ocrx_word' id='word_1_45' title='bbox 1553 437 1625 466; x_wconf 84' lang='lat' dir='ltr'>Mil·</span> <span class='ocrx_word' id='word_1_46' title='bbox 1675 479 1680 485; x_wconf 42' lang='grc'><strong>,</strong></span> 
     </span>
     <span class='ocr_line' id='line_1_6' title="bbox 135 479 1682 550; baseline -0.002 -18"><span class='ocrx_word' id='word_1_47' title='bbox 135 490 378 546; x_wconf 80' lang='lat' dir='ltr'>ftequenter</span> <span class='ocrx_word' id='word_1_48' title='bbox 405 487 595 528; x_wconf 84' lang='lat' dir='ltr'>habitum</span> <span class='ocrx_word' id='word_1_49' title='bbox 625 496 745 536; x_wconf 85' lang='lat' dir='ltr'>esset,</span> <span class='ocrx_word' id='word_1_50' title='bbox 768 503 916 543; x_wconf 87' lang='lat' dir='ltr'>parum</span> <span class='ocrx_word' id='word_1_51' title='bbox 946 488 1146 538; x_wconf 85' lang='lat' dir='ltr'>constitit,</span> <span class='ocrx_word' id='word_1_52' title='bbox 1169 488 1335 529; x_wconf 92' lang='lat' dir='ltr'>bellone</span> <span class='ocrx_word' id='word_1_53' title='bbox 1367 489 1538 545; x_wconf 90' lang='lat' dir='ltr'>publico</span> <span class='ocrx_word' id='word_1_54' title='bbox 1553 479 1682 550; x_wconf 50' lang='lat' dir='ltr'>Qff‘ffl</span> 
     </span>
     <span class='ocr_line' id='line_1_7' title="bbox 136 544 1640 605; baseline -0.001 -17"><span class='ocrx_word' id='word_1_55' title='bbox 136 547 272 605; x_wconf 84' lang='lat' dir='ltr'>gentis</span> <span class='ocrx_word' id='word_1_56' title='bbox 301 545 519 586; x_wconf 75' lang='lat' dir='ltr'>universae</span> <span class='ocrx_word' id='word_1_57' title='bbox 552 544 699 585; x_wconf 84' lang='lat' dir='ltr'>tuendi</span> <span class='ocrx_word' id='word_1_58' title='bbox 728 544 933 586; x_wconf 80' lang='lat' dir='ltr'>Veientes</span> <span class='ocrx_word' id='word_1_59' title='bbox 964 555 1114 587; x_wconf 88' lang='lat' dir='ltr'>essent.</span> <span class='ocrx_word' id='word_1_60' title='bbox 1180 545 1245 586; x_wconf 85' lang='lat' dir='ltr'>Ea</span> <span class='ocrx_word' id='word_1_61' title='bbox 1279 547 1539 602; x_wconf 84' lang='lat' dir='ltr'>oppugnatio</span> <span class='ocrx_word' id='word_1_62' title='bbox 1634 545 1640 551; x_wconf 76' lang='grc'><strong>”</strong></span> 
     </span>
     <span class='ocr_line' id='line_1_8' title="bbox 137 602 1538 660; baseline -0.001 -14"><span class='ocrx_word' id='word_1_63' title='bbox 137 604 303 660; x_wconf 80' lang='lat' dir='ltr'>segnior</span> <span class='ocrx_word' id='word_1_64' title='bbox 322 602 564 658; x_wconf 84' lang='lat' dir='ltr'>insequenti</span> <span class='ocrx_word' id='word_1_65' title='bbox 586 617 697 642; x_wconf 87' lang='lat' dir='ltr'>anno</span> <span class='ocrx_word' id='word_1_66' title='bbox 713 602 804 651; x_wconf 91' lang='lat' dir='ltr'>fuit,</span> <span class='ocrx_word' id='word_1_67' title='bbox 823 611 941 659; x_wconf 81' lang='lat' dir='ltr'>parte</span> <span class='ocrx_word' id='word_1_68' title='bbox 959 603 1224 644; x_wconf 88' lang='lat' dir='ltr'>tribunorum</span> <span class='ocrx_word' id='word_1_69' title='bbox 1242 604 1538 659; x_wconf 83' lang='lat' dir='ltr'>exercitusque</span> 
     </span>
     <span class='ocr_line' id='line_1_9' title="bbox 137 659 1743 711; baseline 0 -9"><span class='ocrx_word' id='word_1_70' title='bbox 137 662 191 705; x_wconf 92' lang='lat' dir='ltr'>ad</span> <span class='ocrx_word' id='word_1_71' title='bbox 212 660 415 701; x_wconf 87' lang='lat' dir='ltr'>Volscum</span> <span class='ocrx_word' id='word_1_72' title='bbox 444 668 614 700; x_wconf 78' lang='lat' dir='ltr'>avocata</span> <span class='ocrx_word' id='word_1_73' title='bbox 642 659 812 700; x_wconf 84' lang='lat' dir='ltr'>bellum.</span> <span class='ocrx_word' id='word_1_74' title='bbox 876 660 1089 701; x_wconf 88' lang='lat' dir='ltr'>Tribunos</span> <span class='ocrx_word' id='word_1_75' title='bbox 1118 661 1300 701; x_wconf 87' lang='lat' dir='ltr'>militum</span> <span class='ocrx_word' id='word_1_76' title='bbox 1329 661 1537 702; x_wconf 87' lang='lat' dir='ltr'>consulari</span> <span class='ocrx_word' id='word_1_77' title='bbox 1554 671 1596 702; x_wconf 90' lang='lat' dir='ltr'>U.</span> <span class='ocrx_word' id='word_1_78' title='bbox 1615 672 1652 702; x_wconf 87' lang='lat' dir='ltr'><strong>C.</strong></span> <span class='ocrx_word' id='word_1_79' title='bbox 1672 681 1743 711; x_wconf 78' lang='lat'>351-</span> 
     </span>
    </p>

    <p class='ocr_par' dir='ltr' id='par_1_3' title="bbox 168 714 1760 831">
     <span class='ocr_line' id='line_1_10' title="bbox 168 714 1744 769; baseline -0.001 -8"><span class='ocrx_word' id='word_1_80' title='bbox 168 727 341 761; x_wconf 84' lang='lat' dir='ltr'>otestate</span> <span class='ocrx_word' id='word_1_81' title='bbox 379 717 413 757; x_wconf 90' lang='lat' dir='ltr'>is</span> <span class='ocrx_word' id='word_1_82' title='bbox 449 732 584 757; x_wconf 83' lang='lat' dir='ltr'>annus</span> <span class='ocrx_word' id='word_1_83' title='bbox 618 716 767 758; x_wconf 86' lang='lat' dir='ltr'>habuit</span> <span class='ocrx_word' id='word_1_84' title='bbox 803 716 853 758; x_wconf 89' lang='lat' dir='ltr'>C.</span> <span class='ocrx_word' id='word_1_85' title='bbox 873 716 1092 758; x_wconf 86' lang='lat' dir='ltr'>Valerium</span> <span class='ocrx_word' id='word_1_86' title='bbox 1124 718 1315 759; x_wconf 87' lang='lat' dir='ltr'>Potitum</span> <span class='ocrx_word' id='word_1_87' title='bbox 1352 719 1537 767; x_wconf 87' lang='lat' dir='ltr'>tertium,</span> <span class='ocrx_word' id='word_1_88' title='bbox 1553 715 1590 769; x_wconf 55' lang='grc' dir='ltr'>Ἀζ-</span> <span class='ocrx_word' id='word_1_89' title='bbox 1616 714 1654 745; x_wconf 55' lang='lat' dir='ltr'>c</span> <span class='ocrx_word' id='word_1_90' title='bbox 1672 724 1744 761; x_wconf 56' lang='lat'>40}-</span> 
     </span>
     <span class='ocr_line' id='line_1_11' title="bbox 192 757 1760 831; baseline -0.001 -13"><span class='ocrx_word' id='word_1_91' title='bbox 192 778 213 817; x_wconf 89' lang='lat'><strong>’.</strong></span> <span class='ocrx_word' id='word_1_92' title='bbox 250 775 442 831; x_wconf 83' lang='lat' dir='ltr'>Sergium</span> <span class='ocrx_word' id='word_1_93' title='bbox 491 773 751 824; x_wconf 84' lang='lat' dir='ltr'>Fidenatem,</span> <span class='ocrx_word' id='word_1_94' title='bbox 802 774 850 815; x_wconf 92' lang='lat' dir='ltr'>P.</span> <span class='ocrx_word' id='word_1_95' title='bbox 885 774 1134 816; x_wconf 88' lang='lat' dir='ltr'>Cornelium</span> <span class='ocrx_word' id='word_1_96' title='bbox 1182 775 1537 831; x_wconf 69' lang='lat' dir='ltr'>Maluginensem,</span> <span class='ocrx_word' id='word_1_97' title='bbox 1552 757 1627 830; x_wconf 44' lang='lat' dir='ltr'>{HN</span> <span class='ocrx_word' id='word_1_98' title='bbox 1636 757 1760 830; x_wconf 46' lang='lat' dir='ltr'>§gfff-&#39;r</span> 
     </span>
    </p>

    <p class='ocr_par' dir='ltr' id='par_1_4' title="bbox 108 831 1744 1006">
     <span class='ocr_line' id='line_1_12' title="bbox 108 831 1626 889; baseline -0.003 -13"><span class='ocrx_word' id='word_1_99' title='bbox 108 834 223 883; x_wconf 88' lang='lat' dir='ltr'>5Cn.</span> <span class='ocrx_word' id='word_1_100' title='bbox 265 832 512 874; x_wconf 88' lang='lat' dir='ltr'>Cornelium</span> <span class='ocrx_word' id='word_1_101' title='bbox 570 831 763 881; x_wconf 82' lang='lat' dir='ltr'>Cossum,</span> <span class='ocrx_word' id='word_1_102' title='bbox 818 832 872 872; x_wconf 87' lang='lat' dir='ltr'>K.</span> <span class='ocrx_word' id='word_1_103' title='bbox 913 831 1087 873; x_wconf 84' lang='lat' dir='ltr'>Fabium</span> <span class='ocrx_word' id='word_1_104' title='bbox 1141 833 1411 881; x_wconf 83' lang='lat' dir='ltr'>Ambustum,</span> <span class='ocrx_word' id='word_1_105' title='bbox 1467 833 1536 889; x_wconf 87' lang='lat' dir='ltr'>Sp.</span> <span class='ocrx_word' id='word_1_106' title='bbox 1553 842 1626 872; x_wconf 88' lang='lat' dir='ltr'>Mil.</span> 
     </span>
     <span class='ocr_line' id='line_1_13' title="bbox 141 888 1744 934; baseline -0.002 0"><span class='ocrx_word' id='word_1_107' title='bbox 141 891 347 934; x_wconf 87' lang='lat' dir='ltr'>Nautium</span> <span class='ocrx_word' id='word_1_108' title='bbox 373 888 566 930; x_wconf 85' lang='lat' dir='ltr'>Rutilum</span> <span class='ocrx_word' id='word_1_109' title='bbox 590 889 754 929; x_wconf 87' lang='lat' dir='ltr'>iterum.</span> <span class='ocrx_word' id='word_1_110' title='bbox 811 888 923 930; x_wconf 89' lang='lat' dir='ltr'>Cum</span> <span class='ocrx_word' id='word_1_111' title='bbox 948 890 1112 931; x_wconf 85' lang='lat' dir='ltr'>Volscis</span> <span class='ocrx_word' id='word_1_112' title='bbox 1134 891 1244 931; x_wconf 87' lang='lat' dir='ltr'>inter</span> <span class='ocrx_word' id='word_1_113' title='bbox 1267 890 1539 931; x_wconf 80' lang='lat' dir='ltr'>Ferentinum</span> <span class='ocrx_word' id='word_1_114' title='bbox 1555 900 1645 931; x_wconf 77' lang='lat' dir='ltr'>Victi</span> <span class='ocrx_word' id='word_1_115' title='bbox 1663 900 1744 930; x_wconf 89' lang='lat' dir='ltr'>Vol-</span> 
     </span>
     <span class='ocr_line' id='line_1_14' title="bbox 141 943 1608 1006; baseline -0.002 -15"><span class='ocrx_word' id='word_1_116' title='bbox 141 959 267 1006; x_wconf 83' lang='lat' dir='ltr'>atque</span> <span class='ocrx_word' id='word_1_117' title='bbox 286 947 482 988; x_wconf 84' lang='lat' dir='ltr'>Ecetram</span> <span class='ocrx_word' id='word_1_118' title='bbox 505 946 634 1001; x_wconf 71' lang='lat' dir='ltr'>signis</span> <span class='ocrx_word' id='word_1_119' title='bbox 655 946 814 987; x_wconf 86' lang='lat' dir='ltr'>collatis</span> <span class='ocrx_word' id='word_1_120' title='bbox 831 947 1089 988; x_wconf 85' lang='lat' dir='ltr'>dimicatum.</span> <span class='ocrx_word' id='word_1_121' title='bbox 1137 948 1341 988; x_wconf 82' lang='lat' dir='ltr'>Romanis</span> <span class='ocrx_word' id='word_1_122' title='bbox 1357 948 1542 989; x_wconf 88' lang='lat' dir='ltr'>secunda</span> <span class='ocrx_word' id='word_1_123' title='bbox 1554 943 1608 975; x_wconf 53' lang='grc' dir='ltr'>δεῖ·</span> 
     </span>
    </p>

    <p class='ocr_par' dir='ltr' id='par_1_5' title="bbox 108 1003 1548 1923">
     <span class='ocr_line' id='line_1_15' title="bbox 108 1003 1541 1061; baseline -0.002 -13"><span class='ocrx_word' id='word_1_124' title='bbox 108 1007 308 1048; x_wconf 86' lang='lat' dir='ltr'>6fortuna</span> <span class='ocrx_word' id='word_1_125' title='bbox 344 1019 511 1060; x_wconf 75' lang='lat' dir='ltr'>pugnae</span> <span class='ocrx_word' id='word_1_126' title='bbox 542 1003 633 1044; x_wconf 88' lang='lat' dir='ltr'>fuit.</span> <span class='ocrx_word' id='word_1_127' title='bbox 698 1004 861 1045; x_wconf 84' lang='lat' dir='ltr'>Artena</span> <span class='ocrx_word' id='word_1_128' title='bbox 899 1004 1012 1054; x_wconf 87' lang='lat' dir='ltr'>inde,</span> <span class='ocrx_word' id='word_1_129' title='bbox 1037 1005 1289 1046; x_wconf 87' lang='lat' dir='ltr'>Volscorum</span> <span class='ocrx_word' id='word_1_130' title='bbox 1323 1005 1541 1061; x_wconf 88' lang='lat' dir='ltr'>oppidum,</span> 
     </span>
     <span class='ocr_line' id='line_1_16' title="bbox 141 1060 1544 1118; baseline -0.001 -13"><span class='ocrx_word' id='word_1_131' title='bbox 141 1065 194 1105; x_wconf 87' lang='lat' dir='ltr'>ab</span> <span class='ocrx_word' id='word_1_132' title='bbox 216 1063 394 1104; x_wconf 87' lang='lat' dir='ltr'>tribunis</span> <span class='ocrx_word' id='word_1_133' title='bbox 415 1060 595 1101; x_wconf 86' lang='lat' dir='ltr'>obsideri</span> <span class='ocrx_word' id='word_1_134' title='bbox 618 1071 777 1117; x_wconf 87' lang='lat' dir='ltr'>coepta.</span> <span class='ocrx_word' id='word_1_135' title='bbox 842 1061 948 1102; x_wconf 88' lang='lat' dir='ltr'>Inde</span> <span class='ocrx_word' id='word_1_136' title='bbox 978 1062 1088 1103; x_wconf 87' lang='lat' dir='ltr'>inter</span> <span class='ocrx_word' id='word_1_137' title='bbox 1115 1063 1380 1118; x_wconf 80' lang='lat' dir='ltr'>eruptionem</span> <span class='ocrx_word' id='word_1_138' title='bbox 1407 1072 1544 1103; x_wconf 90' lang='lat' dir='ltr'>tenta-</span> 
     </span>
     <span class='ocr_line' id='line_1_17' title="bbox 141 1118 1544 1175; baseline -0.001 -12"><span class='ocrx_word' id='word_1_139' title='bbox 141 1131 240 1170; x_wconf 92' lang='lat' dir='ltr'>tam,</span> <span class='ocrx_word' id='word_1_140' title='bbox 263 1118 480 1175; x_wconf 86' lang='lat' dir='ltr'>compulso</span> <span class='ocrx_word' id='word_1_141' title='bbox 514 1118 556 1158; x_wconf 93' lang='lat' dir='ltr'>in</span> <span class='ocrx_word' id='word_1_142' title='bbox 589 1119 735 1159; x_wconf 88' lang='lat' dir='ltr'>urbem</span> <span class='ocrx_word' id='word_1_143' title='bbox 766 1119 899 1167; x_wconf 90' lang='lat' dir='ltr'>hoste,</span> <span class='ocrx_word' id='word_1_144' title='bbox 926 1120 1087 1160; x_wconf 81' lang='lat' dir='ltr'>occasio</span> <span class='ocrx_word' id='word_1_145' title='bbox 1119 1120 1217 1161; x_wconf 83' lang='lat' dir='ltr'>data</span> <span class='ocrx_word' id='word_1_146' title='bbox 1248 1129 1310 1161; x_wconf 91' lang='lat' dir='ltr'>est</span> <span class='ocrx_word' id='word_1_147' title='bbox 1340 1120 1544 1161; x_wconf 88' lang='lat' dir='ltr'>Romanis</span> 
     </span>
     <span class='ocr_line' id='line_1_18' title="bbox 140 1177 1543 1233; baseline -0.001 -14"><span class='ocrx_word' id='word_1_148' title='bbox 140 1177 430 1233; x_wconf 88' lang='lat' dir='ltr'>irrumpendi:</span> <span class='ocrx_word' id='word_1_149' title='bbox 477 1185 724 1232; x_wconf 83' lang='lat' dir='ltr'>praeterque</span> <span class='ocrx_word' id='word_1_150' title='bbox 762 1191 898 1217; x_wconf 86' lang='lat' dir='ltr'>arcem</span> <span class='ocrx_word' id='word_1_151' title='bbox 936 1187 1075 1218; x_wconf 85' lang='lat' dir='ltr'>cetera</span> <span class='ocrx_word' id='word_1_152' title='bbox 1109 1187 1242 1233; x_wconf 89' lang='lat' dir='ltr'>capta.</span> <span class='ocrx_word' id='word_1_153' title='bbox 1318 1177 1368 1218; x_wconf 91' lang='lat' dir='ltr'>In</span> <span class='ocrx_word' id='word_1_154' title='bbox 1405 1192 1543 1219; x_wconf 87' lang='lat' dir='ltr'>arcem</span> 
     </span>
     <span class='ocr_line' id='line_1_19' title="bbox 141 1233 1544 1288; baseline -0.001 -12"><span class='ocrx_word' id='word_1_155' title='bbox 141 1235 348 1276; x_wconf 91' lang='lat' dir='ltr'>munitam</span> <span class='ocrx_word' id='word_1_156' title='bbox 375 1243 525 1274; x_wconf 86' lang='lat' dir='ltr'>natura</span> <span class='ocrx_word' id='word_1_157' title='bbox 548 1233 696 1288; x_wconf 79' lang='lat' dir='ltr'>globus</span> <span class='ocrx_word' id='word_1_158' title='bbox 722 1243 977 1275; x_wconf 87' lang='lat' dir='ltr'>armatorum</span> <span class='ocrx_word' id='word_1_159' title='bbox 1003 1235 1233 1276; x_wconf 87' lang='lat' dir='ltr'>concessit:</span> <span class='ocrx_word' id='word_1_160' title='bbox 1269 1235 1375 1275; x_wconf 86' lang='lat' dir='ltr'>infra</span> <span class='ocrx_word' id='word_1_161' title='bbox 1405 1250 1544 1276; x_wconf 89' lang='lat' dir='ltr'>arcem</span> 
     </span>
     <span class='ocr_line' id='line_1_20' title="bbox 141 1291 1541 1348; baseline -0.001 -14"><span class='ocrx_word' id='word_1_162' title='bbox 141 1293 250 1334; x_wconf 86' lang='lat' dir='ltr'>caesi</span> <span class='ocrx_word' id='word_1_163' title='bbox 281 1292 478 1348; x_wconf 83' lang='lat' dir='ltr'>captique</span> <span class='ocrx_word' id='word_1_164' title='bbox 514 1291 634 1332; x_wconf 86' lang='lat' dir='ltr'>multi</span> <span class='ocrx_word' id='word_1_165' title='bbox 667 1291 873 1332; x_wconf 86' lang='lat' dir='ltr'>mortales.</span> <span class='ocrx_word' id='word_1_166' title='bbox 938 1292 1029 1332; x_wconf 87' lang='lat' dir='ltr'>Arx</span> <span class='ocrx_word' id='word_1_167' title='bbox 1059 1291 1214 1333; x_wconf 91' lang='lat' dir='ltr'>deinde</span> <span class='ocrx_word' id='word_1_168' title='bbox 1246 1292 1541 1333; x_wconf 87' lang='lat' dir='ltr'>obsidebatur:</span> 
     </span>
     <span class='ocr_line' id='line_1_21' title="bbox 142 1348 1543 1404; baseline -0.001 -13"><span class='ocrx_word' id='word_1_169' title='bbox 142 1366 221 1392; x_wconf 84' lang='lat' dir='ltr'>nec</span> <span class='ocrx_word' id='word_1_170' title='bbox 243 1359 314 1390; x_wconf 86' lang='lat' dir='ltr'>aut</span> <span class='ocrx_word' id='word_1_171' title='bbox 335 1350 374 1389; x_wconf 85' lang='lat' dir='ltr'>vi</span> <span class='ocrx_word' id='word_1_172' title='bbox 401 1348 493 1404; x_wconf 86' lang='lat' dir='ltr'>capi</span> <span class='ocrx_word' id='word_1_173' title='bbox 519 1357 695 1404; x_wconf 89' lang='lat' dir='ltr'>poterat,</span> <span class='ocrx_word' id='word_1_174' title='bbox 719 1349 817 1404; x_wconf 87' lang='lat' dir='ltr'>quia</span> <span class='ocrx_word' id='word_1_175' title='bbox 845 1364 922 1404; x_wconf 90' lang='lat' dir='ltr'>pro</span> <span class='ocrx_word' id='word_1_176' title='bbox 950 1349 1084 1404; x_wconf 86' lang='lat' dir='ltr'>spatio</span> <span class='ocrx_word' id='word_1_177' title='bbox 1113 1349 1193 1390; x_wconf 91' lang='lat' dir='ltr'>loci</span> <span class='ocrx_word' id='word_1_178' title='bbox 1221 1350 1319 1390; x_wconf 86' lang='lat' dir='ltr'>satis</span> <span class='ocrx_word' id='word_1_179' title='bbox 1346 1349 1543 1404; x_wconf 87' lang='lat' dir='ltr'>praesidii</span> 
     </span>
     <span class='ocr_line' id='line_1_22' title="bbox 142 1406 1545 1462; baseline -0.002 -13"><span class='ocrx_word' id='word_1_180' title='bbox 142 1408 349 1455; x_wconf 83' lang='lat' dir='ltr'>habebat3</span> <span class='ocrx_word' id='word_1_181' title='bbox 395 1416 467 1447; x_wconf 87' lang='lat' dir='ltr'>aut</span> <span class='ocrx_word' id='word_1_182' title='bbox 508 1421 624 1461; x_wconf 88' lang='lat' dir='ltr'>spem</span> <span class='ocrx_word' id='word_1_183' title='bbox 667 1406 791 1446; x_wconf 87' lang='lat' dir='ltr'>dabat</span> <span class='ocrx_word' id='word_1_184' title='bbox 825 1406 1064 1455; x_wconf 87' lang='lat' dir='ltr'>deditionis,</span> <span class='ocrx_word' id='word_1_185' title='bbox 1100 1406 1215 1446; x_wconf 91' lang='lat' dir='ltr'>omni</span> <span class='ocrx_word' id='word_1_186' title='bbox 1248 1406 1418 1462; x_wconf 90' lang='lat' dir='ltr'>publico</span> <span class='ocrx_word' id='word_1_187' title='bbox 1459 1406 1545 1446; x_wconf 86' lang='lat' dir='ltr'>fru-</span> 
     </span>
     <span class='ocr_line' id='line_1_23' title="bbox 143 1463 1541 1520; baseline -0.002 -13"><span class='ocrx_word' id='word_1_188' title='bbox 143 1476 300 1514; x_wconf 91' lang='lat' dir='ltr'>mento,</span> <span class='ocrx_word' id='word_1_189' title='bbox 343 1464 586 1520; x_wconf 71' lang='lat' dir='ltr'>priusquam</span> <span class='ocrx_word' id='word_1_190' title='bbox 633 1464 730 1504; x_wconf 85' lang='lat' dir='ltr'>urbs</span> <span class='ocrx_word' id='word_1_191' title='bbox 770 1472 1003 1518; x_wconf 87' lang='lat' dir='ltr'>caperetur,</span> <span class='ocrx_word' id='word_1_192' title='bbox 1046 1463 1089 1503; x_wconf 93' lang='lat' dir='ltr'>in</span> <span class='ocrx_word' id='word_1_193' title='bbox 1130 1477 1269 1504; x_wconf 89' lang='lat' dir='ltr'>arcem</span> <span class='ocrx_word' id='word_1_194' title='bbox 1311 1472 1541 1504; x_wconf 89' lang='lat' dir='ltr'>convecto:</span> 
     </span>
     <span class='ocr_line' id='line_1_24' title="bbox 143 1519 1546 1578; baseline -0.002 -14"><span class='ocrx_word' id='word_1_195' title='bbox 143 1523 368 1578; x_wconf 86' lang='lat' dir='ltr'>taedioque</span> <span class='ocrx_word' id='word_1_196' title='bbox 400 1535 607 1562; x_wconf 87' lang='lat' dir='ltr'>recessum</span> <span class='ocrx_word' id='word_1_197' title='bbox 640 1519 738 1560; x_wconf 88' lang='lat' dir='ltr'>inde</span> <span class='ocrx_word' id='word_1_198' title='bbox 769 1519 889 1569; x_wconf 86' lang='lat' dir='ltr'>foret,</span> <span class='ocrx_word' id='word_1_199' title='bbox 921 1519 966 1559; x_wconf 93' lang='lat' dir='ltr'>ni</span> <span class='ocrx_word' id='word_1_200' title='bbox 996 1534 1138 1561; x_wconf 86' lang='lat' dir='ltr'>servus</span> <span class='ocrx_word' id='word_1_201' title='bbox 1168 1535 1306 1561; x_wconf 87' lang='lat' dir='ltr'>arcem</span> <span class='ocrx_word' id='word_1_202' title='bbox 1340 1520 1546 1562; x_wconf 85' lang='lat' dir='ltr'>Romanis</span> 
     </span>
     <span class='ocr_line' id='line_1_25' title="bbox 142 1576 1545 1637; baseline -0.001 -17"><span class='ocrx_word' id='word_1_203' title='bbox 142 1579 420 1637; x_wconf 87' lang='lat' dir='ltr'>prodidisset:</span> <span class='ocrx_word' id='word_1_204' title='bbox 474 1578 526 1618; x_wconf 88' lang='lat' dir='ltr'>ab</span> <span class='ocrx_word' id='word_1_205' title='bbox 566 1593 616 1618; x_wconf 90' lang='lat' dir='ltr'>eo</span> <span class='ocrx_word' id='word_1_206' title='bbox 658 1576 811 1618; x_wconf 88' lang='lat' dir='ltr'>milites</span> <span class='ocrx_word' id='word_1_207' title='bbox 851 1591 926 1632; x_wconf 91' lang='lat' dir='ltr'>per</span> <span class='ocrx_word' id='word_1_208' title='bbox 970 1576 1111 1618; x_wconf 91' lang='lat' dir='ltr'>locum</span> <span class='ocrx_word' id='word_1_209' title='bbox 1157 1577 1337 1618; x_wconf 89' lang='lat' dir='ltr'>arduum</span> <span class='ocrx_word' id='word_1_210' title='bbox 1382 1578 1545 1634; x_wconf 89' lang='lat' dir='ltr'>accepti</span> 
     </span>
     <span class='ocr_line' id='line_1_26' title="bbox 142 1633 1547 1694; baseline -0.002 -15"><span class='ocrx_word' id='word_1_211' title='bbox 142 1652 303 1694; x_wconf 83' lang='lat' dir='ltr'>cepere.</span> <span class='ocrx_word' id='word_1_212' title='bbox 368 1636 408 1677; x_wconf 94' lang='lat' dir='ltr'>A</span> <span class='ocrx_word' id='word_1_213' title='bbox 445 1635 598 1691; x_wconf 89' lang='lat' dir='ltr'>quibus</span> <span class='ocrx_word' id='word_1_214' title='bbox 634 1650 766 1690; x_wconf 91' lang='lat' dir='ltr'>quum</span> <span class='ocrx_word' id='word_1_215' title='bbox 807 1633 1002 1675; x_wconf 85' lang='lat' dir='ltr'>custodes</span> <span class='ocrx_word' id='word_1_216' title='bbox 1042 1635 1364 1685; x_wconf 87' lang='lat' dir='ltr'>trucidarentur,</span> <span class='ocrx_word' id='word_1_217' title='bbox 1407 1644 1547 1676; x_wconf 89' lang='lat' dir='ltr'>cetera</span> 
     </span>
     <span class='ocr_line' id='line_1_27' title="bbox 143 1692 1542 1748; baseline -0.002 -12"><span class='ocrx_word' id='word_1_218' title='bbox 143 1694 382 1743; x_wconf 87' lang='lat' dir='ltr'>multitudo,</span> <span class='ocrx_word' id='word_1_219' title='bbox 405 1692 629 1748; x_wconf 86' lang='lat' dir='ltr'>repentino</span> <span class='ocrx_word' id='word_1_220' title='bbox 654 1707 806 1747; x_wconf 85' lang='lat' dir='ltr'>pavore</span> <span class='ocrx_word' id='word_1_221' title='bbox 832 1707 1040 1747; x_wconf 87' lang='lat' dir='ltr'>oppressa,</span> <span class='ocrx_word' id='word_1_222' title='bbox 1064 1692 1108 1732; x_wconf 87' lang='lat' dir='ltr'>in</span> <span class='ocrx_word' id='word_1_223' title='bbox 1131 1692 1393 1734; x_wconf 89' lang='lat' dir='ltr'>deditionem</span> <span class='ocrx_word' id='word_1_224' title='bbox 1416 1693 1542 1734; x_wconf 91' lang='lat' dir='ltr'>venit.</span> 
     </span>
     <span class='ocr_line' id='line_1_28' title="bbox 143 1749 1546 1807; baseline -0.002 -13"><span class='ocrx_word' id='word_1_225' title='bbox 143 1753 299 1794; x_wconf 87' lang='lat' dir='ltr'>Diruta</span> <span class='ocrx_word' id='word_1_226' title='bbox 338 1760 381 1793; x_wconf 88' lang='lat' dir='ltr'>et</span> <span class='ocrx_word' id='word_1_227' title='bbox 420 1765 514 1791; x_wconf 87' lang='lat' dir='ltr'>arce</span> <span class='ocrx_word' id='word_1_228' title='bbox 556 1758 598 1790; x_wconf 87' lang='lat' dir='ltr'>et</span> <span class='ocrx_word' id='word_1_229' title='bbox 643 1750 745 1790; x_wconf 87' lang='lat' dir='ltr'>urbe</span> <span class='ocrx_word' id='word_1_230' title='bbox 789 1749 964 1798; x_wconf 81' lang='lat' dir='ltr'>Artena,</span> <span class='ocrx_word' id='word_1_231' title='bbox 1007 1749 1206 1791; x_wconf 88' lang='lat' dir='ltr'>reductae</span> <span class='ocrx_word' id='word_1_232' title='bbox 1254 1750 1442 1807; x_wconf 80' lang='lat' dir='ltr'>legiones</span> <span class='ocrx_word' id='word_1_233' title='bbox 1493 1765 1546 1791; x_wconf 87' lang='lat' dir='ltr'>ex</span> 
     </span>
     <span class='ocr_line' id='line_1_29' title="bbox 144 1807 1548 1862; baseline -0.001 -11"><span class='ocrx_word' id='word_1_234' title='bbox 144 1811 184 1851; x_wconf 85' lang='lat' dir='ltr'>V</span> <span class='ocrx_word' id='word_1_235' title='bbox 189 1810 335 1858; x_wconf 85' lang='lat' dir='ltr'>olscis3</span> <span class='ocrx_word' id='word_1_236' title='bbox 368 1807 589 1862; x_wconf 88' lang='lat' dir='ltr'>omnisque</span> <span class='ocrx_word' id='word_1_237' title='bbox 615 1807 676 1847; x_wconf 85' lang='lat' dir='ltr'>vis</span> <span class='ocrx_word' id='word_1_238' title='bbox 701 1807 896 1848; x_wconf 81' lang='lat' dir='ltr'>Romana</span> <span class='ocrx_word' id='word_1_239' title='bbox 917 1807 1048 1849; x_wconf 80' lang='lat' dir='ltr'>Veios</span> <span class='ocrx_word' id='word_1_240' title='bbox 1077 1823 1276 1849; x_wconf 77' lang='lat' dir='ltr'>conversa</span> <span class='ocrx_word' id='word_1_241' title='bbox 1306 1817 1379 1849; x_wconf 82' lang='lat' dir='ltr'>est.</span> <span class='ocrx_word' id='word_1_242' title='bbox 1443 1807 1548 1849; x_wconf 91' lang='lat' dir='ltr'>Pro-</span> 
     </span>
     <span class='ocr_line' id='line_1_30' title="bbox 141 1864 1548 1923; baseline -0.001 -15"><span class='ocrx_word' id='word_1_243' title='bbox 141 1867 280 1916; x_wconf 88' lang='lat' dir='ltr'>ditori,</span> <span class='ocrx_word' id='word_1_244' title='bbox 322 1873 487 1923; x_wconf 87' lang='lat' dir='ltr'>praeter</span> <span class='ocrx_word' id='word_1_245' title='bbox 533 1864 782 1913; x_wconf 87' lang='lat' dir='ltr'>libertatem,</span> <span class='ocrx_word' id='word_1_246' title='bbox 825 1864 1004 1905; x_wconf 85' lang='lat' dir='ltr'>duarum</span> <span class='ocrx_word' id='word_1_247' title='bbox 1046 1865 1299 1906; x_wconf 86' lang='lat' dir='ltr'>familiarum</span> <span class='ocrx_word' id='word_1_248' title='bbox 1345 1866 1457 1906; x_wconf 86' lang='lat' dir='ltr'>bona</span> <span class='ocrx_word' id='word_1_249' title='bbox 1503 1865 1548 1906; x_wconf 90' lang='lat' dir='ltr'>in</span> 
     </span>
    </p>

    <p class='ocr_par' dir='ltr' id='par_1_6' title="bbox 114 1921 1548 2209">
     <span class='ocr_line' id='line_1_31' title="bbox 114 1921 1548 1982; baseline -0.003 -16"><span class='ocrx_word' id='word_1_250' title='bbox 114 1925 376 1982; x_wconf 86' lang='lat' dir='ltr'>7praemium</span> <span class='ocrx_word' id='word_1_251' title='bbox 409 1923 517 1964; x_wconf 84' lang='lat' dir='ltr'>data.</span> <span class='ocrx_word' id='word_1_252' title='bbox 585 1921 752 1963; x_wconf 85' lang='lat' dir='ltr'>Servius</span> <span class='ocrx_word' id='word_1_253' title='bbox 787 1921 1005 1962; x_wconf 86' lang='lat' dir='ltr'>Romanus</span> <span class='ocrx_word' id='word_1_254' title='bbox 1035 1923 1253 1964; x_wconf 84' lang='lat' dir='ltr'>vocitatus.</span> <span class='ocrx_word' id='word_1_255' title='bbox 1321 1923 1442 1972; x_wconf 86' lang='lat' dir='ltr'>Sunt,</span> <span class='ocrx_word' id='word_1_256' title='bbox 1473 1923 1548 1979; x_wconf 92' lang='lat' dir='ltr'>qui</span> 
     </span>
     <span class='ocr_line' id='line_1_32' title="bbox 144 1979 1547 2028; baseline -0.003 -4"><span class='ocrx_word' id='word_1_257' title='bbox 144 1985 351 2023; x_wconf 89' lang='lat' dir='ltr'>Artenam</span> <span class='ocrx_word' id='word_1_258' title='bbox 397 1980 661 2028; x_wconf 86' lang='lat' dir='ltr'>Veientium,</span> <span class='ocrx_word' id='word_1_259' title='bbox 723 1994 809 2019; x_wconf 87' lang='lat' dir='ltr'>non</span> <span class='ocrx_word' id='word_1_260' title='bbox 858 1979 1122 2028; x_wconf 85' lang='lat' dir='ltr'>Volscorum,</span> <span class='ocrx_word' id='word_1_261' title='bbox 1174 1980 1300 2021; x_wconf 85' lang='lat' dir='ltr'>fuisse</span> <span class='ocrx_word' id='word_1_262' title='bbox 1361 1980 1547 2021; x_wconf 62' lang='lat' dir='ltr'>credant.</span> 
     </span>
     <span class='ocr_line' id='line_1_33' title="bbox 143 2035 1548 2092; baseline -0.003 -11"><span class='ocrx_word' id='word_1_263' title='bbox 143 2039 324 2081; x_wconf 87' lang='lat' dir='ltr'>Praebet</span> <span class='ocrx_word' id='word_1_264' title='bbox 351 2053 548 2085; x_wconf 85' lang='lat' dir='ltr'>errorem,</span> <span class='ocrx_word' id='word_1_265' title='bbox 572 2036 687 2092; x_wconf 91' lang='lat' dir='ltr'>quod</span> <span class='ocrx_word' id='word_1_266' title='bbox 718 2035 906 2077; x_wconf 86' lang='lat' dir='ltr'>eiusdem</span> <span class='ocrx_word' id='word_1_267' title='bbox 937 2037 1118 2076; x_wconf 80' lang='lat' dir='ltr'>nominis</span> <span class='ocrx_word' id='word_1_268' title='bbox 1147 2038 1244 2076; x_wconf 82' lang='lat' dir='ltr'>urbs</span> <span class='ocrx_word' id='word_1_269' title='bbox 1276 2037 1386 2078; x_wconf 87' lang='lat' dir='ltr'>inter</span> <span class='ocrx_word' id='word_1_270' title='bbox 1410 2037 1548 2078; x_wconf 87' lang='lat' dir='ltr'>Caere</span> 
     </span>
     <span class='ocr_line' id='line_1_34' title="bbox 142 2092 1548 2152; baseline -0.003 -14"><span class='ocrx_word' id='word_1_271' title='bbox 142 2107 270 2152; x_wconf 83' lang='lat' dir='ltr'>atque</span> <span class='ocrx_word' id='word_1_272' title='bbox 294 2096 424 2137; x_wconf 86' lang='lat' dir='ltr'>Veios</span> <span class='ocrx_word' id='word_1_273' title='bbox 449 2095 553 2135; x_wconf 88' lang='lat' dir='ltr'>fuit:</span> <span class='ocrx_word' id='word_1_274' title='bbox 588 2094 661 2134; x_wconf 83' lang='lat' dir='ltr'>sed</span> <span class='ocrx_word' id='word_1_275' title='bbox 687 2109 779 2134; x_wconf 85' lang='lat' dir='ltr'>cam</span> <span class='ocrx_word' id='word_1_276' title='bbox 806 2108 924 2147; x_wconf 74' lang='lat' dir='ltr'>reges</span> <span class='ocrx_word' id='word_1_277' title='bbox 948 2092 1130 2133; x_wconf 87' lang='lat' dir='ltr'>Romani</span> <span class='ocrx_word' id='word_1_278' title='bbox 1154 2093 1362 2142; x_wconf 88' lang='lat' dir='ltr'>delevere,</span> <span class='ocrx_word' id='word_1_279' title='bbox 1390 2093 1548 2134; x_wconf 88' lang='lat' dir='ltr'>Caere-</span> 
     </span>
     <span class='ocr_line' id='line_1_35' title="bbox 144 2149 1548 2209; baseline -0.004 -14"><span class='ocrx_word' id='word_1_280' title='bbox 144 2163 333 2209; x_wconf 89' lang='lat' dir='ltr'>tumquc,</span> <span class='ocrx_word' id='word_1_281' title='bbox 376 2167 461 2192; x_wconf 90' lang='lat' dir='ltr'>non</span> <span class='ocrx_word' id='word_1_282' title='bbox 507 2151 766 2199; x_wconf 85' lang='lat' dir='ltr'>Veientium,</span> <span class='ocrx_word' id='word_1_283' title='bbox 808 2150 954 2192; x_wconf 87' lang='lat' dir='ltr'>fuerat.</span> <span class='ocrx_word' id='word_1_284' title='bbox 1031 2149 1181 2191; x_wconf 81' lang='lat' dir='ltr'>Altera</span> <span class='ocrx_word' id='word_1_285' title='bbox 1226 2150 1330 2191; x_wconf 88' lang='lat' dir='ltr'>hacc</span> <span class='ocrx_word' id='word_1_286' title='bbox 1376 2150 1548 2191; x_wconf 91' lang='lat' dir='ltr'>nomine</span> 
     </span>
    </p>
   </div>
   <div class='ocr_carea' id='block_1_3' title="bbox 143 2207 1430 2264">
    <p class='ocr_par' dir='ltr' id='par_1_7' title="bbox 143 2207 1430 2264">
     <span class='ocr_line' id='line_1_36' title="bbox 143 2207 1430 2264; baseline -0.004 -12"><span class='ocrx_word' id='word_1_287' title='bbox 143 2211 294 2252; x_wconf 90' lang='lat' dir='ltr'>codem</span> <span class='ocrx_word' id='word_1_288' title='bbox 317 2210 359 2250; x_wconf 89' lang='lat' dir='ltr'>in</span> <span class='ocrx_word' id='word_1_289' title='bbox 384 2209 540 2251; x_wconf 83' lang='lat' dir='ltr'>Volsco</span> <span class='ocrx_word' id='word_1_290' title='bbox 562 2223 661 2264; x_wconf 84' lang='lat' dir='ltr'>agro</span> <span class='ocrx_word' id='word_1_291' title='bbox 682 2208 773 2257; x_wconf 88' lang='lat' dir='ltr'>fuit,</span> <span class='ocrx_word' id='word_1_292' title='bbox 797 2208 915 2248; x_wconf 76' lang='lat' dir='ltr'>cuius</span> <span class='ocrx_word' id='word_1_293' title='bbox 936 2207 1148 2248; x_wconf 86' lang='lat' dir='ltr'>excidium</span> <span class='ocrx_word' id='word_1_294' title='bbox 1172 2217 1232 2248; x_wconf 81' lang='lat' dir='ltr'>est</span> <span class='ocrx_word' id='word_1_295' title='bbox 1256 2207 1430 2248; x_wconf 83' lang='lat' dir='ltr'>dictum.</span> 
     </span>
    </p>
   </div>
   <div class='ocr_carea' id='block_1_4' title="bbox 145 2340 1549 2637">
    <p class='ocr_par' dir='ltr' id='par_1_8' title="bbox 145 2340 1549 2510">
     <span class='ocr_line' id='line_1_37' title="bbox 188 2340 1549 2384; baseline -0.003 -9"><span class='ocrx_word' id='word_1_296' title='bbox 188 2357 207 2384; x_wconf 85' lang='lat'>4</span> <span class='ocrx_word' id='word_1_297' title='bbox 232 2346 269 2375; x_wconf 81' lang='lat' dir='ltr'><strong>L.</strong></span> <span class='ocrx_word' id='word_1_298' title='bbox 295 2345 418 2375; x_wconf 73' lang='lat' dir='ltr'>Furius</span> <span class='ocrx_word' id='word_1_299' title='bbox 441 2344 647 2374; x_wconf 61' lang='lat' dir='ltr'>,Ucdullinus</span> <span class='ocrx_word' id='word_1_300' title='bbox 675 2342 822 2379; x_wconf 78' lang='lat' dir='ltr'>tertium]</span> <span class='ocrx_word' id='word_1_301' title='bbox 913 2340 932 2370; x_wconf 84' lang='lat'>6</span> <span class='ocrx_word' id='word_1_302' title='bbox 957 2342 1100 2379; x_wconf 73' lang='lat' dir='ltr'>Artena]</span> <span class='ocrx_word' id='word_1_303' title='bbox 1132 2341 1216 2371; x_wconf 70' lang='lat' dir='ltr'>nou.</span> <span class='ocrx_word' id='word_1_304' title='bbox 1236 2343 1349 2371; x_wconf 65' lang='lat' dir='ltr'>,unnu-</span> <span class='ocrx_word' id='word_1_305' title='bbox 1367 2342 1549 2376; x_wconf 65' lang='lat' dir='ltr'>Fortiumssi</span> 
     </span>
     <span class='ocr_line' id='line_1_38' title="bbox 145 2382 1549 2425; baseline -0.003 -7"><span class='ocrx_word' id='word_1_306' title='bbox 145 2389 269 2419; x_wconf 79' lang='lat' dir='ltr'>lterum</span> <span class='ocrx_word' id='word_1_307' title='bbox 288 2387 340 2417; x_wconf 82' lang='lat' dir='ltr'>hic</span> <span class='ocrx_word' id='word_1_308' title='bbox 364 2387 534 2425; x_wconf 72' lang='lat' dir='ltr'>legendum</span> <span class='ocrx_word' id='word_1_309' title='bbox 553 2389 663 2415; x_wconf 69' lang='lat' dir='ltr'>censet</span> <span class='ocrx_word' id='word_1_310' title='bbox 683 2383 824 2421; x_wconf 67' lang='lat' dir='ltr'>Burghe-</span> <span class='ocrx_word' id='word_1_311' title='bbox 871 2382 982 2413; x_wconf 73' lang='lat' dir='ltr'>Gellio</span> <span class='ocrx_word' id='word_1_312' title='bbox 1013 2384 1091 2413; x_wconf 69' lang='lat' dir='ltr'>fides</span> <span class='ocrx_word' id='word_1_313' title='bbox 1121 2384 1306 2413; x_wconf 66' lang='lat' dir='ltr'>adhihenda</span> <span class='ocrx_word' id='word_1_314' title='bbox 1333 2388 1390 2414; x_wconf 77' lang='lat' dir='ltr'>est.</span> <span class='ocrx_word' id='word_1_315' title='bbox 1422 2384 1461 2414; x_wconf 79' lang='lat' dir='ltr'>cf.</span> <span class='ocrx_word' id='word_1_316' title='bbox 1487 2383 1549 2414; x_wconf 84' lang='lat' dir='ltr'>&#39;ro-</span> 
     </span>
     <span class='ocr_line' id='line_1_39' title="bbox 145 2426 1253 2468; baseline -0.004 -8"><span class='ocrx_word' id='word_1_317' title='bbox 145 2430 211 2460; x_wconf 73' lang='lat' dir='ltr'>nius</span> <span class='ocrx_word' id='word_1_318' title='bbox 235 2441 273 2460; x_wconf 83' lang='lat' dir='ltr'>ex</span> <span class='ocrx_word' id='word_1_319' title='bbox 303 2430 427 2468; x_wconf 75' lang='lat' dir='ltr'>Frngm.</span> <span class='ocrx_word' id='word_1_320' title='bbox 455 2429 541 2459; x_wconf 69' lang='lat' dir='ltr'>Fust.</span> <span class='ocrx_word' id='word_1_321' title='bbox 566 2427 674 2467; x_wconf 70' lang='lat' dir='ltr'>Cupit.</span> <span class='ocrx_word' id='word_1_322' title='bbox 711 2431 743 2456; x_wconf 79' lang='lat' dir='ltr'>et</span> <span class='ocrx_word' id='word_1_323' title='bbox 765 2431 824 2457; x_wconf 83' lang='lat' dir='ltr'>ter·</span> <span class='ocrx_word' id='word_1_324' title='bbox 874 2435 960 2465; x_wconf 69' lang='lat' dir='ltr'>pogr.</span> <span class='ocrx_word' id='word_1_325' title='bbox 981 2426 1076 2456; x_wconf 80' lang='lat' dir='ltr'>Rom.</span> <span class='ocrx_word' id='word_1_326' title='bbox 1096 2426 1113 2456; x_wconf 89' lang='lat' dir='ltr'>i.</span> <span class='ocrx_word' id='word_1_327' title='bbox 1134 2436 1162 2465; x_wconf 87' lang='lat' dir='ltr'>p.</span> <span class='ocrx_word' id='word_1_328' title='bbox 1187 2430 1253 2464; x_wconf 69' lang='lat'>¹⁸⁴·</span> 
     </span>
     <span class='ocr_line' id='line_1_40' title="bbox 145 2468 1548 2510; baseline -0.004 -8"><span class='ocrx_word' id='word_1_329' title='bbox 145 2474 224 2503; x_wconf 77' lang='lat' dir='ltr'>tium</span> <span class='ocrx_word' id='word_1_330' title='bbox 242 2472 314 2502; x_wconf 79' lang='lat' dir='ltr'>infr.</span> <span class='ocrx_word' id='word_1_331' title='bbox 333 2483 360 2502; x_wconf 79' lang='lat' dir='ltr'><strong>v.</strong></span> <span class='ocrx_word' id='word_1_332' title='bbox 383 2482 428 2510; x_wconf 80' lang='lat'>14.</span> <span class='ocrx_word' id='word_1_333' title='bbox 918 2477 932 2506; x_wconf 74' lang='grc'>’,-</span> <span class='ocrx_word' id='word_1_334' title='bbox 949 2470 1111 2508; x_wconf 55' lang='grc' dir='ltr'>Νηηίμμιί</span> <span class='ocrx_word' id='word_1_335' title='bbox 1123 2472 1279 2498; x_wconf 68' lang='lat' dir='ltr'>‚lt-Ictium</span> <span class='ocrx_word' id='word_1_336' title='bbox 1300 2469 1495 2506; x_wconf 60' lang='lat' dir='ltr'>Veis-utinm]</span> <span class='ocrx_word' id='word_1_337' title='bbox 1511 2468 1548 2498; x_wconf 81' lang='lat' dir='ltr'>ln</span> 
     </span>
    </p>

    <p class='ocr_par' dir='ltr' id='par_1_9' title="bbox 146 2510 1549 2637">
     <span class='ocr_line' id='line_1_41' title="bbox 191 2510 1549 2553; baseline -0.001 -11"><span class='ocrx_word' id='word_1_338' title='bbox 191 2523 208 2553; x_wconf 86' lang='lat'>5</span> <span class='ocrx_word' id='word_1_339' title='bbox 226 2514 638 2550; x_wconf 50' lang='lat' dir='ltr'>(umbraclum(nonnul</span> <span class='ocrx_word' id='word_1_340' title='bbox 661 2511 737 2541; x_wconf 67' lang='lat' dir='ltr'>Post</span> <span class='ocrx_word' id='word_1_341' title='bbox 749 2512 825 2540; x_wconf 63' lang='lat' dir='ltr'>Cos-</span> <span class='ocrx_word' id='word_1_342' title='bbox 871 2520 1006 2548; x_wconf 82' lang='lat' dir='ltr'>quorum</span> <span class='ocrx_word' id='word_1_343' title='bbox 1036 2511 1228 2541; x_wconf 70' lang='lat' dir='ltr'>sententiam</span> <span class='ocrx_word' id='word_1_344' title='bbox 1257 2510 1390 2540; x_wconf 76' lang='lat' dir='ltr'>inclinat</span> <span class='ocrx_word' id='word_1_345' title='bbox 1415 2510 1549 2540; x_wconf 77' lang='lat' dir='ltr'>Niebhr.</span> 
     </span>
     <span class='ocr_line' id='line_1_42' title="bbox 146 2552 1042 2595; baseline -0.003 -10"><span class='ocrx_word' id='word_1_346' title='bbox 146 2565 216 2586; x_wconf 77' lang='lat' dir='ltr'>sum</span> <span class='ocrx_word' id='word_1_347' title='bbox 235 2558 350 2586; x_wconf 74' lang='lat' dir='ltr'>iterum</span> <span class='ocrx_word' id='word_1_348' title='bbox 375 2556 597 2595; x_wconf 80' lang='lat' dir='ltr'>reponendum</span> <span class='ocrx_word' id='word_1_349' title='bbox 619 2559 727 2584; x_wconf 72' lang='lat' dir='ltr'>censet</span> <span class='ocrx_word' id='word_1_350' title='bbox 748 2553 826 2583; x_wconf 78' lang='lat' dir='ltr'>nur·</span> <span class='ocrx_word' id='word_1_351' title='bbox 872 2552 903 2582; x_wconf 86' lang='lat' dir='ltr'>ii.</span> <span class='ocrx_word' id='word_1_352' title='bbox 923 2563 952 2591; x_wconf 84' lang='lat' dir='ltr'>p.</span> <span class='ocrx_word' id='word_1_353' title='bbox 971 2556 1042 2590; x_wconf 67' lang='lat'><strong>485.</strong></span> 
     </span>
     <span class='ocr_line' id='line_1_43' title="bbox 147 2598 287 2637; baseline 0 -9"><span class='ocrx_word' id='word_1_354' title='bbox 147 2598 287 2637; x_wconf 65' lang='lat' dir='ltr'>ghesiun.</span> 
     </span>
    </p>
   </div>
  </div>
 </body>
</html>
