1934 3211
215 320 361 359 Populus

215 363 309 392 Rom
304 362 421 392 1111118111

214 405 407 444 Tarquinios

214 448 402 479 concitatur.

287 1011 353 1049 60.

219 1236 399 1275 Expellun-

217 1282 279 1309 tur.

220 1646 263 1676 U.
281 1646 318 1677 C.
337 1653 408 1684 245.

219 1690 258 1719 A.
283 1690 320 1719 C.
338 1696 408 1727 507.

221 1731 320 1761 Primi
334 1732 422 1762 Coss.

432 227 483 265 68
938 222 1084 263 ΤΙΤΙ
1127 222 1305 264 LIVII

432 314 541 362 filia3
574 313 837 368 invocatique
859 311 1014 353 ultores
1044 322 1264 369 parentum
1293 312 1364 354 dii.
1428 311 1508 353 His
1528 312 1820 354 atrocioribus-

434 387 530 428 que,
553 371 692 420 credo,
715 370 817 419 aliis,
840 385 947 426 quae
975 385 1170 426 praesens
1190 386 1329 411 lerum
1351 370 1576 426 indignitas
1602 370 1821 426 haudqua-

433 445 560 486 quam
576 428 708 470 relatu
724 428 991 484 scriptoribus
1006 427 1143 469 facilia
1158 428 1337 477 subiicit,
1354 428 1592 469 memoratis
1608 428 1821 469 incensam

433 487 746 528 multitudinem
767 485 962 542 perpulit,
977 494 1024 526 ut
1044 486 1266 550 imperium
1282 486 1370 542 regi
1391 486 1620 551 abrogaret,
1638 484 1822 527 exsules-

432 561 514 601 que
546 560 633 586 esse
664 544 828 584 iubeiet
855 542 904 584 L.
939 543 1217 598 Tarquinium
1254 558 1350 584 cum
1381 543 1558 599 coniuge
1589 558 1637 584 ac
1667 542 1818 584 liberis.

432 602 573 659 Ipse,
564 617 702 643 1un101
704 602 808 650 ibus,
827 601 900 656 qui
920 600 1029 642 ultro
1050 600 1222 641 nomina
1237 600 1404 650 dabant,
1418 600 1537 641 lectis
1553 600 1820 656 armatisque,

431 660 486 701 ad
506 659 804 701 concitandum
825 657 923 699 inde
945 658 1024 699 adv
1014 673 1141 699 ersus
1162 673 1304 714 regem
1321 658 1553 699 exercitum
1570 657 1788 699 Ardeam
1777 672 1821 697 111

432 726 566 759 castra
586 725 647 758 est
667 716 903 772 profectus3
936 715 1158 780 imperium
1179 716 1223 755 in
1251 716 1353 756 urbe
1376 715 1589 764 Lucretio,
1610 714 1855 771 praefecto9

433 775 548 816 urbis
582 775 664 815 iam
697 782 792 814 ante
834 774 884 814 ab
917 788 1013 829 rege
1047 773 1250 823 instituto,
1286 772 1498 828 relinquit.
1561 772 1678 813 Inter
1709 772 1823 813 hunc

434 831 662 874 tumultum
691 830 833 872 Tullia
853 831 978 871 domo
1004 831 1200 887 profugit,
1223 831 1546 879 exsecrantibus,
1569 844 1822 895 quacunque

434 889 668 939 incedebat,
697 889 768 929 inx
771 888 1071 944 ocantibusque
1103 897 1324 944 palentum
1353 888 1480 929 furias
1509 888 1608 929 vi1is
1638 887 1824 929 mulieri-

433 948 607 1002 busque.

493 1003 656 1045 Harum
682 1018 821 1044 rerum
851 1003 1009 1044 nuntiis
1036 1003 1080 1043 in
1111 1012 1244 1044 castla
1271 1003 1452 1060 perlatis,
1480 1018 1611 1059 quum
1641 1017 1686 1044 re
1716 1017 1825 1044 nova

435 1061 622 1126 trepidus
654 1076 728 1102 rex
760 1069 954 1117 pergeret
990 1060 1170 1101 Romam
1207 1061 1260 1102 ad
1300 1060 1636 1117 comprimendos
1671 1069 1823 1110 motus,

434 1120 552 1160 flexit
583 1119 693 1160 viam
729 1117 897 1167 Brutus,
931 1117 1135 1173 (senserat
1167 1119 1279 1158 enirn
1311 1119 1558 1183 adventum)
1588 1134 1640 1160 ne
1677 1118 1825 1160 obvius

434 1177 577 1226 fieret3
611 1175 862 1240 eodemque
875 1175 961 1216 fele
984 1184 1185 1231 16111Ρο16,
1208 1176 1277 1216 div
1281 1176 1380 1217 ersis
1408 1176 1641 1226 itineribus,
1668 1176 1825 1217 Brutus

434 1234 636 1283 Ardeam,
659 1233 916 1289 Taiquinius
937 1232 1131 1282 Romam,
1146 1242 1364 1274 venerunt.
1417 1233 1648 1289 Tarquinio
1662 1233 1823 1275 clausae
1841 1252 1853 1272 1

412 1335 416 1338 ,
434 1301 592 1349 portae,
611 1290 888 1355 exsiliumque
906 1290 1132 1331 indictum:
1167 1290 1430 1332 liberatorem
1447 1291 1560 1332 urbis
1572 1290 1680 1332 laeta
1693 1300 1826 1332 castra
1838 1308 1856 1329 2

434 1365 656 1406 accepere:
691 1348 912 1404 exactique
935 1347 1033 1389 inde
1055 1347 1175 1389 liberi
1203 1349 1325 1404 regis.
1387 1348 1488 1390 Duo
1512 1357 1673 1404 patrem
1693 1349 1857 1390 secuti3

434 1416 544 1457 sunt,
567 1423 640 1463 qul
665 1405 900 1447 exsulatum
929 1405 1099 1446 Caere
1089 1421 1134 1446 111
1160 1405 1358 1447 Etruscos
1382 1407 1532 1447 ierunt.
1597 1405 1692 1447 Sex.
1721 1406 1858 1453 Tar-4

434 1465 615 1521 quinius,
645 1464 814 1513 Gabios,
847 1472 1047 1519 tanquam
1078 1463 1122 1503 in
1153 1478 1274 1504 suum
1305 1479 1495 1529 regnum,
1520 1463 1742 1521 profectus,
1774 1464 1825 1506 ab
1839 1475 1857 1507 5

434 1522 636 1564 ultoribus
657 1530 845 1562 veterum
866 1520 1137 1570 simultatum,
1161 1537 1264 1576 quas
1291 1522 1402 1564 sibi
1392 1537 1479 1578 ipse
1501 1521 1696 1564 caedibus
1717 1522 1827 1579 rapi-

437 1580 585 1636 nisque
608 1579 858 1628 conciverat
881 1587 943 1619 est
965 1578 1220 1619 interfectus.

496 1638 546 1679 L.
592 1637 849 1693 Tarquinius
894 1636 1107 1691 Superbus
1149 1637 1341 1693 regnavit
1381 1652 1512 1678 annos
1553 1637 1742 1693 quinque
1782 1646 1825 1678 et

436 1696 596 1752 viginti.
661 1694 903 1750 Regnatum
934 1694 1095 1734 Romae
1130 1694 1181 1735 ab
1195 1671 1373 1735 condita
1403 1696 1505 1736 urbe
1527 1695 1581 1735 ad
1608 1695 1826 1736 liberatam

436 1768 568 1794 annos
589 1752 794 1794 ducentos
816 1751 1095 1807 quadraginta
1116 1760 1324 1807 quattuor.
1387 1751 1488 1793 Duo
1514 1752 1706 1794 consules
1725 1752 1825 1794 inde

435 1811 615 1852 comitiis
637 1809 880 1851 centuriatis
901 1824 925 1850 a
952 1809 1164 1865 praefecto
1186 1809 1298 1850 urbis
1320 1825 1373 1851 ex
1396 1810 1706 1851 commentariis
1738 1809 1824 1852 Ser.
1839 1796 1859 1880 ξ

478 1952 497 1983 9
520 1941 690 1979 Praefecto
706 1940 811 1978 urbis]
838 1939 870 1970 Si
879 1940 1012 1987 *quando
1024 1949 1113 1979 reges

437 1995 478 2015 ex
501 1984 578 2014 urbe
604 1983 738 2019 exirent,
761 1992 802 2013 116
825 1981 937 2012 cixitas
964 1981 1031 2012 siue
1055 1982 1110 2011 im-

1156 1949 1225 1969 rum
1243 1939 1408 1969 civitatum
1433 1949 1528 1970 nemo
1551 1949 1618 1969 esse
1642 1938 1756 1978 potuit.
1787 1939 1828 1970 cf.

1157 1981 1274 2012 Dionis
1291 1982 1443 2022 Excerpt.
1460 1981 1514 2013 xii.
1540 1981 1674 2012 Niebhr.
1687 1981 1719 2012 ii.
1732 1993 1764 2022 p.
1777 1981 1828 2022 63.

437 2026 524 2067 perio
540 2027 632 2063 foret,
647 2036 730 2055 1111118
753 2035 791 2055 ex
812 2026 915 2056 decem
934 2025 1050 2064 primis
1066 2035 1111 2054 86-

437 2070 612 2105 natorihus,
627 2069 714 2098 haud
731 2068 795 2097 scio
817 2077 858 2097 an
881 2067 996 2104 senior,
1012 2072 1110 2097 ensto-

436 2114 508 2143 diae
523 2113 609 2142 urbis
626 2112 806 2150 praefectus
821 2114 879 2145 est,
890 2114 921 2140 et
936 2109 1112 2149 antiquitus

438 2156 550 2185 Custos
580 2155 668 2184 urbis
697 2153 891 2192 appellatus.
937 2153 953 2181 ὁ
976 2151 1112 2191 ὕπαρχος

438 2198 520 2237 Lyd.
537 2198 577 2227 de
594 2197 681 2236 Mag.
698 2196 718 2226 i.
738 2206 784 2236 19.
809 2196 887 2226 Tac.
904 2196 989 2226 Ann.
1006 2195 1045 2226 vi.
1063 2205 1109 2226 11.

439 2240 536 2270 Dion.
553 2239 584 2269 ii.
605 2249 651 2269 12.
677 2238 811 2269 Niebhr.
828 2237 859 2268 ii.
876 2248 907 2278 p.
928 2248 938 2268 1
950 2247 996 2268 10.

485 2293 495 2312 1
522 2282 679 2319 Ardeam]
711 2280 887 2311 Obsidione
903 2280 967 2310 iam
983 2279 1110 2317 omissa,

438 2330 473 2355 ut
491 2325 559 2355 Liv.
577 2325 661 2354 velle
677 2323 821 2353 videtur:
847 2324 902 2353 sed
925 2323 949 2353 si
972 2323 1110 2362 Polybio

438 2368 517 2398 fides
532 2367 639 2397 danda
655 2370 713 2402 681,
725 2365 757 2395 111
774 2366 900 2396 foedere
917 2365 1019 2405 primo
1037 2375 1109 2395 cum

438 2409 692 2449 Carthaginiens.
717 2408 791 2443 icto,
811 2408 917 2438 Ardea
942 2408 1110 2438 Romanae

438 2452 569 2483 ditionis
585 2457 661 2482 erat.
687 2451 758 2481 Ρο1.
774 2450 816 2481 111.
835 2460 883 2490 23·

482 2506 499 2526 ‘2
523 2496 748 2542 Eoesiliamque
763 2493 933 2531 indictum]
960 2503 1002 2523 86.
1020 2493 1114 2540 Aqua

440 2542 472 2568 et
492 2538 564 2578 igne
585 2537 649 2577 regi
665 2535 871 2566 interdictum
888 2540 946 2572 est,
962 2535 1112 2574 quoniam

439 2580 621 2611 “exsilium
649 2589 712 2609 non
736 2577 942 2618 supplicium,
965 2578 1020 2608 sed
1044 2588 1112 2617 per-

439 2623 560 2662 fugium
586 2626 758 2662 portusque
782 2620 942 2660 supplicii,
965 2630 1040 2650 nam
1057 2620 1111 2659 qui

439 2667 549 2696 volunt
574 2675 709 2705 poenam
725 2663 866 2702 aliquam
883 2663 1110 2701 subterfugere,

437 2713 493 2738 aut
520 2708 751 2743 calamitatem,
775 2716 813 2736 eo
839 2706 943 2737 solum
971 2710 1109 2742 vertunt,

440 2750 500 2780 hoc
527 2755 585 2787 681,
608 2751 716 2780 sedem
742 2759 780 2779 ac
810 2749 917 2779 locum
948 2751 1109 2779 mutant.”

440 2792 508 2822 Cic.
526 2803 581 2831 pro
599 2793 637 2823 A.
654 2793 749 2824 Caoc.
767 2801 816 2831 34.
863 2791 977 2821 Exsuli
990 2795 1111 2826 autem,

440 2844 503 2872 quo
519 2835 623 2864 minus
643 2835 674 2864 iu
697 2834 831 2874 patriam
849 2833 978 2864 arbitrio
994 2844 1050 2864 suo
1067 2844 1112 2864 re-

441 2876 533 2913 diret,
555 2887 638 2915 aqua
663 2882 694 2907 61
718 2878 789 2915 igne
818 2877 943 2907 Romae
966 2876 1112 2907 interdic-

440 2923 509 2948 tum
533 2923 591 2952 est,
610 2929 707 2956 quum
733 2930 749 2949 e
775 2920 924 2949 Romano
948 2919 1014 2949 iure
1037 2919 1111 2949 dua-

1200 2034 1217 2063 3
1240 2026 1421 2065 Eoeactique
1447 2025 1537 2062 inde]
1565 2025 1643 2055 Kal.
1665 2025 1762 2055 Mart.
1777 2025 1830 2063 vi„

1156 2067 1208 2105 qui
1236 2067 1303 2097 dies
1327 2067 1532 2107 Regifugium
1556 2067 1661 2098 dictus
1683 2072 1740 2098 est.
1768 2067 1829 2099 Ov.

1157 2110 1244 2140 Fast.
1261 2109 1292 2140 ii.
1311 2109 1382 2140 286.

1199 2165 1218 2191 4
1244 2154 1443 2183 Emulatum
1469 2152 1568 2183 Caere
1594 2153 1630 2182 in
1656 2153 1826 2190 Etruscos]

1154 2197 1175 2225 I
1176 2206 1212 2225 us
1224 2200 1290 2225 tam
1303 2196 1482 2232 eoesulandi,
1495 2196 1580 2235 quod
1592 2205 1692 2235 usque
1707 2196 1748 2226 ad
1763 2196 1829 2226 bel-

1154 2238 1222 2268 lum
1245 2237 1363 2268 sociale
1382 2237 1415 2268 in
1436 2248 1495 2268 usu
1510 2239 1672 2275 manebat,
1689 2248 1754 2268 non
1770 2237 1830 2268 nisi

1154 2280 1192 2310 iis
1205 2280 1259 2319 qui
1271 2281 1303 2310 in
1315 2282 1493 2320 municipia
1507 2281 1657 2311 Romana
1673 2291 1706 2311 se
1719 2284 1829 2312 contu-

1155 2322 1278 2359 lissent,
1308 2323 1496 2362 permissum
1526 2327 1596 2354 est:
1637 2324 1693 2353 sed
1722 2323 1831 2354 adhue

1155 2375 1228 2395 cum
1245 2365 1434 2396 Caeretibus
1454 2366 1638 2405 hospitium,
1653 2366 1739 2405 quod
1760 2366 1831 2396 iura

1154 2407 1319 2447 municipii
1339 2408 1448 2445 dabat,
1463 2418 1527 2438 non
1551 2412 1631 2445 erat,
1645 2407 1715 2438 infr.
1733 2418 1761 2439 v.
1779 2417 1829 2448 50.

1156 2450 1223 2480 fieri
1246 2454 1356 2480 tamen
1388 2454 1504 2490 potest,
1526 2454 1563 2480 ut
1587 2449 1707 2487 Livius,
1730 2460 1829 2490 quum

1157 2494 1304 2523 eoesiliwn
1327 2494 1481 2524 indictum
1504 2502 1570 2523 esse
1594 2492 1714 2530 scribit,
1735 2493 1768 2524 id
1793 2493 1831 2524 iis

1156 2536 1277 2565 iustum
1292 2537 1439 2566 eir-silium
1455 2545 1522 2565 esse
1535 2536 1693 2576 populum
1705 2535 1831 2567 iussisse

1156 2577 1325 2617 intelligat.
1357 2579 1397 2608 cf.
1414 2577 1499 2608 xxvi.
1518 2587 1546 2617 3.

1201 2629 1217 2659 5
1243 2621 1370 2657 Gabios,
1396 2625 1550 2660 tanquam
1580 2622 1616 2651 in
1641 2632 1736 2652 suum
1761 2631 1829 2660 rey-

1154 2664 1249 2701 num]
1267 2663 1440 2693 Enimvero
1450 2673 1555 2702 regem
1566 2673 1639 2694 eum
1651 2663 1829 2694 Gabiorum

1153 2705 1352 2736 constituisse
1376 2709 1468 2745 pater
1487 2705 1603 2737 dieitur
1625 2716 1645 2737 a
1666 2705 1764 2737 Dion.
1788 2705 1830 2737 iv.

1198 2790 1218 2822 6
1241 2791 1410 2828 Praefecto
1433 2792 1537 2829 urbis]
1575 2790 1643 2828 Qui
1669 2791 1755 2822 idem
1785 2791 1830 2822 in-

1158 2837 1262 2864 terrex
1279 2838 1356 2864 erat.
1382 2833 1479 2864 Dion.
1495 2834 1537 2865 iv.
1554 2834 1604 2873 84.

1208 2884 1223 2915 7
1252 2878 1306 2906 Ea?
1339 2878 1571 2907 commentariis
1605 2877 1673 2907 Ser.
1711 2876 1826 2914 Tullii]

1159 2919 1310 2949 Vidimus
1330 2929 1414 2958 supr.
1432 2920 1483 2958 48.
1503 2923 1534 2949 et
1558 2917 1733 2956 Dionysius
1753 2928 1828 2958 quo-
