1934 3211
189 276 234 308 U.
253 278 290 309 C.
308 277 380 316 406.

188 320 228 350 Α.
254 321 290 351 o.
309 320 381 360 346.

188 391 322 422 corvus.

185 1309 349 1340 Proelium

184 1351 357 1381 committi-

183 1397 246 1431 tur,
262 1404 325 1433 quo

184 1436 274 1467 Galli
292 1436 375 1468 victi.

181 2283 220 2314 T.
234 2283 378 2314 Manlius

180 2326 328 2358 dictator.

408 187 492 225 426
921 184 1070 227 ΤΙΤΙ
1110 184 1289 227 LIVII

409 273 639 316 sciscitatus
672 275 854 316 consulis
886 275 1157 325 voluntatem,
1192 275 1237 315 111
1273 275 1461 316 medium
1497 283 1679 316 armatus
1710 289 1808 332 pro-‘-

409 331 542 372 cessit.
605 331 789 374 Minus
779 333 943 388 msigne
971 341 1185 373 certamen
1215 332 1448 374 humanum
1475 333 1650 374 numine
1677 333 1808 375 inter—

408 389 544 444 posito
577 389 753 431 deorum
783 391 952 431 factum.
1016 389 1215 445 Namque
1249 390 1487 431 conserenti
1518 390 1602 431 iam
1634 405 1806 432 manum

411 446 606 487 Romano
634 462 780 488 corvus
808 455 981 503 repente
1010 447 1055 487 in
1085 447 1204 502 galea
1231 447 1467 496 consedit,
1457 462 1503 487 1n
1530 447 1695 488 hostem
1715 462 1806 489 ver-

408 518 502 544 sus:
537 504 652 559 quod
679 505 827 560 primo,
851 512 898 545 ut
926 504 1148 559 augurium
1176 504 1294 544 coelo
1322 504 1507 553 missum,
1531 503 1664 545 laetus
1688 519 1806 545 acce-

405 561 469 616 pit
502 561 705 602 tribunus.
768 561 968 601 Precatus
1000 560 1169 610 deinde,
1213 566 1224 584 ‘
1244 560 1287 601 Si
1320 561 1453 611 divus,
1489 562 1522 602 si
1555 561 1652 602 diva
1683 569 1803 611 esset,
1819 580 1836 611 5

409 618 510 673 ‘qui
551 618 628 658 sibi
668 626 911 673 praepetem
957 617 1148 665 misisset,
1185 617 1330 658 volens
1371 618 1577 673 propitius
1618 618 1838 660 adesset.’6

407 675 540 715 Dictu
561 675 763 723 mirabile,
786 674 923 715 tenuit
944 689 1031 714 non
1052 673 1187 714 solum
1208 673 1291 714 ales
1313 682 1476 729 captam
1499 675 1627 715 semel
1648 676 1804 726 sedem,

406 732 493 781 sed,
516 731 851 786 quotiescunque
880 738 1094 771 certamen
1124 730 1278 771 initum
1307 739 1381 780 est,
1404 730 1546 772 levans
1577 746 1619 772 se
1650 732 1737 782 alis,
1760 748 1806 774 os

406 788 632 843 oculosque
666 788 797 829 hostis
829 796 961 829 rostro
994 796 1037 828 et
1069 788 1282 842 unguibus
1315 788 1515 843 appetiit:
1557 788 1692 830 donec
1723 797 1807 830 ter-

404 845 532 886 ritum
563 845 743 901 prodigii
781 845 872 886 talis
907 845 1010 894 visu,
1044 845 1260 900 oculisque
1297 844 1421 886 simul
1456 861 1504 886 ac
1539 855 1681 887 mente
1717 855 1807 887 tur-

405 903 562 952 batum,
601 902 795 943 Valerius
835 903 1069 943 obtruncat.
1135 901 1299 943 Corvus
1339 918 1361 943 e
1404 912 1633 959 conspectu
1673 903 1806 945 elatus

406 960 610 1001 orientem
660 960 778 1016 petit.
855 960 1075 1000 Hactenus
1125 960 1293 1015 quietae
1343 960 1556 1016 utrimque
1606 961 1806 1002 stationes

403 1017 532 1058 fuere.
615 1016 846 1072 Postquam
887 1017 1062 1073 spoliare
1105 1032 1255 1073 corpus
1295 1019 1403 1058 caesi
1444 1017 1574 1058 hostis
1613 1018 1806 1060 tribunus

404 1075 556 1130 coepit,
594 1090 672 1116 nec
709 1074 822 1116 Galli
858 1090 900 1116 se
938 1075 1115 1115 statione
1158 1083 1398 1124 tenuerunt,
1434 1083 1476 1116 et
1515 1075 1805 1117 Romanorum

404 1147 548 1173 cursus
584 1132 637 1172 ad
669 1133 871 1173 victorem
908 1132 1034 1173 etiam
1070 1132 1185 1173 ocior
1216 1132 1307 1173 fuit.
1370 1132 1449 1182 Ibi,
1487 1133 1596 1173 circa
1630 1133 1805 1174 iacentis

408 1189 521 1230 Galli
549 1205 699 1245 corpus
728 1199 943 1231 contracto
971 1190 1212 1239 certamine,
1240 1205 1383 1245 pugna
1410 1198 1529 1231 atrox
1557 1190 1802 1232 concitatur.

405 1245 495 1287 Iam
524 1262 611 1287 non
639 1247 864 1302 manipulis
891 1247 1177 1303 proximarum
1206 1247 1445 1296 stationum,
1468 1247 1542 1288 sed
1568 1247 1805 1303 legionibus

405 1304 618 1360 utrimque
659 1304 800 1345 effusis
841 1319 905 1345 res
946 1304 1116 1360 geritur.
1182 1303 1387 1345 Camillus
1426 1304 1585 1345 laetum
1626 1304 1804 1346 militem

404 1361 577 1403 victoria
606 1362 775 1411 tribuni,
798 1361 956 1403 laetum
987 1370 1072 1402 tam
1099 1362 1387 1417 praesentibus
1415 1377 1461 1402 ac
1491 1361 1685 1403 secundis
1709 1362 1803 1412 diis,

403 1419 462 1460 ire
494 1420 538 1459 in
568 1419 776 1475 proelium
809 1419 951 1460 iubet:
986 1430 1284 1475 ostentansque
1318 1419 1526 1475 insignem
1560 1419 1701 1475 spoliis
1732 1419 1805 1461 tri-

403 1476 578 1525 bunum,
613 1482 624 1500 ‘
642 1476 771 1517 Hunc
793 1477 970 1526 imitare,
993 1476 1138 1526 miles,’
1159 1477 1319 1525 aicbat3
1355 1482 1366 1500 ⁶
1382 1485 1424 1517 ct
1457 1477 1566 1518 circa
1595 1477 1803 1518 iacentem

404 1534 584 1574 ‘ducem
617 1542 754 1574 sterne
792 1534 1011 1575 Gallorum
1045 1535 1255 1575 catervas.’
1316 1534 1390 1574 Dii
1424 1534 1700 1590 hominesque
1740 1534 1802 1575 illi

402 1591 557 1631 affuere
584 1605 776 1646 pugnac3
810 1591 1185 1647 depugnatumque
1216 1591 1544 1647 haudquaquam
1573 1592 1802 1633 certamine

402 1648 599 1703 ambiguo
628 1662 724 1687 cum
750 1647 883 1688 Gallis
909 1657 995 1688 est:
1031 1648 1137 1689 adeo
1165 1648 1345 1689 duorum
1377 1649 1559 1689 militum
1588 1657 1800 1699 eventum,

401 1705 513 1745 inter
548 1719 653 1760 quos
694 1713 928 1760 pugnatum
964 1713 1064 1753 erat,
1108 1713 1284 1760 utraque
1327 1705 1435 1746 acies
1471 1706 1621 1746 animis
1656 1720 1834 1760 perce-7

401 1770 530 1817 perat.
603 1761 720 1802 Inter
754 1762 922 1816 primos,
961 1776 1141 1816 quorum
1177 1777 1404 1802 concursus
1440 1762 1541 1802 alios
1577 1763 1799 1812 exciverat,

402 1827 521 1860 atrox
554 1819 760 1874 proelium
793 1819 898 1859 fuit:
939 1818 1019 1859 alia
1054 1818 1294 1867 multitudo,
1324 1819 1569 1874 priusquam
1610 1819 1663 1859 ad
1700 1835 1801 1860 con-

401 1876 557 1916 iectum
584 1875 655 1916 teli
677 1876 851 1924 veniret,
876 1884 992 1931 terga
1011 1876 1147 1916 vertit.
1196 1875 1339 1916 Primo
1363 1891 1438 1931 per
1460 1875 1635 1917 Volscos
1659 1876 1800 1917 Faler-

401 1948 589 1988 numque
630 1948 776 1988 agrum
818 1933 1005 1988 dissipati
1046 1941 1168 1973 sunt:
1218 1932 1315 1973 inde
1355 1933 1556 1988 Apuliam
1597 1949 1644 1974 ac
1685 1946 1832 1976 mare8

400 2005 598 2045 superum
626 1990 852 2045 petierunt.
919 1989 1093 2038 Consul,
1117 1990 1318 2030 concione
1345 1990 1556 2039 advocata,
1581 1990 1799 2032 laudatum

400 2047 615 2087 tribunum
657 2047 804 2087 decem
854 2047 991 2087 bubus
1036 2062 1245 2102 aureaque
1292 2061 1446 2087 corona
1486 2047 1625 2088 donat.
1688 2047 1798 2103 Ipse,

398 2104 533 2144 iussus
565 2104 615 2145 ab
646 2112 794 2145 senatu
824 2104 983 2144 bellum
1014 2104 1270 2144 maritimum
1301 2119 1458 2153 curare,
1481 2119 1578 2145 cum
1607 2114 1799 2160 praetore

398 2161 538 2202 iunxit
558 2170 701 2202 castra.
764 2161 842 2211 Ibi,
867 2161 966 2217 quia
993 2176 1060 2202 res
1088 2161 1195 2202 trahi
1224 2161 1402 2217 segnitia
1426 2161 1684 2203 Graecorum
1712 2177 1799 2203 non

399 2219 752 2260 committentium
786 2234 829 2260 se
861 2219 906 2258 in
937 2219 1069 2259 aciem
1099 2218 1361 2268 videbantur,
1391 2218 1638 2260 dictatorem
1669 2219 1801 2260 comi-

401 2276 553 2317 tiorum
590 2291 714 2317 causa
746 2275 797 2317 T.
830 2275 1042 2316 Manlium
1076 2275 1341 2331 Torquatum
1374 2291 1427 2316 ex
1457 2276 1702 2317 auctoritate
1735 2291 1798 2318 se-

1164 2415 1182 2445 8
1206 2416 1287 2446 Inde
1302 2415 1476 2454 Apuliam]
1512 2414 1638 2451 Gallos,
1654 2414 1798 2446 exercitu

444 2426 460 2455 5
477 2417 513 2446 Si
529 2417 670 2453 divus,si
686 2416 761 2446 diva
777 2416 873 2453 esset]
894 2415 969 2445 Hae
984 2425 1076 2445 voces

1120 2457 1240 2496 fugato,
1255 2458 1338 2487 viam
1364 2468 1421 2496 per
1437 2457 1569 2487 Italiam
1592 2457 1651 2487 sibi
1674 2457 1797 2496 fecisse,

400 2469 438 2488 ex
455 2458 589 2497 antiquo
606 2457 747 2488 carmine
763 2458 974 2497 depromptae
991 2462 1074 2488 sunt.

446 2500 466 2531 6
493 2501 701 2540 Praepetem]
747 2500 842 2535 Quae
874 2500 1005 2546 proprie
1028 2500 1073 2529 di-

400 2546 516 2573 cuntur
538 2554 578 2573 av
580 2553 613 2572 es
637 2546 816 2581 praepetes,
836 2543 875 2572 de
893 2552 930 2571 eo
947 2541 1007 2581 ipsi
1024 2552 1074 2571 ve-

399 2589 482 2616 teres
497 2585 965 2624 ambigunt,quemadmodum
982 2584 1075 2614 intel-

400 2627 508 2667 ligitur
539 2637 578 2657 ex
609 2626 657 2663 iis
685 2637 767 2665 quae
796 2627 834 2657 A.
862 2627 948 2657 Gell.
977 2626 1017 2657 11.
1045 2625 1074 2657 6.

400 2670 486 2700 Selv.
501 2669 532 2699 in
547 2670 627 2700 Aen.
641 2669 685 2700 iii.
699 2668 769 2707 246.
787 2672 817 2699 et
836 2669 862 2699 Γ
865 2673 951 2699 estus
967 2668 1074 2708 dispu-

400 2715 516 2742 tarunt.
555 2712 719 2743 Seczmdas
734 2711 870 2750 intelligi
887 2722 962 2742 aies
979 2722 1074 2750 prae-

395 2759 494 2791 petes,
512 2754 588 2784 satis
604 2758 749 2784 constare
767 2754 902 2784 videtur.
926 2754 1051 2784 Riscn.

444 2803 459 2833 7
483 2797 694 2835 I’erceperat]
732 2797 861 2825 Animis
880 2797 1075 2835 percipitur,

399 2838 483 2874 quod
501 2838 624 2868 animos
642 2842 801 2877 penetrat,
817 2842 903 2868 totos
923 2841 1073 2877 occupat,

399 2888 458 2907 nec
475 2879 528 2907 alii
545 2880 674 2909 affectui
691 2883 747 2910 aut
763 2880 948 2920 cogitationi
966 2881 1073 2910 locum

398 2919 559 2958 relinquit.
587 2921 740 2952 61101101

1119 2509 1232 2538 parum
1250 2499 1420 2529 verisimile
1434 2499 1615 2530 Niebuhrio
1628 2499 1671 2530 iii.
1687 2509 1737 2540 92.
1751 2510 1797 2530 es-

1119 2552 1152 2571 se
1169 2541 1314 2572 videtur:
1339 2541 1392 2580 qui
1409 2542 1493 2572 hanc
1508 2541 1613 2581 ipsam
1630 2541 1796 2572 victoriam

1120 2588 1302 2622 suspectam
1324 2584 1433 2621 habet,
1450 2594 1487 2614 eo
1504 2585 1590 2623 quod
1613 2583 1797 2624 triumphus

1120 2636 1139 2656 a
1167 2627 1298 2656 consule
1326 2627 1366 2656 de
1393 2626 1500 2656 Gallis
1529 2630 1622 2657 actus
1647 2626 1795 2666 nuspiam

1120 2672 1325 2699 memoratur.
1374 2669 1448 2698 Hoc
1469 2672 1578 2699 autem
1602 2669 1715 2708 procul
1738 2669 1796 2699 du-

1120 2710 1171 2740 bio
1202 2714 1261 2747 est,
1286 2711 1371 2749 quod
1389 2711 1479 2741 Galli
1506 2721 1571 2741 non
1594 2711 1736 2750 amplius
1761 2711 1794 2740 in

1121 2753 1218 2783 Italia
1241 2753 1364 2783 bellum
1389 2754 1553 2792 gerebant,
1570 2756 1602 2783 et
1620 2753 1740 2783 idcirco
1756 2753 1793 2783 L.

1120 2795 1280 2826 Camillus
1302 2795 1333 2824 in
1358 2805 1412 2825 ore
1435 2798 1651 2832 externorum,
1673 2795 1707 2824 in
1726 2793 1794 2833 qui—

1117 2838 1177 2867 bus
1201 2837 1392 2867 Aristoteles
1416 2841 1613 2873 numeratur,
1638 2840 1791 2874 tanquam

1119 2879 1290 2910 Gallorum
1315 2879 1415 2910 victor
1437 2883 1469 2909 et
1493 2880 1619 2910 Romae
1643 2877 1795 2907 liberator

1119 2922 1298 2952 celebratus
1315 2925 1372 2953 est.
1397 2922 1486 2953 Plut.
1501 2920 1533 2951 in
1550 2920 1642 2951 Cam.
1660 2929 1690 2958 p.
1712 2929 1780 2957 140.
