1934 3211
594 207 718 248 LIB.
760 207 792 249 I.
840 208 986 249 CAP.
1032 213 1094 251 19.
1488 215 1540 252 23

153 298 296 342 Servio
313 297 455 340 Tullio
476 306 678 354 regnante
695 297 871 348 Romae,
889 306 1061 340 centum
1082 313 1148 340 am
1180 298 1260 340 lius
1281 309 1373 355 post
1395 316 1540 351 a1moS‚

148 357 191 398 in
219 355 367 397 ultima
395 355 541 397 Italiae
566 370 650 405 ora,
673 356 784 397 circa
812 355 1108 412 Metapontum
1180 356 1469 413 eracleamque
1499 369 1542 400 et

150 412 350 464 Crotona,
397 413 597 454 iuvenum
644 413 946 454 aemulantium
986 414 1125 456 studia
1164 423 1307 455 coetus
1347 414 1540 457 habuisse

146 479 320 513 constat.
374 470 442 512 Ex
463 471 615 527 quibus
635 470 749 520 locis,
772 471 846 512 etsi
871 471 1059 513 eiusdem
1085 472 1232 513 aetatis
1252 471 1409 522 fuisset,
1432 487 1540 528 quae

145 530 256 570 fama
276 529 320 569 in
344 528 532 578 Sabinos,
550 538 622 569 aut
638 544 723 585 quo
738 528 906 585 linguae
928 530 1191 579 commercio,
1210 544 1466 586 quemquam
1487 530 1542 571 ad

145 586 419 643 cupiditatem
441 586 631 627 discendi
658 586 909 628 excivisset?
939 601 1075 643 quove
1096 587 1304 643 praesidio
1330 603 1439 628 unus
1465 602 1541 644 per

143 653 209 686 tot
253 654 413 701 gentes,
455 644 640 685 dissonas
687 659 878 686 sermone
925 645 1209 701 moribusque,
1250 646 1541 701 pervenisset?

149 701 307 759 Suopte
329 702 456 759 igitur
475 702 647 758 ingenio
668 710 947 758 temperatum
964 702 1152 743 animum
1169 703 1395 744 virtutibus
1414 702 1540 744 fuisse

145 759 295 816 opinor
321 760 479 816 magis3
511 759 846 816 instructumque
875 775 961 801 non
993 769 1077 802 tam
1108 760 1339 817 peregrinis
1369 761 1540 810 artibus,

145 832 273 874 quam
293 817 515 874 disciplina
545 817 693 859 tetrica
712 833 759 859 ac
789 817 895 859 tristi
922 827 1112 859 veterum
1146 817 1422 860 Sabinorum:
1457 833 1542 874 quo

174 890 299 917 enere
320 875 485 916 nullum
506 875 719 931 quondam
736 876 1017 932 incorruptius
1033 876 1123 917 fuit.
1186 876 1349 918 Audito
1370 877 1541 918 nomine

194 948 328 983 umae,
338 933 485 974 Patres
500 933 696 983 Romani,
706 948 948 990 quanquam
962 933 1154 975 inclinari
1167 949 1268 991 opes
1281 934 1335 975 ad
1352 933 1540 984 Sabinos,

144 1005 243 1048 rege
271 991 370 1032 inde
398 1000 579 1048 sumpto,
601 991 865 1041 videbantur,
888 1000 1042 1041 tamen,
1065 1007 1204 1048 neque
1229 1007 1272 1033 se
1304 992 1540 1048 quisquam,

143 1063 224 1090 nec
253 1048 444 1090 factionis
474 1064 572 1090 suae
603 1049 745 1099 alium,
767 1064 846 1090 nec
876 1049 1062 1105 denique
1085 1050 1258 1091 Patrum
1287 1059 1358 1091 aut
1386 1050 1541 1091 civium

144 1121 402 1163 quemquam
423 1107 631 1163 praeferre
653 1107 713 1148 illi
733 1107 823 1148 viro
844 1107 945 1156 ausi,
968 1107 1022 1148 ad
1043 1123 1175 1148 unum
1204 1122 1350 1149 omnes
1372 1107 1540 1149 Numae

146 1163 356 1221 Pompilio
386 1180 563 1222 regnum
596 1164 871 1206 deferendum
902 1165 1148 1206 decernunt.
1211 1165 1401 1215 Accitus,
1433 1165 1541 1206 sicut
1556 1177 1655 1209 U.C.
1674 1187 1724 1219 39-

147 1221 356 1263 Romulus
384 1232 586 1279 augurato
607 1223 710 1264 urbe
731 1222 954 1264 condenda
982 1238 1158 1278 regnum
1187 1222 1366 1279 adeptus
1386 1232 1462 1273 est,
1484 1223 1537 1264 de
1554 1222 1592 1251 A.
1618 1222 1655 1252 C.
1676 1229 1746 1268 7¹3.-

143 1295 190 1321 se
211 1295 380 1336 quoque
397 1280 498 1322 deos
513 1280 674 1322 consuli
695 1280 824 1321 iussit.
888 1280 994 1322 Inde
1016 1281 1068 1322 ab
1089 1295 1246 1337 augure
1263 1281 1352 1335 (cui
1368 1280 1537 1330 deinde,
1554 1264 1762 1337 Qexffimno

145 1337 314 1379 honoris
335 1353 448 1395 ergo,
470 1337 685 1395 publicum
707 1337 750 1378 id
777 1347 1112 1394 perpetuumque
1134 1337 1414 1379 sacerdotium
1441 1338 1542 1393 fuit)
1688 1331 1695 1338 ’

145 1395 353 1438 deductus
381 1397 426 1437 in
446 1411 596 1446 arcem,
619 1396 664 1436 in
684 1395 823 1451 lapide
845 1395 899 1436 ad
927 1395 1146 1436 meridiem
1173 1410 1316 1436 versus
1337 1396 1539 1438 consedit.

145 1453 299 1509 Augur
327 1453 381 1496 ad
412 1453 570 1495 laevam
598 1453 700 1502 eius,
726 1452 862 1509 eapite
888 1452 1036 1502 velato,
1060 1452 1204 1494 sedem
1235 1452 1361 1509 cepit,
1394 1452 1544 1495 dextra

145 1525 273 1552 manu
303 1510 497 1552 baculum
528 1511 617 1552 sine
649 1510 761 1551 nodo
792 1509 1004 1551 aduncum
1035 1519 1198 1560 tenens,
1231 1525 1359 1567 quem
1389 1510 1542 1552 lituum

145 1567 471 1625 appellaverunt.
534 1568 639 1609 Inde
676 1568 762 1618 ubi,
794 1577 1018 1624 prospectu
1050 1569 1095 1610 in
1125 1569 1273 1610 urbem
1309 1584 1540 1625 agrumque

144 1634 279 1683 capto,
302 1625 402 1668 deos
418 1635 622 1683 precatus,
645 1626 837 1682 regiones
858 1626 909 1667 ab
931 1625 1092 1669 oriente
1115 1625 1169 1667 ad
1186 1641 1379 1667 occasum
1401 1626 1541 1668 deter-

143 1684 336 1734 minavit3
355 1684 522 1726 dextras
535 1684 588 1725 ad
602 1683 821 1726 meridiem
834 1692 984 1740 partes,
995 1684 1131 1726 laevas
1143 1683 1196 1725 ad
1210 1684 1540 1740 septentrionem

143 1756 232 1786 esse
273 1742 392 1784 dixit.
465 1741 642 1799 Signum
679 1751 835 1792 contra,
873 1757 958 1798 quo
993 1741 1232 1799 longissime
1269 1752 1542 1798 conspectum

143 1799 254 1841 oculi
270 1800 472 1850 ferebant,
490 1801 631 1842 animo
652 1800 800 1841 finivit.
854 1799 981 1850 Tum,
1000 1799 1104 1841 lituo
1125 1800 1169 1840 in
1186 1799 1347 1841 laevam
1370 1815 1542 1841 manum

143 1857 354 1908 translato,
373 1858 522 1900 dextra
542 1859 585 1899 in
607 1867 732 1915 caput
751 1857 918 1899 Numae
940 1858 1146 1914 imposita,
1164 1867 1358 1914 precatus
1379 1867 1441 1899 est
1463 1858 1538 1900 ita:

145 1914 334 1973 ‘Iupiter
356 1925 486 1973 pater,
515 1917 549 1958 si
581 1925 645 1958 est
671 1916 744 1966 fas,
771 1915 884 1959 hunc
911 1915 1098 1959 Numam
1130 1915 1400 1973 Pompilium,
1423 1916 1542 1957 cuius

146 1979 249 2030 ‘ego
276 1984 403 2031 caput
430 1984 566 2022 teneo,
600 1989 740 2031 regem
773 1973 935 2016 Romae
967 1988 1069 2023 esse,
1102 1973 1163 2014 uti
1196 1982 1242 2014 tu
1272 1974 1391 2029 signa
1420 1974 1542 2015 nobis

117 2049 129 2071 ι
147 2037 285 2074 ‘certa
311 2032 545 2074 acclarassis
570 2033 679 2073 inter
706 2047 776 2074 eos
797 2032 915 2081 fines,
938 2047 1044 2088 quos
1072 2031 1176 2073 feci.’
1237 2030 1350 2072 Tum
1378 2031 1542 2088 peregit

144 2090 280 2132 verbis
300 2090 497 2147 auspicia,
520 2105 627 2147 quac
654 2090 763 2131 mitti
784 2089 931 2131 vellet:
966 2089 1118 2146 quibus
1139 2088 1285 2139 missis,
1307 2089 1541 2131 declaratus

144 2160 218 2189 rex
242 2147 386 2189 Numa
405 2148 458 2189 dc
482 2147 638 2204 templo
659 2147 890 2189 descendit.

206 2206 306 2255 Qui,
343 2221 473 2262 regno
506 2206 564 2246 ita
599 2206 769 2263 potituS,
802 2205 947 2246 urbem
980 2219 1144 2254 novam,
1177 2203 1390 2246 conditam
1422 2204 1462 2245 vi
1499 2213 1541 2246 ct
1626 2206 1689 2246 19.

144 2263 282 2314 armis,
305 2264 393 2305 iure
425 2280 518 2306 cam
547 2264 791 2319 legibusque
820 2279 866 2304 ac
896 2263 1078 2304 moribus
1099 2262 1151 2304 de
1175 2262 1337 2318 integro
1359 2261 1539 2305 condere
1554 2261 1685 2310 Numae

144 2332 273 2378 parat,
339 2322 506 2370 Quibus
539 2337 670 2378 quum
704 2322 814 2362 inter
847 2320 956 2362 bella
990 2335 1224 2361 assuescere
1260 2320 1421 2361 videret
1455 2335 1538 2361 non
1553 2310 1710 2336 insutum.

144 2395 277 2436 posse,
295 2381 452 2437 quippe
470 2381 661 2421 efferatos
679 2379 838 2428 militia,
857 2378 1040 2427 animos3
1064 2377 1341 2434 mitigandum
1360 2378 1540 2419 ferocem

114 2438 347 2495 2populum
381 2453 588 2479 armorum
621 2437 898 2480 desuetudine
928 2446 1052 2485 ratus,
1085 2435 1232 2477 Ianum
1264 2435 1316 2477 ad
1349 2436 1747 2493 infimumlanuslbelli

115 2496 400 2552 3Argiletum‚
439 2496 621 2537 indicem
655 2496 767 2552 pacis
805 2494 1002 2550 bellique,
1040 2494 1162 2535 fecit:
1208 2503 1375 2549 apertus
1413 2503 1459 2533 ut
1497 2493 1539 2533 in
1554 2493 1751 2560 :itpucmm-

146 2553 270 2594 armis
297 2569 384 2595 esse
413 2554 650 2601 civitatem;
683 2553 847 2594 clausus
888 2563 1039 2593 ›acatos
1060 2552 1169 2593 circa
1195 2566 1340 2592 omues
1365 2550 1542 2607 populos
1577 2540 1627 2561 ⁰¹⁸

145 2610 408 2666 significaret.
474 2611 545 2653 Bis
566 2611 721 2655 deinde
744 2620 836 2667 post
860 2567 1027 2652 li'umae
1050 2624 1225 2664 regnum
1254 2608 1417 2649 clausus
1437 2608 1538 2650 fuit:

201 2727 209 2748 ι
238 2718 452 2755 Acclama-is]
500 2719 550 2749 Cf.
570 2717 701 2757 Zumpt.
718 2717 773 2748 xli.
796 2727 820 2748 ι.
866 2723 1016 2748 tei-entur.
1063 2717 1112 2746 (Ὗ.
1134 2716 1267 2747 ΝἰυΜπ.
1285 2715 1304 2746 i.
1322 2726 1352 2755 p.
1372 2717 1442 2756 287.

147 2760 280 2799 antiqua
297 2761 398 2789 forum
416 2770 471 2799 pro
486 2762 707 2791 animaveris.
916 2771 933 2799 ,ζ
959 2760 1156 2800 ΑνμίΙι-Ιηιη]
1205 2759 1387 2789 colliculus
1412 2758 1472 2790 fuit
1502 2760 1543 2791 nd

192 2813 207 2834 2
228 2804 361 2840 Ιιιιιηηι]
392 2803 442 2832 Sc.
465 2803 576 2833 lunum
595 2803 736 2839 Quirini,
754 2813 822 2842 por-
867 2803 1021 2832 orientem
1054 2801 1192 2832 l'nlutini
1222 2801 1350 2837 montis,
1376 2801 1407 2832 in
1440 2803 1542 2833 sorum

147 2851 214 2876 mm
240 2846 384 2878 biforem,
402 2855 457 2884 per
472 2856 567 2884 quum
593 2846 652 2875 iter
671 2856 690 2875 n
714 2851 823 2874 monte
872 2846 1054 2875 numanum
1074 2855 1212 2882 vergi-nn.
1251 2844 1363 2874 Varius
1379 2844 1473 2875 huiu2⁴
1488 2856 1542 2885 np-

152 2889 300 2919 l'alatino
347 2888 375 2917 in
422 2888 643 2927 Capitolinum
691 2888 824 2923 svn-bnt,
871 2888 1053 2927 [ne-llntinnin
1069 2898 1181 2917 ciuium·
1198 2887 1281 2924 vide,
1297 2887 1320 2917 ui
1340 2888 1439 2924 lubet,
1455 2889 1543 2928 apud

148 2932 290 2962 cluimuu
321 2930 450 2970 quidem
485 2942 574 2970 piu-e,
603 2931 688 2960 bello
715 2936 822 2960 auu-m
869 2933 956 2961 Serv.
972 2931 1011 2961 ud
1033 2932 1112 2961 Aen.
1131 2930 1193 2961 viii.
1211 2939 1281 2970 345.
1305 2931 1410 2961 (¹1u2v.

147 2980 304 3014 apt-mun,
317 2980 349 3004 ut
366 2974 504 3004 suin-idm
520 2975 561 3003 nb
577 2974 738 3004 alterutris
755 2974 823 3003 nnit-
