1934 3211
174 277 218 308 U.
236 277 274 307 C.
292 286 363 317 429.

173 320 213 350 Α.
237 320 275 351 C.
293 329 365 360 323.

913 181 1061 225 ΤΙΤΙ
1102 181 1281 224 LIVII

392 273 476 314 cito
512 273 563 315 ab
598 273 840 315 Tarentinis
876 274 920 314 in
954 273 1118 314 Italiam
1154 273 1253 314 data
1289 272 1419 313 dictio
1455 279 1555 320 erat,
1601 275 1826 317 ‘caveret4

394 330 698 372 ‘Acherusiam
732 346 885 386 aquam
910 331 1251 387 Pandosiamque
1283 331 1456 371 urbem:
1491 329 1549 370 ibi
1578 328 1673 369 fatis
1704 327 1794 368 eius

394 389 649 429 ‘terminum
686 388 801 429 dari.'
863 388 1013 444 quue
1050 389 1165 429 ocius
1202 387 1429 428 transmisit
1461 386 1505 426 in
1536 385 1715 434 Italiam,
1747 391 1824 430 ut5

393 461 520 502 quam
552 446 733 487 maxime
767 445 915 501 procul
947 446 1110 486 abesset
1139 445 1242 486 urbe
1274 444 1486 486 Pandosia
1516 443 1560 483 in
1590 442 1721 498 Epiro
1751 449 1795 481 et

393 503 640 544 Acheronte
674 500 800 551 amni,
831 517 958 558 quem
991 517 1044 543 ex
1076 502 1307 543 Molosside
1338 502 1539 542 fluentem
1571 500 1615 540 in
1649 507 1827 555 stagna6

393 561 559 601 inferna
584 561 737 616 accipit
759 560 1039 615 Thesprotius
1068 560 1194 600 sinus.
1261 558 1465 600 Ceterum
1489 558 1558 611 (ut
1577 557 1708 598 ferme
1729 556 1795 597 fu-

393 618 550 674 giendo
573 619 616 658 in
637 617 777 658 media
796 617 881 657 fata
901 616 1056 671 ruitur)
1077 631 1209 670 quum
1231 631 1354 671 saepe
1374 615 1559 656 Bruttias
1581 614 1796 655 Lucanas-

396 691 478 729 que
500 675 688 730 legiones
710 674 911 721 fudisset3
947 673 1199 713 Heracleam
1222 673 1551 713 Tarentinorum
1573 671 1794 720 coloniam,

398 731 675 773 Consentiam
717 746 771 771 ex
813 730 1010 779 Lucanis,
1047 729 1371 786 Sipontumque,
1405 728 1669 769 Bruttiorum
1710 728 1827 776 Te-7

396 789 543 837 rinam,
586 789 685 829 alias
727 787 825 829 inde
869 787 1178 843 Messapiorum
1219 803 1266 828 ac
1308 786 1579 827 Lucanorum
1619 785 1828 841 cepisset8

396 847 533 895 urbes,
567 855 609 886 et
639 854 846 886 trecentas
876 845 1053 885 familias
1084 844 1264 885 illustres
1295 844 1339 885 in
1372 843 1564 899 Epirum,
1587 858 1690 899 quas
1723 843 1798 884 ob-

397 903 535 943 sidum
571 918 748 944 numero
785 903 972 952 haberet,
1010 902 1214 951 misissem
1259 901 1374 942 haud
1406 900 1553 957 procul
1588 900 1798 941 Pandosia

396 961 513 1009 urbe,
537 961 786 1001 imminente
810 960 993 1001 Lucanis
1024 975 1071 1001 ac
1095 959 1271 1000 Bruttiis
1298 959 1465 1008 finibus,
1488 967 1571 999 tres
1599 957 1828 1008 tumulos‚9

397 1018 662 1074 aliquantum
697 1018 808 1059 inter
843 1033 886 1059 se
918 1018 1133 1066 distantes,
1165 1017 1346 1066 insedit3
1385 1032 1439 1057 ex
1470 1017 1623 1072 quibus
1657 1015 1798 1056 incur-

397 1076 535 1116 siones
556 1076 600 1115 in
623 1090 792 1116 omnem
814 1084 975 1131 partem
999 1075 1087 1131 agri
1109 1075 1271 1115 hostilis
1291 1075 1457 1115 faceret.
1516 1073 1573 1114 Et
1593 1073 1798 1114 ducentos

396 1133 526 1174 ferme
562 1133 831 1174 Lucanorum
865 1132 1029 1173 exsules
1063 1133 1172 1173 circa
1204 1147 1246 1173 se
1281 1147 1356 1188 pro
1392 1131 1487 1172 fidis
1523 1131 1716 1180 habebat,
1750 1138 1799 1171 ut

396 1190 598 1246 pleraque
620 1191 710 1231 eius
731 1191 896 1246 generis
917 1190 1088 1246 ingenia
1112 1200 1222 1239 sunt,
1245 1205 1341 1230 cum
1363 1189 1531 1230 fortuna
1551 1187 1798 1229 mutabilem

397 1257 592 1303 gerentes
623 1247 763 1288 fidem.
828 1247 988 1288 Imbres
1019 1247 1223 1296 continui,
1256 1246 1414 1302 campis
1445 1246 1639 1287 omnibus
1673 1245 1800 1286 inun-

399 1305 561 1354 dantes,
585 1321 718 1361 quum
746 1305 1079 1346 interclusissent
1105 1304 1305 1345 trifariam
1336 1303 1568 1344 exercitum
1597 1318 1621 1344 a
1649 1310 1800 1344 mutuo

398 1363 510 1404 inter
540 1378 582 1404 se
615 1362 784 1412 auxilio,
809 1362 894 1403 duo
925 1361 1145 1418 praesidia,
1169 1377 1276 1417 quae
1309 1361 1398 1402 sine
1432 1375 1530 1416 rege
1564 1368 1695 1410 erant,
1721 1360 1801 1401 im-

398 1420 564 1475 proviso
597 1420 781 1461 hostium
815 1419 1001 1460 adventu
1033 1420 1354 1475 opprimuntur:
1389 1417 1622 1474 deletisque
1653 1417 1716 1467 iis,
1746 1416 1801 1458 ad

399 1477 529 1532 ipsius
560 1477 823 1518 obsidionem
855 1492 999 1518 omnes
1031 1477 1232 1517 conversi.
1296 1475 1403 1517 Inde
1435 1476 1486 1517 ab
1511 1475 1697 1517 Lucanis
1727 1489 1828 1516 ex-1

399 1534 558 1574 sulibus
580 1535 634 1574 ad
654 1550 750 1575 suos
771 1534 912 1575 nuntii
933 1534 1046 1575 missi
1068 1542 1165 1575 sunt
1183 1550 1192 1574 ε
1226 1541 1434 1590 pactoque
1462 1533 1604 1574 reditu
1623 1532 1801 1589 promis-

399 1606 493 1631 sum
529 1600 602 1640 est,
634 1606 789 1646 regem,
822 1601 894 1632 aut
924 1592 1079 1641 vivum,
1112 1600 1184 1632 aut
1214 1600 1440 1641 mortuum,
1474 1591 1520 1632 in
1549 1598 1800 1647 potestatem

390 186 476 225 480

400 1691 454 1731 ligi
483 1702 575 1722 verae
602 1696 711 1722 sortes.
756 1693 892 1723 Constat
923 1693 1009 1723 enirn
1037 1704 1076 1723 ex

401 1735 469 1765 Cic.
487 1735 527 1764 de
545 1734 619 1764 Div.
637 1734 657 1764 i.
678 1733 724 1773 76.
743 1738 774 1764 et
791 1734 822 1765 ii.
840 1733 889 1775 69.
907 1736 995 1774 apud
1010 1736 1076 1765 Do—

401 1778 531 1811 donam,
562 1780 688 1815 praeter
718 1777 896 1814 columbas,
923 1782 955 1807 et
986 1788 1076 1816 quer-

402 1830 476 1849 cum
488 1818 729 1855 vaticinantem,
739 1824 771 1849 et
784 1819 999 1850 Dodonaeum
1012 1830 1077 1857 aeS‚

402 1862 500 1892 etiam
524 1865 622 1891 sortes
645 1862 753 1891 locum
773 1862 932 1893 habuisse.
980 1863 1079 1892 Porro

402 1909 502 1934 sortes
528 1904 615 1940 illae,
641 1904 729 1934 fuere
755 1904 825 1941 tali,
847 1909 904 1934 aut
930 1908 1079 1940 tesserae,

401 1950 459 1977 aut
475 1946 650 1976 schedulae
670 1946 763 1976 certis
786 1946 912 1983 litteris,
929 1948 979 1977 vel
998 1947 1079 1977 voci-

402 1990 473 2024 bus,
497 1990 547 2018 vel
575 1988 659 2018 notis
685 1988 867 2028 inscriptae.
915 1989 980 2019 Eas
1003 1989 1080 2019 alibi

402 2031 539 2061 iaciebat
563 2030 632 2069 ipse
654 2032 827 2068 consultor,
842 2031 920 2061 alibi
940 2042 980 2061 ex
1001 2042 1082 2062 urna

403 2073 594 2104 extrahebat
618 2083 708 2112 puer.
754 2073 877 2103 Earum
895 2074 1011 2104 deinde
1026 2084 1081 2104 no-

403 2120 452 2146 tas
472 2115 768 2155 interpretabantur
787 2117 978 2154 sacerdotes,
994 2116 1082 2146 inde-

404 2169 467 2197 que
483 2158 604 2188 oraculi
625 2168 814 2197 responsum
833 2159 1081 2189 concinnabant.

406 2201 482 2231 Vid.
499 2202 575 2231 Ant.
591 2201 753 2238 vandale,
771 2201 940 2232 Dissertat.
959 2202 998 2232 de
1015 2212 1081 2231 ora-

405 2244 552 2273 culorum
590 2243 710 2283 origine
748 2247 781 2273 et
810 2243 1005 2281 auctoribus,
1034 2254 1082 2282 14.

405 2286 512 2317 CREV.
541 2286 581 2316 cf.
599 2286 736 2316 Niebhr.
752 2285 772 2316 i.
789 2296 819 2316 n.
841 2295 931 2326 1119.

448 2340 467 2367 4
483 2329 607 2366 Dictio]
628 2329 834 2367 Responsum
851 2327 982 2358 oraculi.
1019 2328 1081 2358 Eo-

405 2371 479 2401 dem
497 2381 591 2401 sensu
606 2371 691 2401 hanc
708 2380 819 2400 vocem
836 2370 1004 2409 usurpavit
1022 2371 1082 2400 Pa-

406 2413 527 2444 cuvius.
560 2413 636 2444 Vid.
649 2414 690 2443 ad
705 2413 850 2443 Herenn.
861 2412 893 2442 ii.
905 2422 955 2451 42.
976 2413 1083 2443 szv.

407 2457 459 2485 Ab
470 2455 655 2486 Tarentinis
670 2455 792 2485 accitus
804 2458 863 2492 est,
873 2459 909 2484 ut
925 2455 957 2484 in
975 2455 1082 2484 locum

407 2498 525 2528 mortui
549 2497 737 2528 Archidami
761 2496 851 2527 ducis
875 2497 1083 2528 sufficeretur.

408 2540 447 2571 cf.
464 2551 549 2579 supr.
570 2550 596 2579 3.

458 2591 474 2622 5
504 2585 616 2623 quue
639 2583 742 2620 ocius]
785 2581 921 2612 Accedit
944 2582 985 2611 ad
1012 2581 1085 2615 hoc.

409 2626 495 2664 quod
514 2626 588 2655 urbs
604 2624 778 2655 Ambracia
800 2624 959 2654 militibus
976 2625 1084 2655 Mace-

410 2668 533 2698 donicis
559 2668 640 2697 adeo
666 2671 753 2697 arcte
777 2667 1026 2703 custodiebatur,
1049 2670 1085 2696 ut

409 2711 517 2748 verbo,
532 2719 597 2740 non
618 2720 662 2747 re,
678 2709 865 2739 Alexander
882 2709 1022 2749 seipsum
1040 2719 1085 2739 re-

407 2762 480 2791 gem
497 2762 566 2783 esse
582 2755 777 2791 agnosceret.

450 2794 469 2824 6
484 2796 608 2834 Stayna
627 2795 778 2833 inferna]
799 2794 873 2824 Vox
890 2795 1022 2833 inferna
1040 2793 1083 2824 vi-

408 2836 502 2865 detur
528 2847 595 2866 esse
622 2836 752 2876 propria
778 2836 957 2876 appellatio
980 2837 1083 2876 stagni

408 2877 563 2913 alicuius3
594 2879 726 2909 fortasse
757 2879 954 2909 Acherusiae
985 2879 1084 2918 ipsius

410 2919 550 2956 paludis,
566 2920 616 2948 cui
636 2920 696 2949 hoc
719 2930 834 2950 nomen
859 2921 996 2951 inditum
1017 2931 1084 2950 esse

1122 1694 1227 1733 potuit
1239 1705 1258 1724 a
1270 1693 1417 1732 populari
1432 1693 1685 1732 opinione,quae
1695 1693 1800 1723 Ache-

1121 1741 1247 1766 rontem
1264 1735 1399 1765 fluvium
1423 1736 1456 1765 in
1480 1735 1619 1765 infernas
1637 1736 1728 1765 sedes
1744 1745 1802 1775 per

1122 1788 1192 1808 eain
1217 1778 1371 1817 paludem
1389 1777 1496 1808 delabi
1518 1777 1668 1816 fingebat.
1693 1777 1801 1809 CnEv.

1123 1820 1195 1850 Nisi
1211 1820 1306 1850 malis
1318 1821 1451 1859 inferna
1467 1829 1524 1859 pro
1537 1821 1708 1858 inferiora,
1718 1819 1801 1851 scili-

1125 1867 1173 1892 cet
1192 1864 1274 1900 loco,
1289 1862 1446 1901 accipere.

1172 1904 1189 1937 7
1220 1906 1423 1936 Consentiam
1449 1915 1490 1935 ea]
1509 1906 1670 1943 Lucanis]
1709 1905 1801 1936 Hod.

1125 1948 1281 1983 s'osenza,
1308 1950 1405 1986 caput
1435 1947 1606 1978 Calabriae
1637 1947 1802 1985 citerioris,

1125 1993 1160 2019 ut
1177 1990 1255 2019 olim
1273 1989 1488 2026 Bruttiorum,
1504 1989 1620 2028 quibus
1635 1989 1731 2020 etiam
1747 1990 1801 2020 tri-

1125 2031 1235 2062 buitur
1250 2031 1340 2062 xxiii.
1359 2041 1408 2070 30.
1425 2042 1499 2062 xxv.
1517 2041 1543 2062 1.
1559 2036 1591 2062 et
1607 2032 1648 2062 al.
1665 2033 1721 2063 sed
1736 2032 1768 2063 h.
1780 2033 1801 2064 l.

1127 2074 1240 2104 Livius
1263 2078 1391 2104 secutus
1414 2077 1462 2104 est
1484 2084 1549 2112 eos,
1565 2074 1619 2113 qui
1638 2074 1718 2105 fines
1737 2074 1802 2105 Lu-

1127 2116 1250 2153 caniae,
1280 2116 1455 2156 praecipue
1484 2116 1518 2147 in
1550 2116 1803 2155 mediterraneis,

1127 2159 1263 2189 ulterius
1292 2159 1466 2198 protulere,
1497 2169 1595 2198 quam
1625 2159 1740 2190 Strabo
1771 2164 1804 2190 et

1128 2201 1214 2232 Plin.
1258 2203 1464 2232 Bruttiorum
1480 2199 1626 2242 (urbem)
1641 2203 1804 2239 Terinam,

1127 2254 1167 2274 ex
1189 2245 1316 2274 emend.
1334 2243 1454 2283 Sigonii
1471 2254 1529 2283 pro
1545 2245 1731 2275 Acerinam.
1762 2245 1803 2275 cf.

1126 2286 1197 2317 infr.
1215 2297 1245 2316 x.
1264 2297 1292 2316 2.
1318 2287 1404 2316 RUP.

1170 2329 1189 2359 8
1212 2329 1469 2368 Blessapz'orum]
1505 2328 1622 2359 Latino
1646 2329 1804 2359 vocabulo

1127 2372 1379 2401 Sallentinorum
1403 2371 1510 2410 potius
1533 2371 1665 2401 dixisset
1681 2371 1804 2407 Livius,

1128 2414 1184 2443 sed
1207 2413 1294 2443 haud
1311 2413 1407 2443 dubie
1424 2413 1619 2453 Dionysium
1638 2417 1803 2444 auctorem

1129 2455 1181 2485 hic
1198 2459 1326 2486 secutus
1342 2459 1401 2493 est,
1416 2459 1452 2485 ut
1468 2466 1553 2495 supr.
1571 2455 1618 2487 16.

1172 2508 1191 2538 9
1218 2500 1293 2529 Tres
1313 2499 1467 2536 tumulos]
1495 2498 1710 2538 Antiquorum
1734 2509 1804 2529 nor-

1129 2550 1183 2570 ma
1204 2541 1285 2575 tris;
1310 2541 1365 2570 sed
1384 2545 1448 2571 tres
1469 2540 1589 2571 Stroth.
1610 2545 1642 2572 et
1662 2541 1803 2572 Bekker.

1129 2592 1308 2621 reposuere.
1333 2582 1419 2613 Serv.
1436 2582 1469 2612 in
1487 2584 1567 2613 Aen.
1584 2583 1604 2614 i.
1622 2584 1689 2614 108.
1708 2585 1804 2615 G‘em'-

1130 2625 1215 2655 tivus
1241 2625 1394 2664 pluralis,
1425 2627 1546 2665 quoties
1572 2627 1608 2656 in
1633 2627 1701 2656 ium
1727 2627 1805 2663 emit,

1130 2669 1347 2697 accusativum
1378 2668 1541 2706 pluralem
1570 2670 1606 2698 in
1635 2669 1663 2698 is
1696 2669 1805 2705 mittit,

1130 2714 1166 2739 ut
1185 2711 1360 2749 puppium,
1380 2711 1514 2750 puppis,
1532 2712 1677 2750 quotiens
1696 2711 1732 2740 in
1750 2720 1804 2740 um

1132 2753 1208 2789 emit,
1224 2754 1260 2782 in
1275 2763 1306 2783 es
1321 2753 1429 2787 mittit,
1446 2757 1482 2782 ut
1492 2758 1627 2792 patrum
1638 2757 1761 2793 patres.

1175 2804 1186 2824 1
1213 2796 1264 2824 Ab
1280 2795 1424 2825 Lucanis
1438 2796 1620 2833 eoesulibus]
1655 2794 1744 2825 Hinc
1767 2793 1802 2824 li-

1128 2841 1204 2876 quet
1228 2836 1384 2867 seditione
1403 2841 1434 2867 et
1451 2837 1609 2868 discordia
1626 2835 1800 2868 Lucaniam

1129 2880 1296 2910 laborasse.
1803 2884 1808 2887 ”
