1934 3211
443 220 469 257 4
777 214 904 257 TITI
935 214 1086 258 LIVII
1116 214 1482 258 PRAEFATIO.

445 322 495 348 ea
521 322 599 348 nec
626 306 840 356 affirmare,
863 321 941 347 nec
966 305 1165 355 refellere,
1188 305 1231 346 in
1257 306 1395 346 animo
1423 314 1494 347 est.
1557 305 1694 347 Datur
1718 305 1820 346 haec

443 364 566 406 venia
590 364 840 420 antiquitati,
869 372 927 414 ut,
955 363 1168 404 miscendo
1198 363 1380 404 humana
1403 363 1566 412 divinis,
1595 362 1822 419 primordia

444 422 610 463 urbium
630 422 866 478 augustiora
884 421 1017 462 faciat.
1073 420 1149 470 Et,
1171 421 1205 461 si
1226 420 1294 462 cui
1313 420 1467 476 populo
1491 420 1615 462 licere
1643 429 1819 477 oportet,

444 494 682 521 consecrare
715 479 894 535 origines
921 494 1025 528 suas,
1057 486 1101 519 et
1129 478 1182 519 ad
1213 478 1313 519 deos
1347 478 1499 519 referre
1535 486 1736 528 auctores,
1772 492 1822 519 ea

444 537 541 578 belli
561 537 692 602 gloria
711 545 773 578 est
792 536 947 593 populo
970 536 1174 585 Romano,
1197 543 1256 584 ut,
1279 551 1408 591 quum
1430 551 1550 576 suum
1575 535 1822 577 conditoris-

444 610 526 650 que
559 595 622 636 sui
656 602 871 651 parentem
903 593 1084 635 Martem
1116 593 1376 649 potissimum
1405 593 1522 642 ferat,
1556 600 1640 634 tam
1670 601 1713 634 et
1741 592 1821 633 hoc

443 660 589 708 gentes
618 652 823 693 humanae
857 651 1068 707 patiantur
1099 666 1233 706 aequo
1265 650 1416 700 animo,
1446 665 1571 706 quam
1599 649 1822 706 imperium

443 709 669 765 patiuntur.
734 708 817 750 Sed
841 709 943 749 haec
964 716 1006 749 et
1026 708 1091 749 his
1115 707 1276 757 similia,
1299 716 1512 763 utcunque
1538 707 1822 749 animadversa

443 775 515 808 aut
535 767 769 808 existimata
788 774 922 815 erunt,
949 765 1095 806 haud
1085 780 1130 806 m
1159 780 1310 821 magno
1341 765 1538 830 equidem
1561 780 1715 821 ponam
1739 764 1823 806 dis-

444 824 628 865 crimine.
705 823 777 864 Ad
812 823 883 864 illa
917 823 1020 863 mihi
1055 838 1130 879 pro
1165 838 1207 864 se
1241 822 1416 878 quisque
1450 822 1599 864 acriter
1631 821 1822 863 intendat

443 881 640 931 animum,
663 896 770 936 quae
792 880 887 930 vita,
910 881 983 936 qui
1004 895 1138 921 mores
1157 880 1327 921 fuerint:
1358 895 1433 936 per
1460 896 1563 936 quos
1586 880 1708 930 viros,
1729 880 1823 936 qui-

442 939 602 994 busque
623 938 791 987 artibus‚
813 938 927 979 domi
948 937 1217 993 militiaeque,
1243 946 1285 979 et
1308 947 1473 993 partum
1494 946 1536 979 et
1556 946 1725 979 auctum
1744 938 1823 978 im-

442 996 604 1052 perium
640 996 703 1037 sit.
777 995 966 1037 Labente
1003 995 1156 1036 deinde
1191 994 1406 1059 paullatim
1446 996 1677 1052 disciplina,
1708 995 1855 1041 velut4

443 1053 679 1095 desidentes
706 1053 840 1118 primo
865 1068 999 1094 mores
1027 1061 1223 1108 sequatur
1250 1067 1408 1102 an1m0;
1437 1053 1590 1094 deinde
1619 1062 1666 1094 ut
1692 1053 1823 1109 magis

443 1111 655 1166 magisque
683 1110 786 1166 lapsi
817 1111 918 1159 sint3
953 1119 1041 1151 tum
1063 1111 1122 1150 ire
1145 1110 1359 1166 coeperint
1384 1111 1652 1168 praecipites·
1687 1110 1823 1152 donec

442 1168 495 1209 ad
516 1168 619 1209 haec
641 1178 839 1224 tempora,
861 1142 1013 1223 qliibus
1033 1181 1111 1208 nec
1131 1167 1231 1208 vitia
1250 1175 1401 1217 nostra,
1427 1183 1505 1209 nec
1529 1168 1713 1209 remedia
1735 1168 1823 1225 pati

441 1240 670 1291 possumus,
692 1234 939 1282 perventum
961 1233 1034 1266 est
1097 1224 1193 1265 Hoc
1214 1224 1319 1265 illud
1339 1233 1401 1266 cst
1419 1226 1641 1282 praecipue
1661 1226 1706 1266 in
1726 1241 1823 1282 cog-

442 1283 601 1324 nitione
634 1298 772 1324 rerum
808 1282 969 1324 salubre
1006 1298 1053 1323 ac
1087 1282 1345 1338 frugiferum,
1386 1298 1521 1324 omnis
1561 1292 1601 1324 te
1641 1283 1823 1339 exempli

441 1340 723 1382 documenta
714 1356 758 1381 1n
778 1340 927 1381 illustri
947 1340 1081 1396 posita
1110 1348 1383 1381 monumento
1410 1340 1587 1381 intueri:
1620 1340 1718 1382 inde
1746 1341 1824 1382 tibi

442 1406 621 1454 tuaeque
652 1397 918 1453 reipublicae,
952 1397 1066 1453 quod
1097 1397 1273 1448 imitere,
1307 1398 1466 1454 capias:
1504 1397 1617 1448 inde,
1652 1398 1823 1440 foedum

442 1455 626 1520 inceptu,
647 1455 817 1496 foedum
837 1455 967 1505 exim,
989 1454 1103 1510 quod
1122 1455 1238 1496 vites.
1303 1454 1506 1497 Ceterum
1530 1464 1602 1497 aut
1622 1471 1688 1498 me
1709 1471 1824 1498 amor

442 1513 600 1578 negotii
630 1512 810 1569 suscepti
841 1512 957 1562 fallit,
998 1521 1069 1553 aut
1102 1512 1217 1553 nulla
1251 1528 1435 1568 unquam
1475 1513 1707 1569 respublica
1743 1528 1823 1555 nec

442 1570 584 1620 maior,
613 1586 691 1611 nec
711 1570 903 1620 sanctior,
931 1584 1009 1611 nec
1034 1570 1154 1611 bonis
1163 1570 1376 1635 ‘exemplis
1400 1570 1526 1611 ditior
1545 1570 1646 1612 fuit:
1679 1586 1757 1612 nec
1777 1571 1823 1612 in

442 1643 567 1684 quam
581 1628 790 1669 civitatem
804 1636 888 1669 tam
904 1643 1017 1669 serae
1031 1627 1201 1669 avaritia
1214 1627 1486 1684 luxuriaque
1475 1628 1819 1694 immigraverint:

441 1701 520 1726 nec
540 1685 612 1727 ubi
635 1694 771 1727 tantus
792 1701 838 1727 ac
860 1694 944 1726 tam
965 1685 1039 1726 diu
1059 1686 1293 1750 paupertati
1321 1700 1367 1726 ac
1392 1686 1665 1742 parsimoniae
1690 1686 1823 1728 honos

440 1742 586 1784 fuerit:
617 1743 734 1794 adeo,
756 1752 913 1799 quanto
938 1758 1076 1784 rerum
1104 1743 1252 1793 minus,
1282 1752 1399 1784 tanto
1419 1743 1557 1785 minus
1583 1743 1823 1800 cupiditatis

440 1810 539 1842 erat.
602 1800 751 1857 Nuper
775 1801 942 1842 divitiae
971 1800 1197 1849 avaritiam,
1229 1809 1272 1841 et
1301 1800 1560 1842 abundantes
1589 1801 1822 1858 voluptates

441 1858 693 1900 desiderium
724 1874 798 1915 per
827 1859 973 1899 luxum
1004 1868 1127 1914 atque
1158 1858 1377 1899 libidinem
1407 1859 1611 1914 pereundi
1642 1859 1822 1915 perden-

440 1915 567 1971 dique
609 1916 749 1957 omnia
787 1916 993 1958 invexere.
1073 1915 1156 1957 Sed
1188 1915 1394 1972 querelae,
1430 1931 1483 1957 ne
1524 1925 1614 1958 tum
1649 1917 1821 1972 quidem

440 1983 579 2029 gratae
600 1974 775 2024 futurae,
798 1989 928 2029 quum
948 1973 1118 2015 forsitan
1139 1982 1182 2014 et
1201 1973 1455 2014 necessariae
1476 1983 1611 2024 erunt,
1629 1975 1680 2015 ab
1701 1974 1822 2016 initio

441 2039 551 2072 certe
573 2040 711 2073 tantae
733 2031 959 2072 ordiendae
980 2031 1041 2073 rei
1062 2031 1208 2072 absint.
1254 2030 1366 2072 Cum
1381 2031 1501 2072 bonis
1516 2032 1655 2088 potius
1670 2032 1821 2073 omini-

441 2088 517 2129 bus
543 2089 731 2145 votisque
759 2104 806 2130 ac
833 2089 1141 2145 precationibus
1177 2089 1351 2130 deorum
1388 2089 1656 2154 dearumque,
1694 2089 1741 2139 si,
1774 2098 1850 2131 ut5

440 2147 585 2201 poetiS,
614 2147 733 2188 nobis
763 2162 929 2202 quoque
961 2162 1049 2188 mos
1079 2155 1197 2196 esset,
1227 2146 1424 2187 libentius
1454 2146 1742 2203 inciperemus,
1774 2156 1820 2188 ut

441 2204 542 2244 orsis
563 2205 666 2246 tanti
688 2204 823 2261 operis
844 2219 1055 2246 successus
1076 2219 1294 2261 prosperos
1315 2204 1473 2245 darent.

481 2324 501 2351 4
523 2313 679 2351 Lubente]
716 2313 860 2343 Labante
883 2322 922 2342 ex
945 2312 1105 2343 emendat.
1151 2315 1203 2341 tur
1218 2310 1432 2341 nobilissimus
1446 2310 1502 2341 ille
1517 2311 1617 2348 locus,
1629 2310 1661 2341 in
1674 2321 1737 2350 quo
1753 2310 1818 2342 Pli-

442 2355 469 2385 1.
484 2355 535 2385 Fr.
549 2355 689 2386 Gronov.
704 2355 736 2385 in
753 2358 878 2385 textum
890 2354 1010 2394 recepit
1024 2354 1108 2385 Bek-
1151 2354 1223 2384 nius
1242 2354 1274 2384 in
1296 2353 1425 2384 exordio
1442 2353 1630 2393 Panegyrici
1652 2353 1700 2384 sui
1723 2353 1819 2384 simili

440 2397 506 2429 ker.
523 2397 597 2428 licet
613 2398 705 2429 codd.
721 2398 842 2428 advers.
1151 2396 1278 2427 (licendi
1293 2396 1416 2426 ratione
1431 2396 1540 2427 utitur.

485 2449 501 2479 5
524 2441 768 2472 Precationihus
783 2441 928 2478 deorum]
957 2440 1106 2472 Confera-
