1934 3211
187 305 233 337 U.
250 303 288 336 C.

187 348 228 380 A.
252 347 290 379 C.

401 209 484 247 434

305 312 379 342 412-
409 302 420 321 ‘
436 295 700 345 certaverint,
728 309 898 337 necesse
926 295 1066 345 fuisse,
1095 295 1268 336 alteram
1298 302 1462 350 partem
1489 293 1612 335 vinci.

308 355 380 386 340·
411 359 568 411 ‘panos
598 353 773 409 quidem
805 352 920 394 haud
950 353 1077 394 dubie
1113 352 1245 408 magis
1280 352 1411 393 nimio
1444 351 1548 392 luxu
1580 351 1808 393 fluentibus

916 202 1064 246 ΤΙΤΙ
1102 203 1284 246 LIVII

1677 293 1806 335 Cam-

412 418 424 437 ‘
439 413 562 454 rebus
583 411 843 467 mollitiaque
865 426 952 461 sua,
971 425 1097 466 quam
1113 410 1155 450 vi
1174 409 1373 459 hostium,
1390 409 1522 450 victos
1538 424 1639 450 esse.
1691 408 1811 457 Quid

413 475 582 511 ‘autem
609 484 697 510 esse
723 468 808 509 duo
836 483 1034 524 prospera
1060 468 1102 508 in
1131 475 1194 508 tot
1222 467 1397 508 saeculis
1423 466 1534 508 bella
1557 466 1811 508 Samnitium

414 533 425 551 6
441 527 637 568 adversus
665 534 728 567 tot
749 525 900 566 decora
926 524 1073 580 populi
1097 524 1292 573 Romani,
1315 524 1390 579 qui
1414 524 1648 580 triumphos
1674 538 1810 580 paene

416 590 427 609 6
443 585 596 641 plures,
620 598 746 639 quam
768 597 898 623 annos
920 582 971 622 ab
993 581 1095 622 urbe
1118 581 1299 631 condita,
1322 582 1545 622 numeret?
1576 581 1650 637 qui
1671 580 1813 622 omnia

415 642 552 683 ‘circa
582 655 638 689 se,
675 639 862 687 Sabinos,
896 638 1121 686 Etruriam,
1151 637 1339 686 Latinos,
1373 636 1595 687 Hernicos,
1623 638 1811 694 AeqUOS,

417 705 428 723 ‘
444 698 633 746 Volscos,
657 696 896 744 Auruncos,
919 695 1078 735 domita
1105 694 1229 735 armis
1256 694 1441 735 habeat?
1473 695 1547 750 qui
1571 694 1729 745 Gallos,
1751 701 1846 736 tot6

417 754 612 811 ‘proeliis
644 768 797 802 caesos,
820 760 1030 808 postremo
1060 752 1106 793 in
1136 766 1248 792 mare
1280 766 1327 792 ac
1357 766 1485 793 naves
1512 751 1611 808 fuga
1641 766 1815 808 compu-

419 820 428 837 ‘
446 812 573 852 lerit‘?
637 810 783 858 Quum
811 809 944 865 gloria
969 808 1070 850 belli
1097 824 1145 849 ac
1169 809 1324 849 virtute
1354 824 1428 849 sua
1448 824 1661 865 quemque
1686 809 1814 850 fretos

419 876 429 893 6
446 869 505 909 ire
528 869 572 908 in
594 868 727 908 aciem
749 867 916 916 debere,
939 875 1029 907 tum
1051 866 1178 907 etiam
1197 866 1366 915 intueri,
1389 866 1508 907 cuius
1524 866 1656 907 ductu
1676 866 1815 923 auspi—

419 933 430 950 ‘
446 926 596 981 cioque
617 924 805 966 ineunda
824 939 968 980 pugna
987 923 1065 964 sit:
1100 932 1241 964 utrum
1263 923 1337 978 qui
1358 923 1594 964 audiendus
1610 923 1816 965 duntaxat
1831 937 1847 967 7

419 982 695 1038 ‘magnificus
727 981 969 1022 adhortator
1002 981 1066 1030 sit,
1100 981 1237 1021 verbis
1274 987 1437 1021 tantum
1471 980 1603 1031 ferOX,
1640 996 1816 1037 operum

419 1048 431 1065 ‘
448 1040 691 1081 militarium
712 1053 887 1095 expers:
922 1053 976 1079 an
997 1038 1072 1094 qui
1093 1046 1136 1078 et
1156 1038 1244 1093 ipse
1267 1037 1350 1079 tela
1375 1046 1564 1087 tractare,
1586 1038 1815 1095 procedere

421 1105 432 1123 6
448 1108 544 1139 ante
577 1097 708 1153 signa,
729 1096 883 1137 versari
913 1095 1054 1136 media
1085 1095 1130 1135 in
1161 1094 1271 1136 mole
1303 1111 1471 1152 pugnae
1501 1095 1615 1137 sciat.
1690 1095 1818 1137 Facta

421 1163 431 1180 ‘
449 1171 555 1204 mea,
587 1169 674 1195 non
706 1154 831 1203 dicta,
862 1168 947 1203 vos,
982 1152 1162 1202 milites,’
1194 1153 1345 1208 inquit,
1392 1153 1539 1209 ‘sequi
1572 1152 1694 1203 volo;
1738 1168 1817 1194 nec

421 1212 714 1269 ‘disciplinam
753 1210 894 1260 modo,
931 1210 1005 1252 sed
1040 1209 1283 1266 exemplum
1319 1210 1457 1260 etiam,
1496 1225 1521 1252 a
1555 1225 1622 1251 me
1657 1218 1814 1267 petere.

421 1277 432 1295 ‘
450 1270 552 1311 Non
567 1269 819 1311 factionibus
840 1268 980 1317 modo,
997 1283 1075 1309 nec
1095 1282 1172 1324 per
1188 1267 1390 1309 coitiones
1407 1268 1578 1309 usitatas
1594 1268 1816 1318 nobilibus,
1831 1283 1851 1313 8

421 1335 433 1352 6
448 1327 522 1368 sed
543 1327 621 1368 hac
643 1327 805 1376 dextra,
827 1326 933 1366 mihi
954 1334 1037 1367 tres
1061 1324 1302 1366 consulatus
1329 1340 1621 1382 summamque
1649 1325 1819 1367 laudem

421 1392 433 1410 ‘
449 1385 605 1441 peperi.
653 1384 765 1434 Fuit,
783 1399 916 1439 quum
936 1383 1016 1424 hoc
1038 1382 1122 1424 dici
1141 1390 1327 1439 poterat:
1352 1382 1560 1424 Patricius
1579 1383 1694 1424 enim
1715 1398 1817 1433 eras,
1831 1400 1851 1432 9

423 1449 493 1482 ‘et
523 1457 548 1482 a
577 1441 869 1483 liberatoribus
899 1440 1057 1497 patriae
1088 1449 1228 1482 ortus:
1263 1448 1318 1490 et,
1341 1441 1491 1482 eodem
1522 1455 1633 1482 anno
1663 1440 1821 1482 familia

423 1499 529 1539 ‘ista
553 1498 830 1548 consulatum,
854 1514 939 1554 quo
960 1498 1058 1539 urbs
1082 1497 1185 1539 haec
1215 1497 1444 1548 consulem,
1466 1498 1626 1539 habuit.
1689 1497 1820 1539 Nunc

424 1562 436 1581 6
451 1555 533 1595 iam
565 1556 685 1596 nobis
714 1555 911 1597 Patribus
940 1555 1141 1611 vobisque
1172 1554 1347 1611 plebeiis
1376 1555 1638 1612 promiscuus
1669 1570 1820 1597 consu-

424 1611 559 1653 ‘latus
580 1620 708 1667 patet,
726 1627 805 1653 nec
825 1612 1004 1667 generis,
1023 1621 1071 1653 ut
1086 1621 1196 1662 ante,
1214 1612 1289 1654 sed
1304 1613 1469 1654 virtutis
1489 1622 1552 1654 est
1571 1613 1817 1669 praemium.

424 1677 435 1694 ‘
452 1669 637 1710 Proinde
655 1684 867 1710 summum
888 1669 1088 1724 quodque
1110 1678 1308 1725 spectate,
1331 1670 1497 1720 milites,
1520 1669 1660 1711 decus.
1703 1669 1819 1720 Non,

424 1734 434 1751 6
452 1727 486 1767 si
516 1725 620 1767 mihi
651 1741 808 1767 novum
837 1726 918 1766 hoc
943 1724 1072 1766 Corvi
1107 1741 1345 1781 cognomen
1371 1726 1451 1767 diis
1479 1727 1718 1768 auctoribus
1744 1726 1821 1768 ho-

425 1791 436 1809 ‘
454 1783 588 1824 mines
623 1783 810 1833 dedistis,
844 1782 1158 1824 Publicolarum
1191 1791 1403 1824 vetustum
1437 1782 1619 1824 familiae
1653 1792 1820 1825 nostrae

425 1848 688 1896 ‘cognomen
721 1840 924 1881 memoria
955 1840 1145 1881 excessit.
1211 1839 1388 1897 Semper
1418 1856 1498 1896 ego
1530 1840 1698 1897 plebem
1731 1841 1821 1883 Ro-

425 1905 436 1923 ‘
453 1912 620 1938 manam
641 1897 814 1938 militiae
835 1897 1049 1953 domique,
1071 1897 1269 1953 privatuS,
1291 1898 1336 1938 in
1357 1898 1664 1954 magistratibus
1684 1899 1820 1954 parvis

425 1963 436 1980 ‘
453 1955 712 2010 magnisque,
734 1969 868 2009 acque
899 1954 1092 1995 tribunus
1122 1969 1170 1994 ac
1203 1954 1362 2003 consul,
1389 1955 1540 1995 eodem
1570 1963 1715 1997 tenore
1745 1970 1821 2012 per

425 2020 436 2037 6
453 2026 598 2052 omnes
618 2012 818 2066 deinceps
838 2010 1091 2060 consulatus,
1109 2010 1201 2051 colo
1221 2018 1347 2066 atque
1369 2011 1492 2052 colui.
1545 2011 1688 2062 Nunc,
1705 2013 1821 2068 quod

425 2076 436 2094 6
453 2069 591 2117 instat,
624 2068 704 2109 diis
733 2069 842 2109 bene
880 2067 1133 2117 iuvantibus,
1170 2082 1327 2109 novum
1363 2076 1489 2125 atque
1525 2069 1737 2126 integrum
1766 2070 1820 2112 de

424 2134 435 2151 ‘
455 2124 714 2167 Samnitibus
736 2125 997 2181 triumphum
1018 2139 1185 2166 mecum
1201 2125 1360 2180 petite.'

473 2262 492 2294 6
518 2264 626 2294 Gallos
643 2287 650 2294 .
668 2286 675 2294 .
692 2286 700 2294 .
717 2286 724 2294 .
741 2264 777 2293 in
802 2273 892 2293 mare
918 2272 956 2292 ac
981 2263 1098 2300 naves]
1147 2261 1276 2292 coniicit
1299 2262 1401 2294 Drak.
1453 2262 1616 2302 Equidem
1643 2274 1763 2303 vereor,
1785 2270 1820 2296 ut

426 2305 593 2337 Oratorice
615 2305 698 2335 haec
719 2304 816 2342 dicta,
832 2314 991 2343 nusquam
1015 2304 1102 2334 enim

427 2350 466 2379 de
482 2347 589 2378 Gallis
604 2349 640 2378 in
660 2358 749 2378 mare
765 2357 803 2377 ac
817 2357 916 2377 naves
932 2347 1102 2385 compulsis

426 2391 604 2430 quidquam
619 2389 775 2429 scriptum
791 2392 849 2420 est.
891 2389 986 2419 Haec
1001 2388 1102 2428 magis

425 2433 458 2463 in
481 2432 624 2463 Graecos
647 2431 817 2462 convenire
838 2441 923 2470 supr.
941 2429 990 2462 26.
1007 2434 1101 2469 putat

426 2474 619 2512 Crevierius‚
634 2475 689 2505 sed
707 2475 803 2505 verba
819 2478 862 2504 tot
879 2474 1012 2512 proeliis
1031 2483 1100 2503 cae-

424 2528 474 2548 sos
494 2516 687 2556 impediunt,
703 2527 767 2556 quo
783 2515 889 2546 minus
905 2515 932 2546 ei
949 2515 1100 2546 assentia-

426 2570 506 2591 mur.

470 2609 487 2641 7
517 2604 633 2634 Utrum
662 2602 719 2642 qui
749 2601 947 2638 audiendus]
989 2599 1101 2630 Potest

426 2645 557 2683 quidem
574 2643 692 2684 exponi
706 2654 713 2674 ε
738 2647 847 2674 utrum
860 2642 887 2672 is
899 2643 989 2673 cuius
1001 2642 1101 2672 ductu

426 2686 635 2726 auspicioque
658 2686 799 2716 ineunda
822 2695 931 2724 pugna
953 2684 1005 2721 sit,
1020 2684 1101 2714 eius-

425 2729 513 2758 modi
543 2729 583 2759 sit
611 2729 798 2768 imperator,
822 2727 912 2758 cuius
937 2725 1100 2757 audienda

425 2773 552 2800 tantum
578 2772 674 2801 verba
701 2770 776 2807 sint,
801 2779 866 2800 non
893 2769 991 2800 etiam
1014 2769 1100 2799 facta

425 2813 611 2849 spectanda.
635 2814 742 2843 CREV.

468 2853 487 2882 8
503 2855 579 2883 Non
586 2855 788 2891 factionibus
802 2855 907 2891 modo]
925 2854 1025 2884 Modo
1040 2862 1098 2892 pro

425 2903 531 2931 nuper
560 2895 623 2924 dici
653 2900 761 2926 censet
787 2896 894 2935 Sigon.
940 2895 1003 2926 Sed
1032 2906 1099 2926 non

425 2936 513 2964 modo
529 2944 585 2973 pro
601 2946 663 2966 71on
680 2938 768 2967 modo
781 2948 845 2967 uon
870 2937 1009 2975 positum
1030 2946 1096 2967 esse

1147 2304 1408 2335 Drakenborchii
1443 2306 1629 2337 coniectura
1658 2317 1734 2337 vera
1769 2307 1821 2344 sit,

1145 2346 1267 2386 quippe
1285 2346 1310 2377 si
1326 2348 1456 2386 quando
1477 2358 1543 2378 mm
1564 2349 1654 2380 modo
1675 2348 1821 2388 elliptice

1146 2398 1204 2428 pro
1219 2399 1284 2419 non
1303 2391 1392 2420 modo
1413 2400 1479 2421 non
1501 2390 1642 2429 positum
1658 2391 1710 2429 sit,
1725 2391 1757 2421 in
1773 2392 1819 2422 al-

1145 2434 1214 2461 tero
1241 2431 1392 2462 orationis
1417 2433 1562 2462 membro
1589 2432 1636 2463 vis
1659 2434 1818 2473 quaedam

1144 2472 1304 2512 negativa,
1320 2484 1348 2505 e.
1363 2484 1392 2513 g.
1408 2475 1463 2505 sed
1483 2485 1524 2506 ne
1543 2476 1684 2515 quidem,
1696 2486 1782 2516 supr.
1798 2476 1819 2508 i.

1145 2525 1196 2553 40.
1220 2514 1260 2546 iv.
1279 2525 1306 2555 3.
1326 2516 1506 2555 requiritur.
1538 2517 1578 2548 cf.
1595 2517 1728 2558 Ziunpt.
1746 2519 1819 2550 Lat.

1146 2557 1259 2588 Gram.
1275 2561 1352 2589 sect.
1369 2560 1387 2589 8
1391 2568 1419 2598 3.
1457 2561 1556 2590 Modo
1571 2560 1752 2591 tollendum
1771 2561 1818 2591 iu-

1146 2599 1232 2630 dicat
1251 2599 1404 2632 Glarean.
1426 2602 1513 2641 quod
1534 2602 1710 2643 Doeringio
1737 2603 1818 2643 opti-

1145 2651 1235 2672 mum
1252 2642 1388 2675 videtur.

1188 2694 1208 2724 9
1231 2686 1399 2717 Patricius
1428 2687 1513 2717 enim
1541 2689 1632 2726 eras]
1663 2687 1818 2718 Similiter

1143 2736 1196 2766 ap.
1210 2727 1353 2758 Graecos
1368 2728 1528 2768 particula
1541 2728 1602 2768 ’γὰρ
1616 2730 1650 2760 in
1666 2730 1816 2761 obiectio-

1143 2769 1237 2799 nibus
1261 2770 1443 2809 adhibetur,
1459 2771 1505 2802 ita
1526 2775 1563 2801 ut
1586 2771 1736 2802 omissum
1759 2771 1816 2802 ali-

1144 2811 1220 2850 quid
1250 2813 1460 2843 subaudiatur
1488 2813 1693 2845 huiusmodi:
1732 2814 1818 2844 nihil

1140 2855 1270 2891 mirum,
1285 2859 1314 2886 te
1329 2857 1488 2887 consulem
1503 2866 1569 2888 esse
1576 2857 1715 2896 factum.
1739 2855 1815 2888 STR.

1142 2896 1181 2928 cf.
1198 2895 1270 2928 infr.
1287 2896 1352 2929 xxi.
1370 2907 1421 2935 40.
