<?xml version="1.0" encoding="UTF-8"?>
<!DOCTYPE html PUBLIC "-//W3C//DTD XHTML 1.0 Transitional//EN"
    "http://www.w3.org/TR/xhtml1/DTD/xhtml1-transitional.dtd">
<html xmlns="http://www.w3.org/1999/xhtml" xml:lang="en" lang="en">
 <head>
  <title>
</title>
<meta http-equiv="Content-Type" content="text/html;charset=utf-8" />
  <meta name='ocr-system' content='tesseract 3.04.00' />
  <meta name='ocr-capabilities' content='ocr_page ocr_carea ocr_par ocr_line ocrx_word'/>
</head>
<body>
  <div class='ocr_page' id='page_1' title='image "./historiarumli01livyuoft_0304.png"; bbox 0 0 1934 3211; ppageno 0'>
   <div class='ocr_carea' id='block_1_1' title="bbox 174 277 365 317">
    <p class='ocr_par' dir='ltr' id='par_1_1' title="bbox 174 277 365 317">
     <span class='ocr_line' id='line_1_1' title="bbox 174 277 365 317; baseline -0.011 -8"><span class='ocrx_word' id='word_1_1' title='bbox 174 277 365 317; x_wconf 73' lang='lat' dir='ltr'><strong>U.C.352.</strong></span> 
     </span>
    </p>
   </div>
   <div class='ocr_carea' id='block_1_2' title="bbox 390 178 1267 222">
    <p class='ocr_par' dir='ltr' id='par_1_2' title="bbox 390 178 1267 222">
     <span class='ocr_line' id='line_1_2' title="bbox 390 178 1267 222; baseline -0.001 -1"><span class='ocrx_word' id='word_1_2' title='bbox 390 184 474 222; x_wconf 85' lang='lat'>290</span> <span class='ocrx_word' id='word_1_3' title='bbox 903 178 1051 220; x_wconf 91' lang='grc' dir='ltr'>ΤΙΤΙ</span> <span class='ocrx_word' id='word_1_4' title='bbox 1088 179 1267 220; x_wconf 91' lang='lat' dir='ltr'>LIVII</span> 
     </span>
    </p>
   </div>
   <div class='ocr_carea' id='block_1_3' title="bbox 394 267 1788 324">
    <p class='ocr_par' dir='ltr' id='par_1_3' title="bbox 394 267 1788 324">
     <span class='ocr_line' id='line_1_3' title="bbox 394 267 1788 324; baseline -0.002 -14"><span class='ocrx_word' id='word_1_5' title='bbox 394 269 475 311; x_wconf 88' lang='lat' dir='ltr'>bat.</span> <span class='ocrx_word' id='word_1_6' title='bbox 539 268 744 310; x_wconf 88' lang='lat' dir='ltr'>Romanis</span> <span class='ocrx_word' id='word_1_7' title='bbox 771 269 849 310; x_wconf 90' lang='lat' dir='ltr'>etsi</span> <span class='ocrx_word' id='word_1_8' title='bbox 877 269 1045 324; x_wconf 82' lang='lat' dir='ltr'>quietae</span> <span class='ocrx_word' id='word_1_9' title='bbox 1074 284 1139 310; x_wconf 87' lang='lat' dir='ltr'>res</span> <span class='ocrx_word' id='word_1_10' title='bbox 1167 284 1220 309; x_wconf 86' lang='lat' dir='ltr'>ex</span> <span class='ocrx_word' id='word_1_11' title='bbox 1250 268 1442 310; x_wconf 83' lang='lat' dir='ltr'><strong>Etruriae</strong></span> <span class='ocrx_word' id='word_1_12' title='bbox 1471 267 1788 315; x_wconf 84' lang='lat' dir='ltr'>nuntiabantur,</span> 
     </span>
    </p>
   </div>
   <div class='ocr_carea' id='block_1_4' title="bbox 172 320 1790 381">
    <p class='ocr_par' dir='ltr' id='par_1_4' title="bbox 172 320 1790 381">
     <span class='ocr_line' id='line_1_4' title="bbox 172 320 1790 381; baseline -0.002 -14"><span class='ocrx_word' id='word_1_13' title='bbox 172 321 212 352; x_wconf 80' lang='grc' dir='ltr'>Α·</span> <span class='ocrx_word' id='word_1_14' title='bbox 237 320 275 353; x_wconf 77' lang='lat' dir='ltr'>C·</span> <span class='ocrx_word' id='word_1_15' title='bbox 292 330 365 360; x_wconf 89' lang='lat'>400·</span> <span class='ocrx_word' id='word_1_16' title='bbox 394 333 548 375; x_wconf 87' lang='lat' dir='ltr'>tamen,</span> <span class='ocrx_word' id='word_1_17' title='bbox 572 326 671 381; x_wconf 89' lang='lat' dir='ltr'>quia</span> <span class='ocrx_word' id='word_1_18' title='bbox 701 326 896 367; x_wconf 88' lang='lat' dir='ltr'>omnibus</span> <span class='ocrx_word' id='word_1_19' title='bbox 917 325 1105 366; x_wconf 85' lang='lat' dir='ltr'>conciliis</span> <span class='ocrx_word' id='word_1_20' title='bbox 1126 341 1219 367; x_wconf 88' lang='lat' dir='ltr'>eam</span> <span class='ocrx_word' id='word_1_21' title='bbox 1240 341 1328 366; x_wconf 90' lang='lat' dir='ltr'>rem</span> <span class='ocrx_word' id='word_1_22' title='bbox 1357 325 1504 381; x_wconf 86' lang='lat' dir='ltr'>agitari</span> <span class='ocrx_word' id='word_1_23' title='bbox 1525 325 1790 372; x_wconf 88' lang='lat' dir='ltr'>afferebatur,</span> 
     </span>
    </p>
   </div>
   <div class='ocr_carea' id='block_1_5' title="bbox 261 617 298 654">
    <p class='ocr_par' dir='ltr' id='par_1_5' title="bbox 261 617 298 654">
     <span class='ocr_line' id='line_1_5' title="bbox 261 617 298 654; baseline 0 0"><span class='ocrx_word' id='word_1_24' title='bbox 261 617 298 654; x_wconf 84' lang='lat'>2.</span> 
     </span>
    </p>
   </div>
   <div class='ocr_carea' id='block_1_6' title="bbox 176 671 338 787">
    <p class='ocr_par' dir='ltr' id='par_1_6' title="bbox 176 671 338 787">
     <span class='ocr_line' id='line_1_6' title="bbox 176 671 338 702; baseline -0.007 0"><span class='ocrx_word' id='word_1_25' title='bbox 176 671 338 702; x_wconf 85' lang='lat' dir='ltr'>Hiberna-</span> 
     </span>
     <span class='ocr_line' id='line_1_7' title="bbox 177 714 308 744; baseline 0.008 -1"><span class='ocrx_word' id='word_1_26' title='bbox 177 714 251 743; x_wconf 88' lang='lat' dir='ltr'>cula</span> <span class='ocrx_word' id='word_1_27' title='bbox 266 714 308 744; x_wconf 87' lang='lat' dir='ltr'>ad</span> 
     </span>
     <span class='ocr_line' id='line_1_8' title="bbox 176 755 287 787; baseline 0.009 -1"><span class='ocrx_word' id='word_1_28' title='bbox 176 755 287 787; x_wconf 88' lang='lat' dir='ltr'>Veios.</span> 
     </span>
    </p>
   </div>
   <div class='ocr_carea' id='block_1_7' title="bbox 177 960 334 1034">
    <p class='ocr_par' dir='ltr' id='par_1_7' title="bbox 177 960 334 1032">
     <span class='ocr_line' id='line_1_9' title="bbox 177 960 334 991; baseline -0.013 0"><span class='ocrx_word' id='word_1_29' title='bbox 177 960 334 991; x_wconf 84' lang='lat' dir='ltr'>Tribuno-</span> 
     </span>
     <span class='ocr_line' id='line_1_10' title="bbox 177 1002 317 1034; baseline 0 -2"><span class='ocrx_word' id='word_1_30' title='bbox 177 1013 248 1032; x_wconf 87' lang='lat' dir='ltr'>rum</span> <span class='ocrx_word' id='word_1_31' title='bbox 268 1002 317 1034; x_wconf 87' lang='lat' dir='ltr'>Pl.</span> 
     </span>
    </p>
   </div>
   <div class='ocr_carea' id='block_1_8' title="bbox 176 1044 409 1086">
    <p class='ocr_par' dir='ltr' id='par_1_8' title="bbox 176 1044 409 1086">
     <span class='ocr_line' id='line_1_11' title="bbox 176 1044 409 1086; baseline 0.004 -13"><span class='ocrx_word' id='word_1_32' title='bbox 176 1045 326 1083; x_wconf 81' lang='lat' dir='ltr'>querelae</span> <span class='ocrx_word' id='word_1_33' title='bbox 342 1044 382 1075; x_wconf 90' lang='lat' dir='ltr'>de</span> <span class='ocrx_word' id='word_1_34' title='bbox 397 1067 409 1086; x_wconf 49' lang='grc' dir='ltr'><em>ς</em></span> 
     </span>
    </p>
   </div>
   <div class='ocr_carea' id='block_1_9' title="bbox 177 1086 324 1160">
    <p class='ocr_par' dir='ltr' id='par_1_9' title="bbox 177 1086 324 1160">
     <span class='ocr_line' id='line_1_12' title="bbox 177 1086 324 1117; baseline 0.007 -1"><span class='ocrx_word' id='word_1_35' title='bbox 177 1086 324 1117; x_wconf 86' lang='lat' dir='ltr'>hiberna-</span> 
     </span>
     <span class='ocr_line' id='line_1_13' title="bbox 177 1129 267 1160; baseline 0.011 -1"><span class='ocrx_word' id='word_1_36' title='bbox 177 1129 267 1160; x_wconf 88' lang='lat' dir='ltr'>culis.</span> 
     </span>
    </p>
   </div>
   <div class='ocr_carea' id='block_1_10' title="bbox 391 359 1824 2426">
    <p class='ocr_par' dir='ltr' id='par_1_10' title="bbox 393 359 1823 594">
     <span class='ocr_line' id='line_1_14' title="bbox 393 359 1791 438; baseline -0.002 -15"><span class='ocrx_word' id='word_1_37' title='bbox 393 383 452 423; x_wconf 87' lang='lat' dir='ltr'>ita</span> <span class='ocrx_word' id='word_1_38' title='bbox 491 383 751 432; x_wconf 87' lang='lat' dir='ltr'>muniebant,</span> <span class='ocrx_word' id='word_1_39' title='bbox 793 391 841 423; x_wconf 90' lang='lat' dir='ltr'>ut</span> <span class='ocrx_word' id='word_1_40' title='bbox 880 382 1080 438; x_wconf 85' lang='lat' dir='ltr'>ancipitia</span> <span class='ocrx_word' id='word_1_41' title='bbox 1119 359 1407 423; x_wconf 64' lang='lat' dir='ltr'>munimentaD</span> <span class='ocrx_word' id='word_1_42' title='bbox 1423 390 1586 423; x_wconf 86' lang='lat' dir='ltr'>essent·</span> <span class='ocrx_word' id='word_1_43' title='bbox 1631 381 1711 422; x_wconf 86' lang='lat' dir='ltr'>alia</span> <span class='ocrx_word' id='word_1_44' title='bbox 1745 380 1791 420; x_wconf 88' lang='lat' dir='ltr'>in</span> 
     </span>
     <span class='ocr_line' id='line_1_15' title="bbox 394 438 1823 495; baseline -0.002 -15"><span class='ocrx_word' id='word_1_45' title='bbox 394 439 542 480; x_wconf 91' lang='lat' dir='ltr'>urbem</span> <span class='ocrx_word' id='word_1_46' title='bbox 570 448 613 480; x_wconf 90' lang='lat' dir='ltr'>et</span> <span class='ocrx_word' id='word_1_47' title='bbox 634 448 778 481; x_wconf 90' lang='lat' dir='ltr'>contra</span> <span class='ocrx_word' id='word_1_48' title='bbox 799 440 1105 495; x_wconf 86' lang='lat' dir='ltr'>oppidanorum</span> <span class='ocrx_word' id='word_1_49' title='bbox 1129 439 1370 495; x_wconf 82' lang='lat' dir='ltr'>emptiones</span> <span class='ocrx_word' id='word_1_50' title='bbox 1390 454 1532 480; x_wconf 86' lang='lat' dir='ltr'>versa:</span> <span class='ocrx_word' id='word_1_51' title='bbox 1567 438 1670 479; x_wconf 88' lang='lat' dir='ltr'>aliis</span> <span class='ocrx_word' id='word_1_52' title='bbox 1676 438 1823 485; x_wconf 88' lang='lat' dir='ltr'>frons4</span> 
     </span>
     <span class='ocr_line' id='line_1_16' title="bbox 393 495 1789 552; baseline -0.001 -16"><span class='ocrx_word' id='word_1_53' title='bbox 393 497 439 536; x_wconf 89' lang='lat' dir='ltr'>in</span> <span class='ocrx_word' id='word_1_54' title='bbox 468 496 681 537; x_wconf 87' lang='lat' dir='ltr'>Etruriam</span> <span class='ocrx_word' id='word_1_55' title='bbox 706 504 898 552; x_wconf 90' lang='lat' dir='ltr'>spectans</span> <span class='ocrx_word' id='word_1_56' title='bbox 929 495 1107 545; x_wconf 84' lang='lat' dir='ltr'>auxiliis,</span> <span class='ocrx_word' id='word_1_57' title='bbox 1136 496 1170 536; x_wconf 90' lang='lat' dir='ltr'>si</span> <span class='ocrx_word' id='word_1_58' title='bbox 1201 511 1285 550; x_wconf 88' lang='lat' dir='ltr'>qua</span> <span class='ocrx_word' id='word_1_59' title='bbox 1314 496 1419 537; x_wconf 92' lang='lat' dir='ltr'>forte</span> <span class='ocrx_word' id='word_1_60' title='bbox 1450 495 1551 536; x_wconf 91' lang='lat' dir='ltr'>inde</span> <span class='ocrx_word' id='word_1_61' title='bbox 1582 495 1789 543; x_wconf 86' lang='lat' dir='ltr'>venirent,</span> 
     </span>
     <span class='ocr_line' id='line_1_17' title="bbox 394 554 698 594; baseline 0 0"><span class='ocrx_word' id='word_1_62' title='bbox 394 554 698 594; x_wconf 84' lang='lat' dir='ltr'>obstruebatur.</span> 
     </span>
    </p>

    <p class='ocr_par' dir='ltr' id='par_1_11' title="bbox 395 608 1824 1288">
     <span class='ocr_line' id='line_1_18' title="bbox 455 608 1789 675; baseline -0.001 -25"><span class='ocrx_word' id='word_1_63' title='bbox 455 610 602 675; x_wconf 82' lang='lat' dir='ltr'>Quum</span> <span class='ocrx_word' id='word_1_64' title='bbox 632 625 724 665; x_wconf 88' lang='lat' dir='ltr'>spes</span> <span class='ocrx_word' id='word_1_65' title='bbox 756 609 888 649; x_wconf 89' lang='lat' dir='ltr'>maior</span> <span class='ocrx_word' id='word_1_66' title='bbox 912 608 1232 663; x_wconf 85' lang='lat' dir='ltr'>imperatoribus</span> <span class='ocrx_word' id='word_1_67' title='bbox 1265 608 1500 649; x_wconf 85' lang='lat' dir='ltr'>Romanis</span> <span class='ocrx_word' id='word_1_68' title='bbox 1490 624 1535 649; x_wconf 90' lang='lat' dir='ltr'>m</span> <span class='ocrx_word' id='word_1_69' title='bbox 1556 608 1789 657; x_wconf 83' lang='lat' dir='ltr'>obsidione,</span> 
     </span>
     <span class='ocr_line' id='line_1_19' title="bbox 395 664 1792 722; baseline -0.001 -15"><span class='ocrx_word' id='word_1_70' title='bbox 395 682 522 722; x_wconf 89' lang='lat' dir='ltr'>quam</span> <span class='ocrx_word' id='word_1_71' title='bbox 543 667 588 706; x_wconf 88' lang='lat' dir='ltr'>in</span> <span class='ocrx_word' id='word_1_72' title='bbox 613 665 941 722; x_wconf 81' lang='lat' dir='ltr'>oppugnatione,</span> <span class='ocrx_word' id='word_1_73' title='bbox 964 673 1098 713; x_wconf 83' lang='lat' dir='ltr'>esset3</span> <span class='ocrx_word' id='word_1_74' title='bbox 1131 664 1404 705; x_wconf 78' lang='lat' dir='ltr'>hibernacula</span> <span class='ocrx_word' id='word_1_75' title='bbox 1432 666 1570 714; x_wconf 88' lang='lat' dir='ltr'>etiam,</span> <span class='ocrx_word' id='word_1_76' title='bbox 1593 680 1658 706; x_wconf 89' lang='lat' dir='ltr'>res</span> <span class='ocrx_word' id='word_1_77' title='bbox 1683 679 1792 705; x_wconf 85' lang='lat' dir='ltr'>nova</span> 
     </span>
     <span class='ocr_line' id='line_1_20' title="bbox 395 721 1821 777; baseline -0.001 -14"><span class='ocrx_word' id='word_1_78' title='bbox 395 723 519 763; x_wconf 86' lang='lat' dir='ltr'>militi</span> <span class='ocrx_word' id='word_1_79' title='bbox 548 723 756 771; x_wconf 87' lang='lat' dir='ltr'>Romano,</span> <span class='ocrx_word' id='word_1_80' title='bbox 789 721 1000 762; x_wconf 86' lang='lat' dir='ltr'>aedificari</span> <span class='ocrx_word' id='word_1_81' title='bbox 1027 730 1198 776; x_wconf 85' lang='lat' dir='ltr'>coepta:</span> <span class='ocrx_word' id='word_1_82' title='bbox 1233 721 1537 777; x_wconf 85' lang='lat' dir='ltr'>consiliumque</span> <span class='ocrx_word' id='word_1_83' title='bbox 1569 730 1668 771; x_wconf 88' lang='lat' dir='ltr'>erat,</span> <span class='ocrx_word' id='word_1_84' title='bbox 1700 721 1821 767; x_wconf 92' lang='lat' dir='ltr'>hie-5</span> 
     </span>
     <span class='ocr_line' id='line_1_21' title="bbox 395 777 1790 834; baseline 0 -15"><span class='ocrx_word' id='word_1_85' title='bbox 395 779 550 820; x_wconf 89' lang='lat' dir='ltr'>mando</span> <span class='ocrx_word' id='word_1_86' title='bbox 566 779 812 820; x_wconf 90' lang='lat' dir='ltr'>continuare</span> <span class='ocrx_word' id='word_1_87' title='bbox 826 777 995 819; x_wconf 86' lang='lat' dir='ltr'>bellurn.</span> <span class='ocrx_word' id='word_1_88' title='bbox 1063 777 1192 825; x_wconf 81' lang='lat' dir='ltr'>Quod</span> <span class='ocrx_word' id='word_1_89' title='bbox 1207 786 1430 833; x_wconf 87' lang='lat' dir='ltr'>postquam</span> <span class='ocrx_word' id='word_1_90' title='bbox 1444 778 1622 819; x_wconf 88' lang='lat' dir='ltr'>tribunis</span> <span class='ocrx_word' id='word_1_91' title='bbox 1642 778 1790 834; x_wconf 89' lang='lat' dir='ltr'>plebis,</span> 
     </span>
     <span class='ocr_line' id='line_1_22' title="bbox 395 834 1792 884; baseline 0 -9"><span class='ocrx_word' id='word_1_92' title='bbox 395 836 478 876; x_wconf 90' lang='lat' dir='ltr'>iam</span> <span class='ocrx_word' id='word_1_93' title='bbox 500 836 574 876; x_wconf 88' lang='lat' dir='ltr'>diu</span> <span class='ocrx_word' id='word_1_94' title='bbox 594 835 754 876; x_wconf 89' lang='lat' dir='ltr'>nullam</span> <span class='ocrx_word' id='word_1_95' title='bbox 775 834 960 875; x_wconf 85' lang='lat' dir='ltr'>novandi</span> <span class='ocrx_word' id='word_1_96' title='bbox 980 849 1046 875; x_wconf 89' lang='lat' dir='ltr'>res</span> <span class='ocrx_word' id='word_1_97' title='bbox 1071 849 1238 875; x_wconf 87' lang='lat' dir='ltr'>causam</span> <span class='ocrx_word' id='word_1_98' title='bbox 1259 834 1585 884; x_wconf 86' lang='lat' dir='ltr'>invenientibus,</span> <span class='ocrx_word' id='word_1_99' title='bbox 1610 834 1792 876; x_wconf 84' lang='lat' dir='ltr'>Romam</span> 
     </span>
     <span class='ocr_line' id='line_1_23' title="bbox 396 890 1793 946; baseline -0.001 -14"><span class='ocrx_word' id='word_1_100' title='bbox 396 900 459 932; x_wconf 91' lang='lat' dir='ltr'>est</span> <span class='ocrx_word' id='word_1_101' title='bbox 486 892 671 941; x_wconf 88' lang='lat' dir='ltr'>allatum,</span> <span class='ocrx_word' id='word_1_102' title='bbox 693 892 738 932; x_wconf 89' lang='lat' dir='ltr'>in</span> <span class='ocrx_word' id='word_1_103' title='bbox 763 891 1010 932; x_wconf 89' lang='lat' dir='ltr'>concionem</span> <span class='ocrx_word' id='word_1_104' title='bbox 1038 890 1273 946; x_wconf 88' lang='lat' dir='ltr'>prosiliunt,</span> <span class='ocrx_word' id='word_1_105' title='bbox 1295 891 1521 932; x_wconf 86' lang='lat' dir='ltr'>sollicitant</span> <span class='ocrx_word' id='word_1_106' title='bbox 1547 891 1682 946; x_wconf 89' lang='lat' dir='ltr'>plebis</span> <span class='ocrx_word' id='word_1_107' title='bbox 1702 891 1793 932; x_wconf 82' lang='lat' dir='ltr'>ani-</span> 
     </span>
     <span class='ocr_line' id='line_1_24' title="bbox 396 948 1824 1003; baseline -0.001 -14"><span class='ocrx_word' id='word_1_108' title='bbox 396 963 498 998; x_wconf 89' lang='lat' dir='ltr'>mos,</span> <span class='ocrx_word' id='word_1_109' title='bbox 523 955 534 972; x_wconf 88' lang='lat'>‘</span> <span class='ocrx_word' id='word_1_110' title='bbox 549 948 645 989; x_wconf 91' lang='lat' dir='ltr'>Hoc</span> <span class='ocrx_word' id='word_1_111' title='bbox 666 948 772 989; x_wconf 91' lang='lat' dir='ltr'>illud</span> <span class='ocrx_word' id='word_1_112' title='bbox 797 963 884 989; x_wconf 91' lang='lat' dir='ltr'>esse</span> <span class='ocrx_word' id='word_1_113' title='bbox 893 948 1176 997; x_wconf 82' lang='lat' dir='ltr'>’dictitantes,</span> <span class='ocrx_word' id='word_1_114' title='bbox 1202 948 1342 1003; x_wconf 90' lang='lat' dir='ltr'>‘quod</span> <span class='ocrx_word' id='word_1_115' title='bbox 1370 963 1466 988; x_wconf 87' lang='lat' dir='ltr'>aera</span> <span class='ocrx_word' id='word_1_116' title='bbox 1485 948 1689 989; x_wconf 89' lang='lat' dir='ltr'>militibus</span> <span class='ocrx_word' id='word_1_117' title='bbox 1709 948 1824 993; x_wconf 88' lang='lat' dir='ltr'>sint6</span> 
     </span>
     <span class='ocr_line' id='line_1_25' title="bbox 398 1004 1793 1053; baseline -0.001 -7"><span class='ocrx_word' id='word_1_118' title='bbox 398 1010 410 1029; x_wconf 97' lang='lat'>‘</span> <span class='ocrx_word' id='word_1_119' title='bbox 425 1006 675 1047; x_wconf 87' lang='lat' dir='ltr'>constituta:</span> <span class='ocrx_word' id='word_1_120' title='bbox 709 1020 788 1046; x_wconf 91' lang='lat' dir='ltr'>nec</span> <span class='ocrx_word' id='word_1_121' title='bbox 809 1020 851 1046; x_wconf 90' lang='lat' dir='ltr'>se</span> <span class='ocrx_word' id='word_1_122' title='bbox 873 1004 1079 1053; x_wconf 85' lang='lat' dir='ltr'>fefellisse,</span> <span class='ocrx_word' id='word_1_123' title='bbox 1102 1004 1147 1045; x_wconf 92' lang='lat' dir='ltr'>id</span> <span class='ocrx_word' id='word_1_124' title='bbox 1168 1004 1351 1045; x_wconf 91' lang='lat' dir='ltr'>donum</span> <span class='ocrx_word' id='word_1_125' title='bbox 1341 1005 1608 1046; x_wconf 87' lang='lat' dir='ltr'>mimicorum</span> <span class='ocrx_word' id='word_1_126' title='bbox 1628 1019 1793 1046; x_wconf 90' lang='lat' dir='ltr'>veneno</span> 
     </span>
     <span class='ocr_line' id='line_1_26' title="bbox 424 1061 1824 1118; baseline -0.001 -15"><span class='ocrx_word' id='word_1_127' title='bbox 424 1063 579 1103; x_wconf 90' lang='lat' dir='ltr'>illitum</span> <span class='ocrx_word' id='word_1_128' title='bbox 599 1063 698 1103; x_wconf 86' lang='lat' dir='ltr'>fore.</span> <span class='ocrx_word' id='word_1_129' title='bbox 763 1062 941 1104; x_wconf 86' lang='lat' dir='ltr'>Venisse</span> <span class='ocrx_word' id='word_1_130' title='bbox 955 1061 1193 1102; x_wconf 87' lang='lat' dir='ltr'>libertatem</span> <span class='ocrx_word' id='word_1_131' title='bbox 1214 1061 1373 1117; x_wconf 85' lang='lat' dir='ltr'>plebis:</span> <span class='ocrx_word' id='word_1_132' title='bbox 1407 1070 1612 1103; x_wconf 89' lang='lat' dir='ltr'>remotam</span> <span class='ocrx_word' id='word_1_133' title='bbox 1632 1062 1678 1102; x_wconf 92' lang='lat' dir='ltr'>in</span> <span class='ocrx_word' id='word_1_134' title='bbox 1697 1073 1824 1118; x_wconf 91' lang='lat' dir='ltr'>per-7</span> 
     </span>
     <span class='ocr_line' id='line_1_27' title="bbox 397 1118 1790 1175; baseline -0.001 -14.982"><span class='ocrx_word' id='word_1_135' title='bbox 397 1125 598 1175; x_wconf 90' lang='lat' dir='ltr'>‘petuum</span> <span class='ocrx_word' id='word_1_136' title='bbox 620 1128 662 1160; x_wconf 91' lang='lat' dir='ltr'>et</span> <span class='ocrx_word' id='word_1_137' title='bbox 684 1119 918 1175; x_wconf 82' lang='lat' dir='ltr'>ablegatam</span> <span class='ocrx_word' id='word_1_138' title='bbox 939 1119 990 1159; x_wconf 88' lang='lat' dir='ltr'>ab</span> <span class='ocrx_word' id='word_1_139' title='bbox 1013 1119 1115 1159; x_wconf 89' lang='lat' dir='ltr'>urbe</span> <span class='ocrx_word' id='word_1_140' title='bbox 1142 1126 1184 1159; x_wconf 93' lang='lat' dir='ltr'>et</span> <span class='ocrx_word' id='word_1_141' title='bbox 1206 1119 1257 1159; x_wconf 82' lang='lat' dir='ltr'>ab</span> <span class='ocrx_word' id='word_1_142' title='bbox 1278 1118 1494 1174; x_wconf 86' lang='lat' dir='ltr'>republica</span> <span class='ocrx_word' id='word_1_143' title='bbox 1513 1119 1790 1168; x_wconf 89' lang='lat' dir='ltr'>iuventutem,</span> 
     </span>
     <span class='ocr_line' id='line_1_28' title="bbox 397 1175 1792 1232; baseline -0.001 -15"><span class='ocrx_word' id='word_1_144' title='bbox 397 1177 507 1218; x_wconf 87' lang='lat' dir='ltr'>‘iam</span> <span class='ocrx_word' id='word_1_145' title='bbox 532 1192 586 1217; x_wconf 91' lang='lat' dir='ltr'>ne</span> <span class='ocrx_word' id='word_1_146' title='bbox 615 1176 745 1217; x_wconf 92' lang='lat' dir='ltr'>hiemi</span> <span class='ocrx_word' id='word_1_147' title='bbox 767 1176 941 1232; x_wconf 91' lang='lat' dir='ltr'>quidem</span> <span class='ocrx_word' id='word_1_148' title='bbox 963 1184 1035 1216; x_wconf 89' lang='lat' dir='ltr'>aut</span> <span class='ocrx_word' id='word_1_149' title='bbox 1063 1175 1241 1231; x_wconf 90' lang='lat' dir='ltr'>tempori</span> <span class='ocrx_word' id='word_1_150' title='bbox 1263 1175 1364 1215; x_wconf 87' lang='lat' dir='ltr'>anni</span> <span class='ocrx_word' id='word_1_151' title='bbox 1391 1175 1554 1225; x_wconf 88' lang='lat' dir='ltr'>cedere,</span> <span class='ocrx_word' id='word_1_152' title='bbox 1577 1191 1624 1217; x_wconf 89' lang='lat' dir='ltr'>ac</span> <span class='ocrx_word' id='word_1_153' title='bbox 1645 1175 1792 1216; x_wconf 90' lang='lat' dir='ltr'>domos</span> 
     </span>
     <span class='ocr_line' id='line_1_29' title="bbox 397 1232 1791 1288; baseline -0.001 -13"><span class='ocrx_word' id='word_1_154' title='bbox 397 1239 464 1275; x_wconf 86' lang='lat' dir='ltr'>‘et</span> <span class='ocrx_word' id='word_1_155' title='bbox 484 1249 550 1275; x_wconf 92' lang='lat' dir='ltr'>res</span> <span class='ocrx_word' id='word_1_156' title='bbox 570 1233 749 1275; x_wconf 84' lang='lat' dir='ltr'>invisere</span> <span class='ocrx_word' id='word_1_157' title='bbox 771 1248 877 1274; x_wconf 84' lang='lat' dir='ltr'>suas.</span> <span class='ocrx_word' id='word_1_158' title='bbox 945 1232 1085 1280; x_wconf 79' lang='lat' dir='ltr'>Quam</span> <span class='ocrx_word' id='word_1_159' title='bbox 1106 1240 1306 1288; x_wconf 89' lang='lat' dir='ltr'>putarent</span> <span class='ocrx_word' id='word_1_160' title='bbox 1328 1232 1596 1273; x_wconf 89' lang='lat' dir='ltr'>continuatae</span> <span class='ocrx_word' id='word_1_161' title='bbox 1619 1232 1791 1273; x_wconf 88' lang='lat' dir='ltr'>militiae</span> 
     </span>
    </p>

    <p class='ocr_par' dir='ltr' id='par_1_12' title="bbox 391 1289 1824 2426">
     <span class='ocr_line' id='line_1_30' title="bbox 396 1289 1791 1353; baseline -0.002 -20.941"><span class='ocrx_word' id='word_1_162' title='bbox 396 1296 591 1332; x_wconf 88' lang='lat' dir='ltr'>‘causam</span> <span class='ocrx_word' id='word_1_163' title='bbox 612 1291 731 1332; x_wconf 84' lang='lat' dir='ltr'>esse?</span> <span class='ocrx_word' id='word_1_164' title='bbox 762 1290 922 1331; x_wconf 90' lang='lat' dir='ltr'>nullam</span> <span class='ocrx_word' id='word_1_165' title='bbox 946 1290 1134 1345; x_wconf 87' lang='lat' dir='ltr'>profecto</span> <span class='ocrx_word' id='word_1_166' title='bbox 1156 1289 1281 1329; x_wconf 89' lang='lat' dir='ltr'>aliam</span> <span class='ocrx_word' id='word_1_167' title='bbox 1309 1289 1566 1338; x_wconf 85' lang='lat' dir='ltr'>inventuros,</span> <span class='ocrx_word' id='word_1_168' title='bbox 1590 1304 1722 1353; x_wconf 74' lang='lat' dir='ltr'>quam</span> <span class='ocrx_word' id='word_1_169' title='bbox 1737 1304 1791 1329; x_wconf 90' lang='lat' dir='ltr'>ne</span> 
     </span>
     <span class='ocr_line' id='line_1_31' title="bbox 396 1346 1793 1404; baseline -0.002 -14.945"><span class='ocrx_word' id='word_1_170' title='bbox 396 1348 526 1404; x_wconf 91' lang='lat' dir='ltr'>‘quid</span> <span class='ocrx_word' id='word_1_171' title='bbox 561 1363 636 1404; x_wconf 90' lang='lat' dir='ltr'>per</span> <span class='ocrx_word' id='word_1_172' title='bbox 666 1347 949 1403; x_wconf 87' lang='lat' dir='ltr'>frequentiam</span> <span class='ocrx_word' id='word_1_173' title='bbox 981 1346 1183 1387; x_wconf 83' lang='lat' dir='ltr'>iuvenum</span> <span class='ocrx_word' id='word_1_174' title='bbox 1219 1360 1377 1395; x_wconf 88' lang='lat' dir='ltr'>e01um,</span> <span class='ocrx_word' id='word_1_175' title='bbox 1412 1346 1457 1386; x_wconf 91' lang='lat' dir='ltr'>in</span> <span class='ocrx_word' id='word_1_176' title='bbox 1493 1346 1646 1401; x_wconf 91' lang='lat' dir='ltr'>quibus</span> <span class='ocrx_word' id='word_1_177' title='bbox 1684 1361 1793 1387; x_wconf 85' lang='lat' dir='ltr'>vires</span> 
     </span>
     <span class='ocr_line' id='line_1_32' title="bbox 397 1403 1789 1460; baseline -0.001 -15"><span class='ocrx_word' id='word_1_178' title='bbox 397 1411 567 1446; x_wconf 88' lang='lat' dir='ltr'>‘omnes</span> <span class='ocrx_word' id='word_1_179' title='bbox 612 1404 748 1460; x_wconf 87' lang='lat' dir='ltr'>plebis</span> <span class='ocrx_word' id='word_1_180' title='bbox 788 1412 938 1453; x_wconf 86' lang='lat' dir='ltr'>essent,</span> <span class='ocrx_word' id='word_1_181' title='bbox 981 1404 1048 1459; x_wconf 83' lang='lat' dir='ltr'>agi</span> <span class='ocrx_word' id='word_1_182' title='bbox 1089 1403 1142 1444; x_wconf 91' lang='lat' dir='ltr'>de</span> <span class='ocrx_word' id='word_1_183' title='bbox 1183 1403 1414 1444; x_wconf 91' lang='lat' dir='ltr'>commodis</span> <span class='ocrx_word' id='word_1_184' title='bbox 1454 1418 1600 1444; x_wconf 88' lang='lat' dir='ltr'>eorum</span> <span class='ocrx_word' id='word_1_185' title='bbox 1640 1411 1789 1459; x_wconf 89' lang='lat' dir='ltr'>posset.</span> 
     </span>
     <span class='ocr_line' id='line_1_33' title="bbox 397 1459 1789 1517; baseline -0.001 -15"><span class='ocrx_word' id='word_1_186' title='bbox 397 1467 409 1485; x_wconf 92' lang='lat'>‘</span> <span class='ocrx_word' id='word_1_187' title='bbox 424 1461 584 1502; x_wconf 81' lang='lat' dir='ltr'>Vexari</span> <span class='ocrx_word' id='word_1_188' title='bbox 610 1470 828 1517; x_wconf 88' lang='lat' dir='ltr'>praeterea</span> <span class='ocrx_word' id='word_1_189' title='bbox 848 1470 891 1502; x_wconf 90' lang='lat' dir='ltr'>et</span> <span class='ocrx_word' id='word_1_190' title='bbox 911 1461 1048 1516; x_wconf 80' lang='lat' dir='ltr'>subigi</span> <span class='ocrx_word' id='word_1_191' title='bbox 1079 1459 1213 1501; x_wconf 91' lang='lat' dir='ltr'>multo</span> <span class='ocrx_word' id='word_1_192' title='bbox 1234 1460 1381 1510; x_wconf 88' lang='lat' dir='ltr'>acrius,</span> <span class='ocrx_word' id='word_1_193' title='bbox 1405 1475 1532 1516; x_wconf 90' lang='lat' dir='ltr'>quam</span> <span class='ocrx_word' id='word_1_194' title='bbox 1561 1460 1789 1503; x_wconf 86' lang='lat' dir='ltr'>Veientes.</span> 
     </span>
     <span class='ocr_line' id='line_1_34' title="bbox 397 1517 1792 1582; baseline -0.001 -22.959"><span class='ocrx_word' id='word_1_195' title='bbox 397 1519 583 1582; x_wconf 80' lang='lat' dir='ltr'>‘quippe</span> <span class='ocrx_word' id='word_1_196' title='bbox 605 1518 697 1558; x_wconf 90' lang='lat' dir='ltr'>illos</span> <span class='ocrx_word' id='word_1_197' title='bbox 718 1518 902 1559; x_wconf 89' lang='lat' dir='ltr'>hiemem</span> <span class='ocrx_word' id='word_1_198' title='bbox 928 1518 1004 1558; x_wconf 89' lang='lat' dir='ltr'>sub</span> <span class='ocrx_word' id='word_1_199' title='bbox 1033 1517 1154 1558; x_wconf 86' lang='lat' dir='ltr'>tectis</span> <span class='ocrx_word' id='word_1_200' title='bbox 1179 1517 1263 1558; x_wconf 87' lang='lat' dir='ltr'>suis</span> <span class='ocrx_word' id='word_1_201' title='bbox 1291 1532 1427 1572; x_wconf 84' lang='lat' dir='ltr'>agere,</span> <span class='ocrx_word' id='word_1_202' title='bbox 1458 1517 1637 1573; x_wconf 82' lang='lat' dir='ltr'>egregiis</span> <span class='ocrx_word' id='word_1_203' title='bbox 1661 1517 1792 1558; x_wconf 90' lang='lat' dir='ltr'>muris</span> 
     </span>
     <span class='ocr_line' id='line_1_35' title="bbox 398 1574 1793 1630; baseline -0.001 -15"><span class='ocrx_word' id='word_1_204' title='bbox 398 1575 592 1630; x_wconf 89' lang='lat' dir='ltr'>‘situque</span> <span class='ocrx_word' id='word_1_205' title='bbox 624 1574 806 1615; x_wconf 86' lang='lat' dir='ltr'>naturali</span> <span class='ocrx_word' id='word_1_206' title='bbox 836 1576 984 1615; x_wconf 91' lang='lat' dir='ltr'>urbem</span> <span class='ocrx_word' id='word_1_207' title='bbox 1017 1583 1223 1623; x_wconf 85' lang='lat' dir='ltr'>tutantes3</span> <span class='ocrx_word' id='word_1_208' title='bbox 1256 1574 1434 1614; x_wconf 87' lang='lat' dir='ltr'>militem</span> <span class='ocrx_word' id='word_1_209' title='bbox 1471 1574 1714 1616; x_wconf 86' lang='lat' dir='ltr'>Romanum</span> <span class='ocrx_word' id='word_1_210' title='bbox 1747 1574 1793 1614; x_wconf 90' lang='lat' dir='ltr'>in</span> 
     </span>
     <span class='ocr_line' id='line_1_36' title="bbox 397 1631 1824 1687; baseline -0.001 -14"><span class='ocrx_word' id='word_1_211' title='bbox 397 1637 548 1687; x_wconf 90' lang='lat' dir='ltr'>‘opere</span> <span class='ocrx_word' id='word_1_212' title='bbox 571 1646 618 1672; x_wconf 89' lang='lat' dir='ltr'>ac</span> <span class='ocrx_word' id='word_1_213' title='bbox 646 1631 799 1680; x_wconf 87' lang='lat' dir='ltr'>labore,</span> <span class='ocrx_word' id='word_1_214' title='bbox 822 1631 989 1671; x_wconf 87' lang='lat' dir='ltr'>nivibus</span> <span class='ocrx_word' id='word_1_215' title='bbox 1008 1631 1255 1686; x_wconf 89' lang='lat' dir='ltr'>pruinisque</span> <span class='ocrx_word' id='word_1_216' title='bbox 1281 1631 1493 1680; x_wconf 91' lang='lat' dir='ltr'>obrutum,</span> <span class='ocrx_word' id='word_1_217' title='bbox 1515 1631 1592 1672; x_wconf 92' lang='lat' dir='ltr'>sub</span> <span class='ocrx_word' id='word_1_218' title='bbox 1612 1631 1824 1687; x_wconf 87' lang='lat' dir='ltr'>pellibus8</span> 
     </span>
     <span class='ocr_line' id='line_1_37' title="bbox 398 1687 1793 1743; baseline -0.001 -14"><span class='ocrx_word' id='word_1_219' title='bbox 398 1688 587 1738; x_wconf 91' lang='lat' dir='ltr'>‘durare,</span> <span class='ocrx_word' id='word_1_220' title='bbox 623 1703 677 1728; x_wconf 92' lang='lat' dir='ltr'>ne</span> <span class='ocrx_word' id='word_1_221' title='bbox 713 1688 863 1728; x_wconf 90' lang='lat' dir='ltr'>hiemis</span> <span class='ocrx_word' id='word_1_222' title='bbox 899 1687 1073 1742; x_wconf 91' lang='lat' dir='ltr'>quidem</span> <span class='ocrx_word' id='word_1_223' title='bbox 1109 1688 1255 1742; x_wconf 88' lang='lat' dir='ltr'>spatio,</span> <span class='ocrx_word' id='word_1_224' title='bbox 1290 1703 1398 1743; x_wconf 90' lang='lat' dir='ltr'>quae</span> <span class='ocrx_word' id='word_1_225' title='bbox 1435 1688 1625 1728; x_wconf 89' lang='lat' dir='ltr'>omnium</span> <span class='ocrx_word' id='word_1_226' title='bbox 1660 1687 1793 1729; x_wconf 91' lang='lat' dir='ltr'>bello-</span> 
     </span>
     <span class='ocr_line' id='line_1_38' title="bbox 398 1743 1790 1799; baseline -0.001 -13"><span class='ocrx_word' id='word_1_227' title='bbox 398 1751 518 1786; x_wconf 89' lang='lat' dir='ltr'>‘rum</span> <span class='ocrx_word' id='word_1_228' title='bbox 559 1754 670 1786; x_wconf 88' lang='lat' dir='ltr'>terra</span> <span class='ocrx_word' id='word_1_229' title='bbox 708 1745 898 1799; x_wconf 86' lang='lat' dir='ltr'>marique</span> <span class='ocrx_word' id='word_1_230' title='bbox 931 1744 985 1784; x_wconf 88' lang='lat' dir='ltr'>sit</span> <span class='ocrx_word' id='word_1_231' title='bbox 1020 1743 1152 1799; x_wconf 80' lang='lat' dir='ltr'>quieS,</span> <span class='ocrx_word' id='word_1_232' title='bbox 1185 1759 1299 1784; x_wconf 88' lang='lat' dir='ltr'>arma</span> <span class='ocrx_word' id='word_1_233' title='bbox 1331 1744 1628 1799; x_wconf 90' lang='lat' dir='ltr'>deponentem.</span> <span class='ocrx_word' id='word_1_234' title='bbox 1693 1743 1790 1785; x_wconf 92' lang='lat' dir='ltr'>Hoc</span> 
     </span>
     <span class='ocr_line' id='line_1_39' title="bbox 397 1800 1792 1857; baseline -0.001 -14"><span class='ocrx_word' id='word_1_235' title='bbox 397 1807 564 1857; x_wconf 91' lang='lat' dir='ltr'>‘neque</span> <span class='ocrx_word' id='word_1_236' title='bbox 605 1816 738 1857; x_wconf 84' lang='lat' dir='ltr'>reges,</span> <span class='ocrx_word' id='word_1_237' title='bbox 779 1815 919 1856; x_wconf 90' lang='lat' dir='ltr'>neque</span> <span class='ocrx_word' id='word_1_238' title='bbox 960 1808 1057 1841; x_wconf 86' lang='lat' dir='ltr'>ante</span> <span class='ocrx_word' id='word_1_239' title='bbox 1104 1800 1373 1841; x_wconf 89' lang='lat' dir='ltr'>tribuniciam</span> <span class='ocrx_word' id='word_1_240' title='bbox 1412 1809 1663 1856; x_wconf 89' lang='lat' dir='ltr'>potestatem</span> <span class='ocrx_word' id='word_1_241' title='bbox 1703 1816 1792 1842; x_wconf 91' lang='lat' dir='ltr'>cre-</span> 
     </span>
     <span class='ocr_line' id='line_1_40' title="bbox 396 1856 1792 1914; baseline 0 -15"><span class='ocrx_word' id='word_1_242' title='bbox 396 1864 531 1900; x_wconf 88' lang='lat' dir='ltr'>‘atam</span> <span class='ocrx_word' id='word_1_243' title='bbox 553 1859 753 1914; x_wconf 89' lang='lat' dir='ltr'>superbos</span> <span class='ocrx_word' id='word_1_244' title='bbox 781 1857 873 1898; x_wconf 91' lang='lat' dir='ltr'>illos</span> <span class='ocrx_word' id='word_1_245' title='bbox 895 1856 1099 1906; x_wconf 89' lang='lat' dir='ltr'>consules,</span> <span class='ocrx_word' id='word_1_246' title='bbox 1121 1872 1262 1912; x_wconf 90' lang='lat' dir='ltr'>neque</span> <span class='ocrx_word' id='word_1_247' title='bbox 1285 1857 1400 1898; x_wconf 89' lang='lat' dir='ltr'>triste</span> <span class='ocrx_word' id='word_1_248' title='bbox 1423 1857 1668 1898; x_wconf 89' lang='lat' dir='ltr'>dictatoris</span> <span class='ocrx_word' id='word_1_249' title='bbox 1657 1873 1792 1914; x_wconf 84' lang='lat' dir='ltr'>impe-</span> 
     </span>
     <span class='ocr_line' id='line_1_41' title="bbox 396 1914 1789 1970; baseline 0 -14"><span class='ocrx_word' id='word_1_250' title='bbox 396 1916 542 1966; x_wconf 89' lang='lat' dir='ltr'>‘rium,</span> <span class='ocrx_word' id='word_1_251' title='bbox 565 1930 704 1970; x_wconf 92' lang='lat' dir='ltr'>neque</span> <span class='ocrx_word' id='word_1_252' title='bbox 730 1915 992 1970; x_wconf 88' lang='lat' dir='ltr'>importunos</span> <span class='ocrx_word' id='word_1_253' title='bbox 1020 1914 1316 1955; x_wconf 74' lang='lat' dir='ltr'>decemviros</span> <span class='ocrx_word' id='word_1_254' title='bbox 1306 1914 1537 1955; x_wconf 84' lang='lat' dir='ltr'>iniunxisse</span> <span class='ocrx_word' id='word_1_255' title='bbox 1566 1915 1789 1966; x_wconf 88' lang='lat' dir='ltr'>servitutis,</span> 
     </span>
     <span class='ocr_line' id='line_1_42' title="bbox 396 1971 1790 2027; baseline -0.001 -13.98"><span class='ocrx_word' id='word_1_256' title='bbox 396 1978 470 2013; x_wconf 91' lang='lat' dir='ltr'>‘ut</span> <span class='ocrx_word' id='word_1_257' title='bbox 501 1987 732 2027; x_wconf 87' lang='lat' dir='ltr'>perennem</span> <span class='ocrx_word' id='word_1_258' title='bbox 757 1971 949 2011; x_wconf 86' lang='lat' dir='ltr'>militiam</span> <span class='ocrx_word' id='word_1_259' title='bbox 976 1971 1174 2020; x_wconf 86' lang='lat' dir='ltr'>facerent,</span> <span class='ocrx_word' id='word_1_260' title='bbox 1205 1971 1320 2026; x_wconf 92' lang='lat' dir='ltr'>quod</span> <span class='ocrx_word' id='word_1_261' title='bbox 1351 1971 1506 2012; x_wconf 89' lang='lat' dir='ltr'>tribuni</span> <span class='ocrx_word' id='word_1_262' title='bbox 1534 1971 1755 2012; x_wconf 86' lang='lat' dir='ltr'>militum</span> <span class='ocrx_word' id='word_1_263' title='bbox 1744 1987 1790 2012; x_wconf 85' lang='lat' dir='ltr'>ln</span> 
     </span>
     <span class='ocr_line' id='line_1_43' title="bbox 396 2027 1791 2084; baseline 0 -15"><span class='ocrx_word' id='word_1_264' title='bbox 396 2035 408 2052; x_wconf 93' lang='lat'>‘</span> <span class='ocrx_word' id='word_1_265' title='bbox 423 2029 545 2084; x_wconf 92' lang='lat' dir='ltr'>plebe</span> <span class='ocrx_word' id='word_1_266' title='bbox 565 2029 759 2069; x_wconf 86' lang='lat' dir='ltr'>Romana</span> <span class='ocrx_word' id='word_1_267' title='bbox 775 2043 953 2083; x_wconf 88' lang='lat' dir='ltr'>regnum</span> <span class='ocrx_word' id='word_1_268' title='bbox 971 2035 1226 2068; x_wconf 72' lang='lat' dir='ltr'>exercerent.</span> <span class='ocrx_word' id='word_1_269' title='bbox 1292 2027 1510 2076; x_wconf 80' lang='lat' dir='ltr'>Quidnam</span> <span class='ocrx_word' id='word_1_270' title='bbox 1523 2028 1585 2068; x_wconf 83' lang='lat' dir='ltr'>illi</span> <span class='ocrx_word' id='word_1_271' title='bbox 1598 2028 1791 2070; x_wconf 87' lang='lat' dir='ltr'>consules</span> 
     </span>
     <span class='ocr_line' id='line_1_44' title="bbox 395 2084 1791 2141; baseline 0.001 -15"><span class='ocrx_word' id='word_1_272' title='bbox 395 2086 695 2126; x_wconf 83' lang='lat' dir='ltr'>‘dictatoresve</span> <span class='ocrx_word' id='word_1_273' title='bbox 720 2085 870 2126; x_wconf 89' lang='lat' dir='ltr'>facturi</span> <span class='ocrx_word' id='word_1_274' title='bbox 906 2092 1057 2133; x_wconf 89' lang='lat' dir='ltr'>essent,</span> <span class='ocrx_word' id='word_1_275' title='bbox 1090 2085 1163 2140; x_wconf 91' lang='lat' dir='ltr'>qui</span> <span class='ocrx_word' id='word_1_276' title='bbox 1193 2084 1532 2140; x_wconf 89' lang='lat' dir='ltr'>proconsularem</span> <span class='ocrx_word' id='word_1_277' title='bbox 1562 2085 1791 2141; x_wconf 89' lang='lat' dir='ltr'>imaginem</span> 
     </span>
     <span class='ocr_line' id='line_1_45' title="bbox 395 2141 1790 2183; baseline 0 0"><span class='ocrx_word' id='word_1_278' title='bbox 395 2147 506 2183; x_wconf 91' lang='lat' dir='ltr'>‘tam</span> <span class='ocrx_word' id='word_1_279' title='bbox 542 2157 707 2183; x_wconf 85' lang='lat' dir='ltr'>saevam</span> <span class='ocrx_word' id='word_1_280' title='bbox 739 2157 787 2182; x_wconf 90' lang='lat' dir='ltr'>ac</span> <span class='ocrx_word' id='word_1_281' title='bbox 819 2151 981 2183; x_wconf 85' lang='lat' dir='ltr'>trucem</span> <span class='ocrx_word' id='word_1_282' title='bbox 1013 2142 1221 2182; x_wconf 82' lang='lat' dir='ltr'>fecerint?</span> <span class='ocrx_word' id='word_1_283' title='bbox 1265 2141 1350 2183; x_wconf 86' lang='lat' dir='ltr'>Sed</span> <span class='ocrx_word' id='word_1_284' title='bbox 1379 2141 1424 2182; x_wconf 92' lang='lat' dir='ltr'>id</span> <span class='ocrx_word' id='word_1_285' title='bbox 1455 2141 1643 2183; x_wconf 87' lang='lat' dir='ltr'>accidere</span> <span class='ocrx_word' id='word_1_286' title='bbox 1674 2142 1790 2183; x_wconf 90' lang='lat' dir='ltr'>haud</span> 
     </span>
     <span class='ocr_line' id='line_1_46' title="bbox 395 2198 1790 2254; baseline -0.001 -14"><span class='ocrx_word' id='word_1_287' title='bbox 395 2205 407 2223; x_wconf 93' lang='lat'>‘</span> <span class='ocrx_word' id='word_1_288' title='bbox 418 2200 641 2240; x_wconf 85' lang='lat' dir='ltr'>immerito.</span> <span class='ocrx_word' id='word_1_289' title='bbox 705 2198 808 2239; x_wconf 92' lang='lat' dir='ltr'>Non</span> <span class='ocrx_word' id='word_1_290' title='bbox 828 2199 953 2239; x_wconf 84' lang='lat' dir='ltr'>fuisse</span> <span class='ocrx_word' id='word_1_291' title='bbox 967 2214 1022 2239; x_wconf 89' lang='lat' dir='ltr'>ne</span> <span class='ocrx_word' id='word_1_292' title='bbox 1039 2199 1083 2238; x_wconf 92' lang='lat' dir='ltr'>in</span> <span class='ocrx_word' id='word_1_293' title='bbox 1105 2207 1200 2239; x_wconf 90' lang='lat' dir='ltr'>octo</span> <span class='ocrx_word' id='word_1_294' title='bbox 1222 2198 1396 2254; x_wconf 89' lang='lat' dir='ltr'>quidem</span> <span class='ocrx_word' id='word_1_295' title='bbox 1414 2199 1591 2240; x_wconf 87' lang='lat' dir='ltr'>tribunis</span> <span class='ocrx_word' id='word_1_296' title='bbox 1608 2199 1790 2240; x_wconf 88' lang='lat' dir='ltr'>militum</span> 
     </span>
     <span class='ocr_line' id='line_1_47' title="bbox 394 2255 1788 2320; baseline 0 -23"><span class='ocrx_word' id='word_1_297' title='bbox 394 2256 561 2297; x_wconf 90' lang='lat' dir='ltr'>‘locum</span> <span class='ocrx_word' id='word_1_298' title='bbox 596 2256 673 2296; x_wconf 93' lang='lat' dir='ltr'>ulli</span> <span class='ocrx_word' id='word_1_299' title='bbox 705 2255 883 2320; x_wconf 77' lang='lat' dir='ltr'>plebeio.</span> <span class='ocrx_word' id='word_1_300' title='bbox 946 2255 1091 2295; x_wconf 90' lang='lat' dir='ltr'>Antea</span> <span class='ocrx_word' id='word_1_301' title='bbox 1123 2255 1233 2296; x_wconf 90' lang='lat' dir='ltr'>trina</span> <span class='ocrx_word' id='word_1_302' title='bbox 1263 2255 1356 2296; x_wconf 89' lang='lat' dir='ltr'>loca</span> <span class='ocrx_word' id='word_1_303' title='bbox 1387 2270 1484 2296; x_wconf 91' lang='lat' dir='ltr'>cum</span> <span class='ocrx_word' id='word_1_304' title='bbox 1516 2256 1788 2297; x_wconf 88' lang='lat' dir='ltr'>contentione</span> 
     </span>
     <span class='ocr_line' id='line_1_48' title="bbox 393 2311 1789 2375; baseline -0.001 -21"><span class='ocrx_word' id='word_1_305' title='bbox 393 2319 581 2354; x_wconf 90' lang='lat' dir='ltr'>‘summa</span> <span class='ocrx_word' id='word_1_306' title='bbox 610 2312 806 2369; x_wconf 87' lang='lat' dir='ltr'>patricios</span> <span class='ocrx_word' id='word_1_307' title='bbox 834 2311 1004 2375; x_wconf 82' lang='lat' dir='ltr'>explere</span> <span class='ocrx_word' id='word_1_308' title='bbox 1033 2311 1198 2352; x_wconf 86' lang='lat' dir='ltr'>solitos:</span> <span class='ocrx_word' id='word_1_309' title='bbox 1232 2327 1346 2352; x_wconf 91' lang='lat' dir='ltr'>nunc</span> <span class='ocrx_word' id='word_1_310' title='bbox 1376 2311 1460 2352; x_wconf 92' lang='lat' dir='ltr'>iam</span> <span class='ocrx_word' id='word_1_311' title='bbox 1490 2312 1705 2367; x_wconf 84' lang='lat' dir='ltr'>octoiuges</span> <span class='ocrx_word' id='word_1_312' title='bbox 1734 2312 1789 2353; x_wconf 90' lang='lat' dir='ltr'>ad</span> 
     </span>
     <span class='ocr_line' id='line_1_49' title="bbox 391 2368 1786 2426; baseline -0.001 -14"><span class='ocrx_word' id='word_1_313' title='bbox 391 2370 593 2426; x_wconf 88' lang='lat' dir='ltr'>‘imperia</span> <span class='ocrx_word' id='word_1_314' title='bbox 622 2368 854 2411; x_wconf 88' lang='lat' dir='ltr'>obtinenda</span> <span class='ocrx_word' id='word_1_315' title='bbox 892 2383 976 2409; x_wconf 81' lang='lat' dir='ltr'>ire:</span> <span class='ocrx_word' id='word_1_316' title='bbox 1020 2376 1063 2409; x_wconf 89' lang='lat' dir='ltr'>et</span> <span class='ocrx_word' id='word_1_317' title='bbox 1092 2383 1145 2409; x_wconf 91' lang='lat' dir='ltr'>ne</span> <span class='ocrx_word' id='word_1_318' title='bbox 1176 2368 1222 2409; x_wconf 90' lang='lat' dir='ltr'>in</span> <span class='ocrx_word' id='word_1_319' title='bbox 1255 2368 1378 2409; x_wconf 90' lang='lat' dir='ltr'>turba</span> <span class='ocrx_word' id='word_1_320' title='bbox 1409 2368 1584 2423; x_wconf 90' lang='lat' dir='ltr'>quidem</span> <span class='ocrx_word' id='word_1_321' title='bbox 1613 2368 1786 2410; x_wconf 89' lang='lat' dir='ltr'>haerere</span> 
     </span>
    </p>
   </div>
   <div class='ocr_carea' id='block_1_11' title="bbox 389 2515 1789 2641">
    <p class='ocr_par' dir='ltr' id='par_1_13' title="bbox 389 2515 1789 2641">
     <span class='ocr_line' id='line_1_50' title="bbox 433 2515 1789 2559; baseline 0.001 -11"><span class='ocrx_word' id='word_1_322' title='bbox 433 2530 452 2557; x_wconf 89' lang='lat'>4</span> <span class='ocrx_word' id='word_1_323' title='bbox 467 2518 570 2556; x_wconf 79' lang='lat' dir='ltr'>Aliis]</span> <span class='ocrx_word' id='word_1_324' title='bbox 591 2518 654 2548; x_wconf 89' lang='lat' dir='ltr'>Per</span> <span class='ocrx_word' id='word_1_325' title='bbox 664 2517 730 2547; x_wconf 86' lang='lat' dir='ltr'>alia</span> <span class='ocrx_word' id='word_1_326' title='bbox 740 2515 954 2547; x_wconf 86' lang='lat' dir='ltr'>munimenta.</span> <span class='ocrx_word' id='word_1_327' title='bbox 988 2515 1065 2547; x_wconf 85' lang='lat' dir='ltr'>Sen-</span> <span class='ocrx_word' id='word_1_328' title='bbox 1111 2515 1180 2547; x_wconf 83' lang='lat' dir='ltr'>cic.</span> <span class='ocrx_word' id='word_1_329' title='bbox 1193 2516 1233 2546; x_wconf 87' lang='lat' dir='ltr'>de</span> <span class='ocrx_word' id='word_1_330' title='bbox 1244 2516 1371 2548; x_wconf 83' lang='lat' dir='ltr'>Senect.</span> <span class='ocrx_word' id='word_1_331' title='bbox 1381 2526 1430 2548; x_wconf 87' lang='lat'>20.</span> <span class='ocrx_word' id='word_1_332' title='bbox 1453 2517 1526 2548; x_wconf 84' lang='lat' dir='ltr'>Hoc</span> <span class='ocrx_word' id='word_1_333' title='bbox 1540 2518 1624 2548; x_wconf 78' lang='lat' dir='ltr'>illud</span> <span class='ocrx_word' id='word_1_334' title='bbox 1636 2522 1693 2556; x_wconf 81' lang='lat' dir='ltr'>est,</span> <span class='ocrx_word' id='word_1_335' title='bbox 1704 2520 1789 2559; x_wconf 82' lang='lat' dir='ltr'>quod</span> 
     </span>
     <span class='ocr_line' id='line_1_51' title="bbox 389 2558 1786 2601; baseline -0.001 -9"><span class='ocrx_word' id='word_1_336' title='bbox 389 2571 461 2592; x_wconf 85' lang='lat' dir='ltr'>sus:</span> <span class='ocrx_word' id='word_1_337' title='bbox 486 2561 551 2591; x_wconf 83' lang='lat' dir='ltr'>alia</span> <span class='ocrx_word' id='word_1_338' title='bbox 570 2559 734 2590; x_wconf 86' lang='lat' dir='ltr'>Etruriam</span> <span class='ocrx_word' id='word_1_339' title='bbox 758 2569 867 2589; x_wconf 87' lang='lat' dir='ltr'>versus</span> <span class='ocrx_word' id='word_1_340' title='bbox 889 2558 1011 2588; x_wconf 85' lang='lat' dir='ltr'>directa</span> <span class='ocrx_word' id='word_1_341' title='bbox 1034 2562 1066 2588; x_wconf 88' lang='lat' dir='ltr'>et</span> <span class='ocrx_word' id='word_1_342' title='bbox 1110 2559 1284 2589; x_wconf 80' lang='lat' dir='ltr'>Pisistrato</span> <span class='ocrx_word' id='word_1_343' title='bbox 1311 2563 1451 2598; x_wconf 74' lang='lat' dir='ltr'>tyranno</span> <span class='ocrx_word' id='word_1_344' title='bbox 1476 2570 1498 2590; x_wconf 87' lang='lat' dir='ltr'>a</span> <span class='ocrx_word' id='word_1_345' title='bbox 1521 2560 1635 2592; x_wconf 77' lang='lat' dir='ltr'>Solone</span> <span class='ocrx_word' id='word_1_346' title='bbox 1657 2571 1786 2601; x_wconf 75' lang='lat' dir='ltr'>‘respon-</span> 
     </span>
     <span class='ocr_line' id='line_1_52' title="bbox 389 2600 1252 2641; baseline -0.003 -8"><span class='ocrx_word' id='word_1_347' title='bbox 389 2603 434 2634; x_wconf 88' lang='grc'>310</span> <span class='ocrx_word' id='word_1_348' title='bbox 449 2601 590 2640; x_wconf 82' lang='lat' dir='ltr'>auxiliis,</span> <span class='ocrx_word' id='word_1_349' title='bbox 602 2602 629 2632; x_wconf 88' lang='lat' dir='ltr'>si</span> <span class='ocrx_word' id='word_1_350' title='bbox 641 2611 705 2641; x_wconf 85' lang='lat' dir='ltr'>qua</span> <span class='ocrx_word' id='word_1_351' title='bbox 719 2601 801 2631; x_wconf 87' lang='lat' dir='ltr'>forte</span> <span class='ocrx_word' id='word_1_352' title='bbox 816 2601 892 2631; x_wconf 91' lang='lat' dir='ltr'>inde</span> <span class='ocrx_word' id='word_1_353' title='bbox 908 2600 1065 2638; x_wconf 79' lang='lat' dir='ltr'>venirent,</span> <span class='ocrx_word' id='word_1_354' title='bbox 1108 2611 1180 2631; x_wconf 82' lang='lat' dir='ltr'>sum</span> <span class='ocrx_word' id='word_1_355' title='bbox 1195 2605 1252 2631; x_wconf 85' lang='lat' dir='ltr'>est.</span> 
     </span>
    </p>
   </div>
   <div class='ocr_carea' id='block_1_12' title="bbox 387 2642 1785 2893">
    <p class='ocr_par' dir='ltr' id='par_1_14' title="bbox 388 2642 1785 2726">
     <span class='ocr_line' id='line_1_53' title="bbox 388 2642 1785 2683; baseline -0.001 -7"><span class='ocrx_word' id='word_1_356' title='bbox 388 2655 429 2676; x_wconf 85' lang='lat' dir='ltr'>ex</span> <span class='ocrx_word' id='word_1_357' title='bbox 444 2646 578 2675; x_wconf 82' lang='lat' dir='ltr'>adverso</span> <span class='ocrx_word' id='word_1_358' title='bbox 594 2643 752 2683; x_wconf 86' lang='lat' dir='ltr'>opposita.</span> <span class='ocrx_word' id='word_1_359' title='bbox 776 2643 888 2673; x_wconf 79' lang='lat' dir='ltr'><strong>DOER.</strong></span> <span class='ocrx_word' id='word_1_360' title='bbox 1155 2649 1171 2681; x_wconf 91' lang='lat'><strong>7</strong></span> <span class='ocrx_word' id='word_1_361' title='bbox 1202 2643 1346 2681; x_wconf 80' lang='lat' dir='ltr'>Venisse]</span> <span class='ocrx_word' id='word_1_362' title='bbox 1379 2642 1550 2683; x_wconf 86' lang='lat' dir='ltr'>Stipendio</span> <span class='ocrx_word' id='word_1_363' title='bbox 1567 2644 1785 2675; x_wconf 86' lang='lat' dir='ltr'>venundatam</span> 
     </span>
     <span class='ocr_line' id='line_1_54' title="bbox 432 2684 1185 2726; baseline -0.004 -9"><span class='ocrx_word' id='word_1_364' title='bbox 432 2695 449 2726; x_wconf 86' lang='lat'>5</span> <span class='ocrx_word' id='word_1_365' title='bbox 466 2688 648 2718; x_wconf 80' lang='lat' dir='ltr'>Hiemando</span> <span class='ocrx_word' id='word_1_366' title='bbox 663 2687 854 2717; x_wconf 74' lang='lat' dir='ltr'>continuare</span> <span class='ocrx_word' id='word_1_367' title='bbox 865 2685 998 2723; x_wconf 78' lang='lat' dir='ltr'>bellum]</span> <span class='ocrx_word' id='word_1_368' title='bbox 1012 2684 1063 2714; x_wconf 84' lang='lat' dir='ltr'>Ea</span> <span class='ocrx_word' id='word_1_369' title='bbox 1107 2694 1185 2715; x_wconf 90' lang='lat' dir='ltr'>esse.</span> 
     </span>
    </p>

    <p class='ocr_par' dir='ltr' id='par_1_15' title="bbox 387 2727 1785 2768">
     <span class='ocr_line' id='line_1_55' title="bbox 387 2727 1785 2768; baseline -0.001 -9"><span class='ocrx_word' id='word_1_370' title='bbox 387 2729 523 2766; x_wconf 86' lang='lat' dir='ltr'>ratione,</span> <span class='ocrx_word' id='word_1_371' title='bbox 539 2739 604 2768; x_wconf 88' lang='lat' dir='ltr'>qua</span> <span class='ocrx_word' id='word_1_372' title='bbox 620 2727 871 2759; x_wconf 88' lang='lat' dir='ltr'>Lacedaemonii</span> <span class='ocrx_word' id='word_1_373' title='bbox 886 2737 939 2766; x_wconf 88' lang='lat' dir='ltr'>ap.</span> <span class='ocrx_word' id='word_1_374' title='bbox 958 2727 1061 2757; x_wconf 87' lang='lat' dir='ltr'>Dece-</span> <span class='ocrx_word' id='word_1_375' title='bbox 1149 2727 1168 2756; x_wconf 87' lang='grc'>8</span> <span class='ocrx_word' id='word_1_376' title='bbox 1195 2727 1262 2756; x_wconf 85' lang='lat' dir='ltr'>Sub</span> <span class='ocrx_word' id='word_1_377' title='bbox 1285 2728 1443 2766; x_wconf 77' lang='lat' dir='ltr'>pellibus]</span> <span class='ocrx_word' id='word_1_378' title='bbox 1486 2727 1550 2758; x_wconf 87' lang='lat' dir='ltr'>His</span> <span class='ocrx_word' id='word_1_379' title='bbox 1575 2727 1785 2759; x_wconf 85' lang='lat' dir='ltr'>hibernacula</span> 
     </span>
    </p>

    <p class='ocr_par' dir='ltr' id='par_1_16' title="bbox 388 2769 1782 2809">
     <span class='ocr_line' id='line_1_56' title="bbox 388 2769 1782 2809; baseline 0 -9"><span class='ocrx_word' id='word_1_380' title='bbox 388 2771 472 2800; x_wconf 84' lang='lat' dir='ltr'>leam</span> <span class='ocrx_word' id='word_1_381' title='bbox 504 2769 719 2809; x_wconf 81' lang='grc' dir='ltr'>ἐπιτείχισμον</span> <span class='ocrx_word' id='word_1_382' title='bbox 748 2770 901 2800; x_wconf 88' lang='lat' dir='ltr'>adversus</span> <span class='ocrx_word' id='word_1_383' title='bbox 926 2769 1060 2799; x_wconf 87' lang='lat' dir='ltr'>Atheni·</span> <span class='ocrx_word' id='word_1_384' title='bbox 1107 2769 1157 2798; x_wconf 88' lang='lat' dir='ltr'>vel</span> <span class='ocrx_word' id='word_1_385' title='bbox 1174 2769 1384 2799; x_wconf 84' lang='lat' dir='ltr'>tabernacula</span> <span class='ocrx_word' id='word_1_386' title='bbox 1404 2769 1546 2808; x_wconf 87' lang='lat' dir='ltr'>pellibus</span> <span class='ocrx_word' id='word_1_387' title='bbox 1562 2773 1710 2800; x_wconf 84' lang='lat' dir='ltr'>contecta</span> <span class='ocrx_word' id='word_1_388' title='bbox 1724 2769 1782 2808; x_wconf 82' lang='lat' dir='ltr'>sig-</span> 
     </span>
    </p>

    <p class='ocr_par' dir='ltr' id='par_1_17' title="bbox 388 2810 1782 2893">
     <span class='ocr_line' id='line_1_57' title="bbox 388 2810 1782 2852; baseline 0 -12"><span class='ocrx_word' id='word_1_389' title='bbox 388 2821 479 2841; x_wconf 86' lang='lat' dir='ltr'>enses</span> <span class='ocrx_word' id='word_1_390' title='bbox 494 2813 645 2844; x_wconf 85' lang='lat' dir='ltr'>fecerant.</span> <span class='ocrx_word' id='word_1_391' title='bbox 1106 2810 1289 2841; x_wconf 87' lang='lat' dir='ltr'>nificantur.</span> <span class='ocrx_word' id='word_1_392' title='bbox 1321 2811 1360 2841; x_wconf 85' lang='lat' dir='ltr'>cf.</span> <span class='ocrx_word' id='word_1_393' title='bbox 1384 2810 1455 2841; x_wconf 85' lang='lat' dir='ltr'>infr.</span> <span class='ocrx_word' id='word_1_394' title='bbox 1479 2811 1601 2842; x_wconf 84' lang='lat' dir='ltr'>xxxvii.</span> <span class='ocrx_word' id='word_1_395' title='bbox 1628 2821 1678 2852; x_wconf 85' lang='lat'>39.</span> <span class='ocrx_word' id='word_1_396' title='bbox 1729 2810 1782 2840; x_wconf 85' lang='lat' dir='ltr'>Ex</span> 
     </span>
     <span class='ocr_line' id='line_1_58' title="bbox 431 2850 1778 2893; baseline -0.001 -11"><span class='ocrx_word' id='word_1_397' title='bbox 431 2852 450 2882; x_wconf 96' lang='lat'><strong>6</strong></span> <span class='ocrx_word' id='word_1_398' title='bbox 474 2855 544 2883; x_wconf 81' lang='lat' dir='ltr'>IIoc</span> <span class='ocrx_word' id='word_1_399' title='bbox 566 2855 648 2883; x_wconf 78' lang='lat' dir='ltr'>illud</span> <span class='ocrx_word' id='word_1_400' title='bbox 668 2865 733 2885; x_wconf 80' lang='lat' dir='ltr'>esse</span> <span class='ocrx_word' id='word_1_401' title='bbox 750 2877 757 2884; x_wconf 88' lang='lat'><strong>.</strong></span> <span class='ocrx_word' id='word_1_402' title='bbox 774 2877 781 2884; x_wconf 90' lang='lat'><strong><em>.</em></strong></span> <span class='ocrx_word' id='word_1_403' title='bbox 799 2877 806 2884; x_wconf 87' lang='lat'><strong>.</strong></span> <span class='ocrx_word' id='word_1_404' title='bbox 823 2854 924 2893; x_wconf 82' lang='lat' dir='ltr'>quod]</span> <span class='ocrx_word' id='word_1_405' title='bbox 964 2852 1062 2883; x_wconf 86' lang='lat' dir='ltr'>Hanc</span> <span class='ocrx_word' id='word_1_406' title='bbox 1106 2862 1170 2891; x_wconf 88' lang='lat' dir='ltr'>quo</span> <span class='ocrx_word' id='word_1_407' title='bbox 1187 2853 1271 2888; x_wconf 81' lang='lat' dir='ltr'>loco,</span> <span class='ocrx_word' id='word_1_408' title='bbox 1281 2853 1418 2884; x_wconf 74' lang='lat' dir='ltr'>hiberna</span> <span class='ocrx_word' id='word_1_409' title='bbox 1433 2856 1465 2883; x_wconf 89' lang='lat' dir='ltr'>et</span> <span class='ocrx_word' id='word_1_410' title='bbox 1481 2854 1692 2884; x_wconf 79' lang='lat' dir='ltr'>hibernacula</span> <span class='ocrx_word' id='word_1_411' title='bbox 1705 2850 1778 2890; x_wconf 87' lang='lat' dir='ltr'>quid</span> 
     </span>
    </p>
   </div>
   <div class='ocr_carea' id='block_1_13' title="bbox 388 2893 1765 2934">
    <p class='ocr_par' dir='ltr' id='par_1_18' title="bbox 388 2893 1765 2934">
     <span class='ocr_line' id='line_1_59' title="bbox 388 2893 1765 2934; baseline -0.001 -11"><span class='ocrx_word' id='word_1_412' title='bbox 388 2903 518 2924; x_wconf 85' lang='lat' dir='ltr'>causam</span> <span class='ocrx_word' id='word_1_413' title='bbox 535 2894 625 2924; x_wconf 85' lang='lat' dir='ltr'>illam</span> <span class='ocrx_word' id='word_1_414' title='bbox 642 2905 720 2932; x_wconf 86' lang='lat' dir='ltr'>esse,</span> <span class='ocrx_word' id='word_1_415' title='bbox 738 2899 868 2934; x_wconf 82' lang='lat' dir='ltr'>propter</span> <span class='ocrx_word' id='word_1_416' title='bbox 883 2904 990 2934; x_wconf 86' lang='lat' dir='ltr'>quam.</span> <span class='ocrx_word' id='word_1_417' title='bbox 1020 2895 1060 2925; x_wconf 85' lang='lat' dir='ltr'>cf.</span> <span class='ocrx_word' id='word_1_418' title='bbox 1105 2894 1188 2925; x_wconf 88' lang='lat' dir='ltr'>inter</span> <span class='ocrx_word' id='word_1_419' title='bbox 1203 2904 1237 2925; x_wconf 88' lang='lat' dir='ltr'>se</span> <span class='ocrx_word' id='word_1_420' title='bbox 1253 2894 1414 2932; x_wconf 84' lang='lat' dir='ltr'>differant,</span> <span class='ocrx_word' id='word_1_421' title='bbox 1430 2894 1628 2934; x_wconf 83' lang='lat' dir='ltr'>intelligitur.</span> <span class='ocrx_word' id='word_1_422' title='bbox 1653 2893 1765 2924; x_wconf 64' lang='grc'>81003.</span> 
     </span>
    </p>
   </div>
  </div>
 </body>
</html>
