1934 3211
390 153 476 192 490
912 148 1061 191 TITl
1099 148 1278 191 LIVII

355 277 363 284 .
392 245 404 264 ⁶
419 249 547 282 tatem
568 255 700 297 paras,
722 256 801 282 nec
818 240 949 282 virtus
970 240 1248 296 nobilitasque
1270 238 1457 295 magistri
1478 239 1681 295 equitum,
1699 254 1724 281 a
1744 247 1785 280 te

355 319 362 327 ·
393 303 405 322 ⁶
420 298 511 354 ipso
532 298 750 348 nominati,
773 297 896 347 valet,
918 312 998 339 nec
1025 312 1183 353 preceS,
1207 312 1315 353 quae
1337 311 1460 352 saepe
1489 296 1653 338 hostem
1674 296 1788 338 miti-

393 361 583 412 ⁶gavere,
599 371 706 411 quae
730 355 936 396 deorum
926 370 1006 395 lras
1019 355 1210 411 placant:
1245 355 1435 395 tribunos
1456 354 1590 410 plebis
1606 353 1785 410 appello,

393 418 459 454 ‘et
487 428 668 468 provoco
699 413 751 454 ad
779 413 1007 468 populum3
1040 427 1222 467 eumque
1256 412 1346 460 tibi,
1368 411 1547 467 fugienti
1578 411 1820 476 exercitus}

394 475 406 493 ⁶
422 471 496 520 tui,
514 470 693 526 fugienti
710 480 877 511 senatus
899 469 1116 517 iudicium,
1132 469 1314 509 iudicem
1337 469 1436 518 fero,
1453 469 1524 524 qui
1543 477 1655 509 celte
1678 483 1787 509 unus

394 528 526 584 ⁶plus,
550 542 675 583 quam
702 537 775 567 tua
801 527 1018 574 dictatura,
1048 534 1186 590 potest
1214 526 1441 581 polletque.
1505 525 1676 575 Videro,
1699 540 1788 566 ces-

394 590 406 608 ⁶
420 600 594 626 surusne
613 583 897 647 provocationi
919 583 986 632 sis,
1004 583 1072 623 cui
1088 597 1163 623 rex
1182 582 1400 623 Romanus
1414 583 1563 623 Tullus
1581 582 1788 624 Hostilius
1803 603 1820 635 7

394 647 406 666 ⁶
422 642 570 683 cessit.
631 640 698 681 Ex
731 655 846 681 cuna
875 655 920 679 in
950 639 1199 680 concionem
1230 640 1324 680 itur
1391 639 1489 687 Quo
1520 655 1615 681 cum
1643 640 1788 705 paucis

392 699 582 747 dictator,
615 713 712 738 cum
743 697 858 737 omni
890 697 1055 751 agmine
1089 696 1329 760 principum
1362 697 1559 752 magister
1594 697 1788 753 equitum

393 771 524 811 quum
539 754 815 803 escendisset3
849 754 1003 794 deduci
1020 768 1117 794 eum
1134 753 1186 794 de
1204 753 1345 793 rostris
1361 753 1578 808 Papirius
1569 769 1613 794 m
1626 762 1786 809 partem
1801 770 1820 800 g

391 811 655 852 inferiorem
644 811 774 852 iussit.
841 811 1017 852 Secutus
1030 819 1160 866 pater,
1181 816 1193 834 ⁶
1207 810 1324 851 Bene
1342 811 1454 865 agis,’
1468 810 1647 874 inquitf
1656 826 1787 866 quum

394 874 406 892 ⁶
419 884 469 909 eo
490 884 565 909 nos
587 868 740 909 deduci
768 868 934 933 iussisti,
958 868 1072 909 unde
1100 877 1142 908 et
1162 868 1313 924 privati
1334 883 1479 909 vocem
1501 867 1666 908 mittere
1693 883 1789 923 pos-

394 926 584 967 ‘semus.'
644 925 710 966 Ibi
740 926 877 981 primo
912 940 1000 966 non
1031 935 1116 966 tam
1146 934 1375 981 perpetuae
1407 925 1629 974 orationes,
1662 939 1789 980 quam

393 983 622 1032 altercatio,
652 983 999 1024 exaudiebantur.
1062 982 1179 1023 Vicit
1207 982 1362 1023 deinde
1391 982 1610 1038 strepitum
1637 996 1720 1023 vox
1748 990 1792 1023 et

393 1040 628 1105 indignatio
650 1040 768 1082 Fabii
793 1040 915 1089 senis,
939 1040 1194 1096 increpantis
1214 1039 1452 1095 superbiam
1477 1038 1792 1080 crudelitatem-

394 1113 476 1153 que
501 1097 681 1154 Papirii:
718 1104 729 1121 ⁶
746 1097 799 1138 Se
815 1112 984 1153 quoque
1007 1097 1255 1138 dictatorem
1274 1097 1435 1138 Romae
1449 1096 1588 1146 fuisse,
1603 1111 1681 1137 nec
1703 1111 1728 1137 a
1747 1111 1790 1137 se

395 1161 690 1210 ‘quemquam,
713 1170 768 1196 ne
785 1155 919 1210 plebis
941 1154 1113 1210 quidem
1134 1154 1362 1203 hominem,
1377 1169 1463 1195 non
1484 1153 1789 1203 centurionem,

395 1218 506 1253 ‘non
540 1212 730 1262 militem,
765 1212 988 1261 violatum3
1023 1212 1252 1267 Papirium,
1287 1220 1489 1267 tanquam
1525 1226 1578 1252 ex
1606 1210 1791 1251 hostium

395 1275 407 1294 ⁶
423 1269 613 1319 ducibus,
629 1270 686 1310 sic
701 1285 754 1310 ex
769 1270 963 1310 Romano
979 1244 1230 1334 imperatore
1246 1269 1460 1310 victoriam
1475 1276 1518 1309 et
1531 1267 1791 1324 triumphum

396 1332 579 1383 ⁶.petere
647 1326 866 1375 Quantum
888 1327 1108 1367 interesset
1129 1327 1239 1367 inter
1254 1326 1583 1367 moderationem
1598 1326 1824 1381 antiquo-9

395 1390 406 1408 ⁶
423 1399 529 1433 rum,
557 1392 600 1425 et
632 1400 783 1425 novam
809 1384 1047 1440 superbiam
1075 1383 1464 1440 crudelitatemque.
1527 1383 1793 1424 Dictatorem

396 1447 407 1465 ⁶
425 1441 675 1489 Quinctium
715 1441 1018 1482 Cincinnatum
1051 1441 1095 1481 in
1132 1441 1182 1481 L.
1203 1440 1443 1482 Minucium
1476 1440 1703 1490 consulem,
1738 1454 1792 1480 ex

397 1503 409 1521 ⁶
421 1498 637 1539 obsidione
655 1514 679 1538 a
692 1514 734 1539 se
752 1507 956 1562 ereptum,
971 1514 1057 1539 non
1074 1498 1183 1539 ultra
1198 1499 1386 1548 saevisse,
1405 1513 1531 1554 quam
1545 1506 1592 1539 ut
1607 1497 1793 1554 legatum

398 1561 519 1595 ‘eum
550 1555 603 1595 ad
634 1556 867 1596 exelcitum
899 1571 975 1611 pio
1007 1555 1177 1620 consule
1209 1555 1476 1611 ielinqueret.
1540 1555 1602 1596 M.
1619 1554 1793 1595 Furium

398 1611 654 1652 ‘Camillum
685 1612 729 1652 in
761 1612 809 1652 L.
831 1612 970 1661 Furio,
1003 1612 1089 1667 qui,
1122 1621 1363 1668 contempta
1393 1628 1468 1653 sua
1496 1620 1713 1653 senectute
1748 1619 1792 1652 et

397 1668 680 1733 ‘auctoritate,
703 1669 941 1709 foedissimo
970 1684 1066 1709 cum
1094 1678 1247 1710 eventu
1271 1678 1510 1725 pugnasset,
1538 1684 1624 1710 non
1655 1668 1790 1709 solum

398 1726 467 1766 ‘in
498 1726 736 1781 praesentia
768 1726 1031 1766 moderatum
1067 1726 1150 1766 irae
1184 1741 1285 1775 esse,
1323 1741 1376 1766 ne
1410 1725 1513 1781 quid
1545 1725 1598 1766 de
1632 1724 1792 1780 collega

398 1789 541 1823 ‘secus
561 1783 719 1838 populo
741 1791 812 1823 aut
833 1783 995 1823 senatui
1024 1783 1246 1831 scriber·et
1279 1783 1365 1832 sed,
1389 1797 1520 1838 quum
1541 1782 1789 1831 revertisset,

398 1846 409 1864 ⁶
426 1840 688 1895 potissimum
719 1855 773 1881 ex
804 1840 981 1881 tribunis
1012 1840 1297 1881 consularibus
1327 1840 1532 1889 habuisse,
1565 1854 1705 1895 quem,
1738 1854 1791 1880 ex

398 1903 409 1921 ⁶
423 1897 592 1952 collegis
620 1897 790 1952 optione
813 1898 863 1938 ab
886 1905 1033 1937 senatu
1061 1896 1170 1945 data,
1193 1897 1352 1937 socium
1374 1897 1451 1937 sibi
1478 1897 1645 1952 imperii
1675 1896 1790 1937 dele-

173 994 267 1027 Fabii
284 993 367 1025 senis

173 1038 284 1069 oratio.

440 2046 456 2075 5
476 2037 619 2066 Prot-oco
634 2036 677 2065 ad
688 2036 861 2074 populum]
888 2034 1072 2074 Ambigitur

396 2079 536 2108 multum
552 2082 660 2108 utrum
678 2088 717 2108 ex
735 2078 795 2107 hoc
813 2078 884 2107 loco
900 2081 986 2108 recte
999 2088 1071 2108 nec-

1116 2034 1243 2065 initium
1267 2035 1461 2073 habuerunt,
1484 2035 1609 2075 legibus
1629 2045 1693 2066 xn.
1710 2036 1790 2066 Tab.

396 2131 436 2150 116
453 2121 635 2159 colligatur,
648 2131 667 2150 a
683 2120 839 2150 dictatore
855 2121 895 2150 ad
913 2120 1072 2159 populum

396 2163 657 2202 provocationem
665 2163 762 2192 fuisse
775 2174 780 2193 ε
800 2163 908 2202 plures
918 2163 1003 2192 enim
1015 2162 1072 2192 viri

397 2205 483 2235 docti
507 2216 571 2234 non
596 2205 827 2244 provocationi,
843 2206 898 2235 sed
923 2205 1071 2244 precibus

397 2247 511 2287 populi
525 2247 714 2277 dictatorem
728 2247 857 2277 cessisse
870 2246 1071 2283 existimant3

398 2294 509 2320 contra
525 2289 684 2329 Sigonius,
701 2300 775 2319 611111
792 2300 854 2328 quo
873 2289 1072 2319 Niebuhrius

398 2332 569 2369 consentit,
590 2332 622 2361 in
646 2336 753 2371 partes
771 2332 852 2361 alias
868 2332 1001 2362 Festum
1017 2342 1072 2370 ap-

398 2375 513 2413 pellat,
538 2379 705 2414 postquam,
729 2385 802 2405 vero
826 2375 1009 2413 provocatio
1033 2375 1072 2403 ab

398 2428 432 2448 eo
456 2418 660 2456 mayistratu,
685 2416 807 2447 scilicet
836 2416 1002 2453 dictatore,
1033 2417 1075 2446 ad

395 2461 553 2498 populum
584 2460 659 2489 data
689 2464 746 2496 est,
772 2470 854 2499 quae
881 2463 979 2489 antea
1010 2469 1074 2488 von

399 2506 478 2532 erat.
526 2502 625 2531 Haud
643 2501 707 2531 seio
726 2512 766 2531 an
791 2504 863 2540 post
879 2501 1073 2530 decemvira-

399 2547 469 2573 tum
487 2554 525 2573 ex
543 2544 612 2583 lege
628 2543 740 2573 Duilia
756 2554 839 2582 supr.
853 2543 895 2573 iii.
909 2551 958 2582 55.
976 2543 1075 2573 dicta-

399 2589 472 2615 tura
487 2586 659 2615 imminuto
676 2585 743 2615 iure
759 2586 867 2622 fuerit,
878 2595 977 2624 quum
989 2595 1073 2625 supr.

401 2627 441 2657 vi.
464 2637 512 2667 39.
540 2632 572 2658 et
597 2627 648 2658 vii.
673 2637 699 2666 3.
728 2628 915 2658 dictatorem
944 2632 1075 2666 propter

400 2669 601 2699 tribunorum
630 2669 732 2708 plebis
758 2670 861 2700 minas
887 2669 1073 2708 magistratu

401 2720 433 2740 se
449 2712 614 2741 abdicasse
632 2712 784 2751 legimus:
806 2712 928 2751 quippe
940 2713 991 2742 lex
1009 2721 1072 2742 xn.

402 2752 482 2782 Tu).
507 2754 552 2783 ita
575 2754 708 2790 ferebat,
728 2756 766 2785 de
789 2756 893 2794 cupite
914 2756 992 2785 civis
1011 2755 1073 2784 nisi

399 2803 459 2831 per
475 2797 647 2825 mam'mum
664 2798 857 2826 comitiatum
872 2798 1069 2834 neserunto:

402 2838 434 2863 et
451 2845 550 2881 quum
572 2847 682 2867 omnes
705 2838 908 2877 magistratus
927 2843 1000 2878 post
1020 2839 1071 2869 de-

401 2886 491 2906 661111
495 2877 530 2906 11·
531 2881 610 2907 1111111
623 2882 775 2916 tanquam
783 2881 820 2910 de
827 2882 931 2920 inteyr
932 2892 948 2911 o
956 2891 1017 2911 nov
1019 2891 1074 2911 um

1116 2077 1276 2108 dictatura
1302 2078 1441 2108 obnoxia
1465 2078 1572 2116 fuerit,
1598 2081 1654 2108 aut
1678 2078 1792 2109 saltem

1117 2120 1265 2157 dictator,
1293 2124 1407 2151 exacto
1434 2121 1565 2158 honore,
1586 2121 1619 2150 in
1648 2121 1793 2151 ordinem

1118 2162 1235 2193 iterum
1253 2163 1390 2193 cesserit.

1162 2204 1181 2235 6
1204 2207 1355 2245 Eumque
1384 2206 1441 2235 tibi
1461 2229 1467 2236 .
1485 2229 1493 2236 .
1511 2229 1518 2236 .
1538 2206 1674 2236 iudicem
1697 2206 1790 2245 fero]

1117 2248 1169 2284 Ei,
1193 2250 1348 2286 tanquam
1373 2247 1482 2285 iudici,
1507 2251 1543 2278 ut
1565 2251 1598 2278 te
1621 2247 1713 2278 sistas
1736 2258 1791 2287 po-

1117 2290 1212 2320 stulo.
1252 2289 1327 2320 Vid.
1345 2300 1430 2328 supr.
1447 2289 1490 2320 iii.
1510 2299 1558 2328 ²4·
1583 2290 1688 2321 ΟΜΝ.

1163 2339 1178 2370 7
1203 2332 1264 2362 Cui
1285 2355 1291 2362 .
1310 2355 1316 2362 .
1335 2356 1341 2363 .
1362 2333 1474 2362 Tullus
1496 2333 1656 2362 IIostz‘lius
1680 2333 1789 2371 cessit]

1118 2374 1204 2404 Tum
1221 2374 1314 2404 cessit
1332 2373 1550 2413 provocationi
1568 2374 1685 2404 Tullus
1706 2375 1792 2405 Hos-

1118 2416 1218 2452 tilius,
1232 2427 1330 2455 quum
1350 2416 1479 2446 Horatii
1496 2427 1625 2447 causam
1642 2427 1661 2447 a
1677 2417 1791 2448 duum-

1119 2458 1192 2488 viris
1204 2459 1347 2488 damnati
1360 2458 1523 2489 retractari
1538 2470 1557 2489 a
1573 2459 1695 2498 populo
1707 2459 1792 2498 sivit,

1119 2501 1160 2531 ad
1176 2511 1271 2540 quem
1288 2511 1360 2531 reus
1377 2504 1574 2540 provocarat.
1599 2502 1705 2532 CREV.

1163 2544 1181 2573 8
1204 2545 1330 2574 Deduc-i
1351 2554 1423 2574 eum
1444 2544 1482 2574 de
1504 2545 1632 2581 rostris]
1661 2544 1701 2574 In
1718 2554 1791 2574 con-

1120 2585 1243 2615 cionem
1257 2587 1382 2625 populi,
1399 2596 1481 2624 quae
1504 2585 1536 2615 in
1555 2587 1679 2617 comitio
1695 2586 1790 2616 habe-

1118 2628 1222 2664 batur,
1238 2628 1291 2657 ubi
1310 2628 1444 2667 patricio
1461 2627 1576 2667 cuique
1593 2628 1729 2658 liberum
1745 2629 1789 2658 lo-

1119 2670 1236 2709 quendi
1259 2670 1425 2700 arbitrium
1449 2674 1525 2701 erat.
1561 2670 1594 2700 N
1597 2670 1697 2701 iebhr.
1716 2669 1736 2701 i.
1757 2680 1790 2710 p.

1120 2720 1190 2751 554·

1161 2764 1180 2794 9
1205 2756 1367 2791 Quantum
1392 2756 1571 2793 interesset]
1608 2754 1714 2794 Magis
1737 2753 1789 2784 Li-

1118 2807 1135 2826 v
1138 2796 1247 2826 iamim
1259 2796 1419 2827 Crevierio
1433 2797 1559 2827 videtur
1572 2801 1729 2837 quantum
1740 2797 1788 2826 in—

1118 2844 1243 2872 teresse.
1255 2840 1340 2877 quod
1357 2840 1528 2878 legendum
1542 2839 1654 2869 suadet
1666 2838 1788 2868 Grono-

1122 2881 1200 2918 vius,
1217 2884 1248 2911 et
1265 2881 1296 2911 in
1314 2884 1439 2912 textum
1458 2881 1598 2920 reposuit
1617 2880 1757 2911 Bekker.
