1934 3211
386 166 467 204 528
899 158 1046 203 TITI
1084 159 1263 202 LIvH

1123 253 1131 268 9

165 262 210 293 U.
227 262 266 293 C.
284 272 356 301 440·
387 253 523 294 ‘tibus
544 248 665 309 capta
685 260 771 301 est;
805 252 874 302 ite,
891 252 1116 294 defendite.

165 306 193 336 A
229 306 255 336 Ω
1193 251 1312 292 Haec
1334 250 1524 292 incidens
1546 250 1784 306 principum

198 328 204 335 .
250 306 357 344 '.312.

385 310 554 361 foribus,
572 310 675 352 haec
697 310 841 359 obviis,
859 310 963 351 haec
985 309 1303 350 excurrentibus
1325 309 1367 349 in
1391 308 1606 364 publicum
1623 307 1785 364 pavidis

385 368 584 424 increpat.
649 368 886 423 Acceptum
921 367 972 407 ab
1005 382 1091 408 uno
1123 381 1319 422 pavorem
1357 366 1496 422 plures
1528 380 1604 422 per
1636 366 1784 406 urbem

383 425 535 467 ferunt.
599 425 777 481 Trepidi
803 424 1080 479 magistratus,
1104 424 1237 464 missis
1261 423 1315 464 ad
1343 438 1480 464 arcem
1510 422 1785 479 exploratori-

383 483 473 533 bus,
493 498 624 539 quum
643 482 726 523 tela
742 490 785 523 et
801 489 981 522 armatos
1003 489 1146 521 tenere
1161 495 1297 521 arcem
1313 480 1590 536 multiplicato
1606 494 1784 521 numero

384 540 590 589 audirent,
614 547 810 580 avertunt
831 538 992 578 animos
1013 553 1037 577 a
1057 552 1130 592 spe
1156 537 1466 592 recuperandae
1489 537 1603 578 arcis.
1667 536 1786 592 Fuga

384 606 538 639 cuncta
570 596 847 651 complentur,
879 602 1109 649 portaeque
1143 594 1194 634 ab
1228 593 1488 634 semisomnis
1521 610 1568 635 ac
1601 594 1786 635 maxima

396 662 500 695 warte
516 653 745 694 inermibus
758 652 1067 706 refringuntur:
1102 665 1279 705 quarum
1294 665 1369 705 per
1385 665 1510 691 unam
1528 651 1783 707 praesidium
1800 664 1818 697 7

384 670 629 752 homanum
652 708 831 749 clamore
854 707 1083 748 excitatum
1106 707 1312 762 irrumpit,
1331 715 1373 747 et
1394 717 1689 750 concursantes
1709 723 1787 764 per

387 769 472 808 vias
497 766 670 823 pavidos
699 765 848 806 caedit.
912 764 1001 805 Iam
1035 764 1136 805 Sora
1162 773 1284 820 capta
1308 772 1408 813 erat,
1432 779 1565 819 quum
1592 765 1785 806 consules

386 825 521 880 prima
542 823 635 864 luce
657 822 889 870 advenere3
923 830 977 871 et,
996 837 1101 877 quos
1122 821 1306 877 reliquos
1318 821 1486 862 fortuna
1507 837 1560 863 ex
1580 830 1786 863 nocturna

386 881 514 922 caede
537 897 583 922 ac
604 881 704 936 fuga
723 880 891 928 fecerat,
907 879 951 919 in
972 879 1235 920 deditionem
1252 879 1474 934 accipiunt.
1539 878 1606 920 Ex
1627 879 1691 920 his
1708 879 1787 920 du·-

386 947 531 980 centos
544 938 694 994 viginti
716 937 919 993 quinque,
935 937 1009 992 qui
1030 936 1220 977 onmium
1242 951 1449 977 consensu
1469 936 1787 978 destinabantur

387 1005 430 1038 et
450 995 646 1037 infandae
662 994 908 1036 colonorum
925 994 1064 1035 caedis
1085 1002 1128 1034 et
1142 993 1388 1034 defectionis
1404 1002 1608 1044 auctores,
1624 993 1786 1036 vinctos

389 1054 572 1094 Romam
586 1053 826 1094 deducunt:
855 1060 1036 1093 ceteram
1051 1051 1369 1092 multitudinem
1383 1051 1652 1101 incolumem,
1666 1066 1787 1107 prae-

387 1111 494 1152 sidio
515 1111 724 1167 imposito,
746 1109 871 1151 Sorae
893 1109 1152 1165 relinquunt.
1218 1108 1392 1158 Omnes,
1411 1109 1485 1164 qui
1506 1109 1692 1150 Romam
1713 1108 1787 1150 de-

387 1168 504 1209 ducti
532 1176 664 1217 erant,
686 1167 811 1223 virgis
842 1167 886 1207 in
907 1166 995 1207 foro
1027 1166 1148 1215 caesi,
1172 1182 1219 1207 ac
1246 1167 1380 1207 securi
1411 1166 1595 1222 percussi
1621 1181 1786 1208 summo

386 1226 542 1282 gaudio
562 1225 720 1282 plebis3
754 1224 873 1266 cuius
895 1224 1076 1265 maxime
1098 1224 1310 1273 intererat,
1333 1232 1467 1264 tutam
1487 1224 1659 1279 ubique,
1678 1239 1786 1280 quae

386 1283 540 1340 passim
558 1284 600 1324 in
623 1282 806 1324 colonias
828 1282 1076 1331 mitteretur,
1099 1280 1417 1322 multitudinem
1439 1296 1538 1322 esse.

241 1346 308 1385 25.
450 1340 669 1389 Consules,
685 1341 736 1382 ab
754 1340 856 1381 Sora
876 1339 1066 1395 profecti,
1084 1339 1128 1379 in
1150 1353 1268 1395 agros
1282 1347 1408 1394 atque
1424 1339 1546 1379 urbes
1564 1339 1786 1380 Ausonum
1800 1351 1819 1381 8

170 1404 317 1433 Ausones
388 1398 547 1440 bellum
568 1397 813 1439 intulerunt.
878 1396 1001 1438 Mota
1027 1411 1210 1452 namque
1239 1396 1381 1437 omnia
1408 1396 1594 1437 adventu
1624 1396 1788 1438 Samni-

170 1446 256 1518 {33¹⁰
271 1454 370 1484 appe-
390 1457 508 1505 tium,
532 1471 665 1511 quum
697 1455 810 1511 apud
836 1454 1039 1495 Lautulas
1067 1454 1312 1495 dimicatum
1339 1461 1414 1502 est,
1439 1453 1618 1504 fuerant,
1642 1454 1788 1495 coniu-

223 1511 230 1519 ’
390 1513 656 1567 rationesque
688 1513 798 1553 circa
831 1511 1110 1567 Campaniam
1141 1511 1294 1567 passim
1324 1511 1482 1560 factae3
1521 1526 1599 1552 nec
1639 1510 1789 1568 Capua

390 1571 479 1627 ipsa
499 1569 674 1610 crimine
696 1569 851 1609 caruit:
886 1569 990 1624 quin
1014 1570 1198 1610 Romam
1220 1584 1390 1624 quoque
1412 1576 1454 1609 et
1475 1568 1528 1609 ad
1548 1568 1788 1625 principum

389 1627 593 1683 quosdam
615 1625 867 1682 inquirendo
881 1634 1055 1666 ventum
1076 1634 1148 1666 est.
1215 1625 1418 1666 Ceterum
1441 1625 1665 1667 Ausonum
1685 1640 1789 1681 gens

389 1684 628 1741 proditione
660 1683 840 1731 urbium,
863 1682 971 1723 sicut
1005 1682 1119 1730 Sora,
1149 1682 1193 1722 in
1224 1690 1475 1737 potestatem
1506 1683 1632 1724 venit.
1696 1682 1790 1723 Au-

390 1757 503 1791 sona,
541 1749 584 1782 et
620 1740 881 1789 Minturnae,
919 1748 960 1780 et
997 1738 1162 1788 Vescia,
1200 1739 1324 1779 urbes
1360 1749 1500 1780 erant:
1547 1755 1600 1780 ex
1636 1740 1788 1795 quibus

390 1799 601 1855 principes
640 1797 870 1838 iuventutis
915 1796 1141 1837 duodecim
1182 1811 1372 1845 numero,
1414 1796 1458 1836 in
1504 1797 1789 1852 proditionem

390 1856 557 1897 urbium
594 1870 762 1895 suarum
796 1853 1016 1902 coniurati,
1053 1853 1107 1894 ad
1147 1853 1338 1894 consules
1374 1853 1573 1894 veniunt:
1619 1854 1787 1902 docent,

392 1919 404 1938 ‘
420 1928 528 1962 suos,
553 1913 635 1953 iam
657 1911 821 1967 pridem
843 1920 1092 1966 exoptantes
1125 1909 1377 1951 Samnitium
1400 1911 1641 1960 adventum,
1665 1911 1789 1952 simul

391 1977 401 1994 ‘
419 1971 473 2011 ad
513 1969 716 2010 Lautulas
756 1976 990 2024 pugnatum
1031 1967 1268 2017 audierunt,
1303 1982 1379 2023 pro
1414 1968 1534 2009 victis
1571 1969 1790 2010 Romanos

393 2034 403 2051 ‘
417 2027 622 2075 habuisse,
645 2026 878 2075 iuventute,
893 2025 1018 2065 armis
1041 2024 1251 2065 Sanmites
1272 2025 1436 2065 iuvisse.
1500 2025 1670 2081 Fugatis
1690 2025 1790 2067 inde

393 2091 404 2108 ‘
421 2084 690 2132 Samnitibus,
714 2083 873 2124 incerta
894 2097 995 2138 pace
1019 2097 1155 2137 agere,
1178 2097 1256 2123 nec
1278 2081 1522 2123 claudentes
1542 2079 1683 2139 portas
1700 2084 1792 2125 Ro-

394 2149 405 2167 ‘
422 2142 568 2191 manis,
587 2157 639 2182 ne
655 2148 863 2181 arcessant
880 2139 1037 2180 bellum
1053 2155 1062 2180 ε
1097 2149 1140 2180 et
1153 2139 1383 2181 obstinatos
1399 2139 1608 2190 claudere,
1624 2140 1657 2182 si
1671 2155 1792 2182 exer-

394 2206 404 2224 ‘
421 2200 528 2241 citus
553 2198 835 2239 admoveatur.
899 2196 951 2237 In
980 2212 1030 2237 ea
1049 2197 1324 2238 fluctuatione
1347 2197 1583 2238 animorum
1610 2198 1791 2254 opprimi

394 2257 610 2297 ‘incautos
650 2255 796 2311 posse.’
877 2253 959 2294 His
998 2254 1238 2296 auctoribus
1279 2263 1393 2295 mota
1427 2255 1598 2311 propius
1633 2263 1787 2296 castra:

393 2314 590 2369 missique
620 2312 770 2354 eodem
801 2320 989 2368 tempore
1018 2311 1128 2352 circa
1159 2311 1237 2352 tria
1267 2311 1424 2367 oppida
1451 2312 1616 2362 milites,
1638 2312 1791 2369 partim

393 2371 552 2420 armati,
585 2370 659 2427 qui
696 2369 849 2411 occulti
881 2368 1119 2424 propinqua
1156 2369 1376 2409 moenibus
1406 2369 1637 2411 insiderent
1674 2369 1789 2419 loca3

393 2429 545 2485 partim
578 2427 721 2483 togati,
751 2426 871 2467 tectis
905 2433 1018 2466 veste
1050 2425 1213 2481 gladiis,
1248 2426 1322 2481 qui
1355 2427 1431 2467 sub
1464 2426 1602 2468 lucem
1639 2427 1792 2483 apertis

394 2486 523 2542 portis
539 2486 661 2526 urbes
678 2483 1010 2538 ingrederentur.
1075 2482 1145 2523 Ab
1162 2482 1226 2523 his
1243 2483 1367 2523 simul
1383 2484 1577 2525 custodes
1593 2484 1792 2525 trucidari

395 2542 546 2598 coepti,
569 2541 693 2583 simul
715 2541 860 2581 datum
892 2540 1058 2595 signum
1081 2540 1260 2589 armatis,
1285 2548 1331 2580 ut
1352 2555 1405 2581 ex
1433 2541 1595 2582 insidiis
1617 2556 1792 2583 concur-

394 2609 545 2641 rerent.
608 2598 674 2639 Ita
697 2606 841 2653 portae
874 2605 1114 2653 occupatae,
1138 2597 1301 2652 triaque
1331 2597 1487 2654 oppida
1511 2598 1659 2640 eadem
1689 2599 1792 2640 hora

444 2740 460 2771 7
483 2733 689 2764 Praesidium
712 2733 909 2769 Romanum]
947 2731 1068 2762 Cohor—
1115 2730 1191 2762 Vid.
1209 2741 1294 2770 supr.
1313 2730 1365 2762 vii.
1383 2740 1433 2770 34.
1452 2730 1499 2771 36.
1515 2735 1547 2762 et
1564 2739 1613 2771 37.
1637 2732 1744 2763 CREv.

394 2778 452 2809 tes,
472 2785 554 2812 quae
578 2785 674 2813 supra
693 2774 844 2804 dicuntur
863 2773 1070 2813 sylvestribus
1157 2774 1175 2803 8
1191 2775 1377 2812 Ausonum]
1404 2774 1444 2804 cf.
1456 2774 1549 2813 Supr.
1562 2773 1684 2805 viii.16.
1725 2774 1790 2804 Au-

395 2815 474 2845 loeis
501 2817 559 2845 sub
587 2817 707 2855 oppido
732 2816 893 2846 insedisse.
939 2817 1069 2846 Praesi-
1115 2816 1205 2845 runci
1230 2815 1358 2853 Latine,
1382 2816 1529 2846 Ausones
1553 2816 1679 2847 Graece
1705 2815 1791 2845 dicta

395 2858 483 2886 dium
506 2867 735 2896 nonnunquam
759 2859 848 2897 apud
871 2858 1000 2888 Livium
1024 2858 1070 2887 ni-
1115 2858 1195 2887 haec
1207 2867 1294 2896 gens.
1324 2857 1435 2888 Livius
1448 2858 1499 2889 hic
1512 2858 1705 2897 Dionysium
1716 2867 1790 2887 auc-

395 2898 439 2928 hil
467 2898 554 2927 aliud
582 2903 639 2935 est,
661 2909 756 2937 quam
781 2900 921 2929 militum
946 2910 1068 2930 manus.
1115 2903 1217 2929 torem
1234 2900 1436 2938 sequebatur.
