1934 3211
574 147 700 189 LIB.
734 146 836 188 VIL
880 146 1027 189 CAP.
1061 152 1129 191 37.
1473 153 1559 193 439

126 247 272 286 5esse3
304 250 435 292 quum
464 235 637 286 Decius,
671 241 683 260 ‘
699 234 834 276 Maeti
862 235 1042 284 virtute,’
1070 235 1223 291 inquit,
1257 242 1269 260 ‘
1285 237 1438 280 milites
1467 238 1557 281 Ro-

158 299 171 317 ‘
185 293 311 342 mani,
334 301 433 334 este.

156 349 304 390 ‘dibus
338 349 485 391 ferent.
558 348 642 390 Sed
682 349 737 391 ad
777 349 1120 406 conspiciendam
1160 358 1321 391 tantam
1357 352 1556 395 virtutem

154 405 273 447 ‘luce
299 421 347 448 ac
368 406 437 447 die
459 421 564 462 opus
589 415 677 448 est:
711 422 791 448 nec
811 422 885 448 vos
906 406 1026 463 digni
1051 407 1162 457 estis,
1185 423 1291 464 quos
1317 423 1414 450 cum
1440 418 1557 453 tanta

152 469 166 488 ‘
207 462 312 504 loria
350 464 396 504 in
432 473 565 505 castra
599 463 775 505 reduces
815 463 1030 505 silentium
1071 479 1119 506 ac
1155 480 1242 506 nox
1278 473 1404 522 tegat.
1469 466 1556 509 Hic

151 526 164 545 ‘
176 478 316 562 {neem
338 521 473 577 quieti
493 522 787 578 opperiamur.'
842 521 981 563 Dictis
1002 522 1351 579 obtemperatum.
1408 524 1554 581 Atque

147 577 220 619 ubi
240 578 424 634 primum
446 579 598 629 illuxit,
616 579 844 636 praemisso
864 579 1016 621 nuntio
1033 579 1087 620 ad
1109 580 1324 622 consulem
1345 580 1390 621 in
1407 591 1552 633 eastra,

115 635 311 692 6ingenti
349 636 504 693 gaudio
545 637 837 678 concitantur:
887 645 943 687 et,
982 646 1136 679 tessera
1171 638 1282 688 data,
1320 638 1553 682 incolumes

145 693 311 743 reverti,
346 694 421 750 qui
453 709 529 735 sua
561 709 736 751 corpora
767 709 844 751 pro
879 694 1012 735 salute
1049 695 1240 751 omnium
1273 695 1389 737 haud
1421 696 1552 739 dubio

144 751 334 807 periculo
355 752 620 802 obiecissent,
642 767 719 808 pro
747 767 789 793 se
813 751 992 808 quisque
1019 752 1186 793 obviam
1214 753 1336 794 effusi
1363 753 1551 806 laudant,

144 809 422 864 gratulantur,
444 809 633 866 singulos
661 810 964 865 universosque
994 819 1222 852 servatores
1253 826 1350 852 suos
1370 821 1549 855 vocant:

145 865 227 907 diis
266 866 413 908 laudes
452 876 676 923 gratesque
713 876 858 924 agunt,
898 866 1083 908 Decium
1114 868 1161 908 in
1193 867 1359 910 coelum
1395 869 1549 913 ferunt.

146 921 233 965 Hic
255 923 382 966 Decii
410 925 632 966 castrensis
660 924 898 981 triumphus
921 924 1014 974 fuit,
1037 925 1274 967 incedentis
1304 941 1380 982 per
1410 927 1552 970 media

144 990 279 1023 castra
317 997 414 1023 curn
451 992 611 1024 armato
646 982 868 1039 praesidio,
906 982 1108 1024 coniectis
1142 983 1187 1024 in
1224 998 1322 1024 eum
1359 985 1549 1028 omnium

143 1039 289 1089 oculis,
312 1048 354 1081 et
375 1040 491 1081 omni
512 1040 672 1081 honore
696 1040 915 1081 tribunum
936 1040 1098 1081 consuli
1119 1041 1409 1097 aequantibus.
1460 1043 1548 1085 Ubi

142 1096 197 1137 ad
227 1097 483 1153 praetorium
513 1106 688 1139 ventum
719 1107 794 1147 est,
826 1097 975 1139 consul
1007 1098 1178 1140 classico
1211 1098 1265 1140 ad
1298 1100 1548 1143 concionem

142 1163 370 1196 convocat:
410 1169 612 1211 orsusque
646 1155 815 1196 meritas
848 1155 975 1197 Decii
1008 1155 1166 1206 laudes,
1200 1156 1425 1199 interfante
1456 1158 1548 1214 ipso

141 1210 292 1262 Decio,
314 1212 480 1254 distulit
504 1213 779 1254 concionem:
813 1213 888 1269 qui
913 1221 1060 1255 auctor
1084 1214 1226 1255 omnia
1250 1214 1547 1270 posthabendi,

140 1268 244 1310 dum
265 1270 428 1312 occasio
450 1271 494 1311 in
516 1271 710 1312 manibus
731 1280 852 1320 essct,
869 1271 1055 1327 perpulit
1077 1271 1305 1321 consulem,
1324 1280 1371 1313 ut
1391 1273 1546 1324 hostes,

111 1335 184 1373 7et
216 1337 425 1369 nocturno
457 1343 610 1384 pavore
645 1329 856 1378 attonitos,
890 1337 935 1370 et
969 1329 1079 1370 circa
1114 1329 1263 1370 collem
1300 1330 1546 1372 castellatim

140 1384 374 1441 dissipatos,
402 1385 726 1442 aggrederetur:
761 1385 931 1428 credere
961 1386 1089 1428 etiam
1118 1386 1294 1443 aliquos,
1322 1387 1376 1428 ad
1406 1402 1449 1429 se
1482 1403 1546 1430 se-

140 1442 359 1498 quendum
381 1444 565 1493 emissos,
588 1459 664 1500 per
683 1443 835 1485 saltum
856 1444 1008 1500 vagari.
1063 1443 1204 1485 Iussae
1227 1443 1414 1500 legiones
1431 1460 1546 1487 arma

138 1514 316 1556 capere:
350 1516 624 1557 egressaeque
647 1501 804 1551 castris,
828 1516 961 1557 quum
986 1516 1063 1557 per
1090 1501 1378 1557 exploratores
1405 1503 1545 1544 notior

138 1557 222 1599 iam
243 1557 372 1600 saltus
389 1567 509 1608 esset,
526 1559 595 1600 via
614 1559 850 1615 patentiore
868 1558 922 1599 ad
942 1558 1108 1599 hostem
1125 1558 1352 1600 ducuntur.
1400 1559 1543 1608 Quem

137 1614 355 1657 incautum
372 1617 597 1672 improviso
614 1616 797 1666 adortae,
816 1631 949 1672 quum
970 1615 1096 1672 palati
1115 1616 1268 1672 passim
1289 1615 1544 1659 Samnitium

136 1672 304 1724 milites,
336 1673 528 1730 plerique
565 1673 759 1724 inermes,
792 1688 872 1714 nec
907 1673 1020 1714 coire
1056 1673 1101 1714 in
1136 1689 1284 1724 unum,
1316 1689 1396 1716 nec
1429 1691 1545 1717 arma

135 1745 299 1796 capere,
336 1746 415 1773 nec
451 1731 639 1788 recipere
675 1731 787 1772 intra
820 1731 978 1772 vallum
1014 1746 1058 1772 se
1094 1741 1278 1787 possent,
1315 1741 1542 1788 paventem

134 1801 318 1844 primum
347 1789 392 1830 in
419 1798 553 1830 castra
580 1804 673 1831 com
707 1788 867 1830 ellunt:
902 1788 1058 1830 deinde
1081 1797 1216 1830 castra
1240 1789 1342 1846 ipsa,
1366 1791 1542 1832 turbatis

134 1846 397 1897 stationibus,
429 1847 614 1903 capiunt.
717 1846 895 1888 erfertur
925 1846 1037 1888 circa
1066 1845 1216 1888 collem
1250 1846 1431 1889 clamor:
1476 1848 1543 1890 fu-

132 1912 289 1959 gatque
321 1919 375 1946 ex
405 1905 490 1945 suis
521 1919 735 1961 quemque
768 1903 998 1960 praesidiis.
1062 1903 1129 1945 Ita
1161 1919 1314 1960 magna
1343 1920 1438 1961 pars
1469 1906 1542 1948 ab-

102 1962 242 2002 8senti
269 1961 379 2003 hosti
400 1962 535 2003 cessit.
602 1961 723 2009 Quos
750 1962 862 2002 intra
885 1961 1042 2002 vallum
1067 1970 1210 2016 egerat
1239 1978 1379 2018 pavor,
1402 1963 1539 2019 (fuere

134 2027 276 2059 autem
298 2018 351 2059 ad
373 2019 546 2074 triginta
567 2018 718 2071 millia)
739 2032 886 2059 omnes
907 2018 1017 2059 caesi
1035 2033 1044 2065 ;
1078 2028 1212 2059 castra
1232 2019 1408 2074 direpta.

192 2074 260 2116 Ita
279 2077 404 2116 rebus
424 2076 564 2129 gestis,
587 2075 747 2124 consul,
770 2074 972 2116 advocata
992 2075 1210 2124 concione,
1233 2075 1280 2116 P.
1302 2075 1427 2117 Decii
1452 2091 1539 2118 non

133 2142 302 2189 coeptas
330 2133 464 2174 solum
487 2142 598 2182 ante,
621 2132 695 2173 sed
717 2131 950 2173 cumulatas
971 2147 1081 2172 nova
1100 2132 1255 2173 virtute
1278 2132 1424 2174 laudes
1444 2148 1539 2189 per-

101 2190 245 2247 oagit:
280 2200 321 2232 et
349 2199 516 2247 praeter
543 2189 739 2231 militaria
767 2189 848 2231 alia
878 2189 1002 2239 dona,
1025 2204 1152 2230 aurea
1182 2205 1337 2231 corona
1367 2206 1465 2233 eum
1495 2200 1537 2234 et

176 2312 193 2343 5
218 2305 324 2334 Macte·
341 2305 477 2341 virtute]
506 2305 617 2334 Alacle
633 2303 725 2334 codd.
743 2302 811 2342 qui-

132 2346 220 2383 dam,
251 2347 416 2385 vulgatum
443 2357 516 2377 vero
544 2348 639 2376 macti
666 2346 811 2376 defendit

132 2389 221 2420 locus
243 2389 340 2420 etiam
365 2390 453 2429 apud
473 2389 733 2428 Lexicographos
758 2399 811 2418 no-

131 2435 194 2467 tus,
213 2432 296 2462 l’lin.
316 2432 360 2463 ll.
380 2432 422 2462 N.
442 2432 472 2462 ii.
496 2442 540 2462 ιζ.
560 2433 664 2462 Alnctt'
682 2432 810 2470 ι’)ιμνιιίυ

130 2479 205 2508 rste,
221 2475 298 2504 cocle·
315 2476 515 2514 interpretes.
551 2476 683 2504 Illuc-lus
699 2479 808 2504 :ruteni

134 2518 233 2554 urm-116⁸
250 2522 375 2548 unctus.

174 2557 194 2587 6
219 2560 347 2589 'I'ewscra
363 2560 458 2596 dala]
478 2558 634 2589 Similiter
647 2560 739 2598 sigma»
754 2560 807 2588 ‹la-

131 2606 162 2630 ln
191 2600 319 2640 saepius
349 2602 484 2632 occurrit
519 2612 575 2641 pru
603 2603 721 2632 wem-io
750 2612 810 2640 per

131 2650 236 2673 ‹vn-tra
267 2645 383 2679 ‹le-lito,
406 2649 561 2683 tunquam
594 2650 711 2674 tessera
742 2644 808 2674 sive

130 2686 220 2724 signo
237 2686 378 2716 militari.

182 2737 197 2767 7
227 2729 441 2766 L'ctxlclltuo'ml
480 2728 509 2759 h.
527 2739 554 2759 e.
588 2729 647 2758 Per
674 2728 807 2758 cautella

131 2770 196 2800 nive
212 2770 596 2806 xii-1110„1n‹›ntm1‹m‚nisi
613 2770 705 2800 mulis
721 2780 806 2809 spur-

129 2813 200 2849 rim,
220 2813 315 2844 certis
338 2813 527 2850 intervallis,
548 2824 635 2843 nun-c
659 2813 805 2843 mun-llo-

130 2867 211 2888 rum.

173 2900 191 2930 8
215 2901 322 2931 Fecere
338 2904 443 2930 aulem
461 2900 504 2929 ml
526 2900 660 2938 triyinln
687 2898 805 2934 millia!

858 2302 1024 2333 Numerus
1054 2312 1220 2332 caesorum
1256 2301 1344 2333 haud
1375 2302 1473 2333 dubie
1503 2303 1535 2333 in

857 2345 961 2375 maius
997 2350 1112 2374 auctus
1142 2350 1201 2378 est,
1231 2344 1383 2383 quonium
1413 2345 1536 2377 belnun

856 2387 989 2418 minime
1013 2387 1216 2426 profligatum
1235 2387 1307 2421 fuit,
1324 2397 1429 2426 neque
1445 2388 1535 2419 Sam-

856 2430 944 2460 nium
970 2430 1077 2460 :ulline
1101 2429 1131 2459 in
1159 2430 1254 2460 tidem
1277 2430 1461 2460 Ronlanum
1483 2441 1534 2461 uc-

855 2479 986 2512 ccptum
1011 2476 1068 2503 est.
1116 2472 1199 2502 Fieri
1224 2476 1333 2502 tumen
1361 2477 1478 2511 potest,
1500 2478 1534 2504 ut

855 2526 954 2555 quuin
986 2514 1137 2545 Valerius
1165 2514 1195 2544 in
1221 2516 1371 2553 Cnpuuni
1405 2526 1533 2545 conces-

854 2558 957 2591 sisset.
973 2558 1051 2588 lutet·
1070 2568 1118 2587 rc*
1134 2557 1286 2587 Corneli«)
1306 2557 1475 2593 «amrin-rit,
1491 2568 1532 2589 ne

857 2600 987 2630 »inuria
1015 2611 1070 2630 suu
1099 2604 1250 2630 uteretur.
1302 2599 1461 2638 liquidem
1488 2601 1531 2631 fu-

854 2648 922 2673 teor
953 2642 1030 2671 mihi
1062 2642 1184 2681 aliquid
1219 2643 1248 2672 in
1283 2642 1342 2671 hoc
1373 2643 1531 2680 nubolere,

853 2686 937 2724 quud
956 2695 994 2714 cx
1014 2695 1110 2714 numu
1130 2684 1249 2714 vulerii
1266 2684 1457 2720 Antiatis-,in
1474 2686 1529 2715 fin-

852 2727 964 2764 gendis
989 2727 1129 2757 nunu-ris
1159 2737 1287 2766 seinper
1312 2727 1406 2757 nimis
1432 2728 1529 2758 nudu-

853 2770 908 2806 cin,
941 2769 1122 2809 provenisse
1155 2769 1288 2800 videtur.
1323 2769 1457 2801 Niobhr.
1487 2770 1529 2802 iii.

855 2822 884 2852 p.
907 2822 974 2850 141.

895 2866 915 2895 ι)
939 2856 1052 2887 Aurea
1068 2855 1202 2893 corona]
1228 2854 1267 2886 cf.
1285 2854 1379 2895 Supr.
1397 2854 1439 2887 iii.
1460 2865 1507 2897 ²⁴)-

1572 248 1616 280 U.
1633 248 1672 280 C.
1689 260 1763 288 412.

495 291 697 333 Vestrum
724 292 805 333 iter
831 307 880 333 ae
907 292 1092 334 reditum
1114 293 1258 334 omnia
1281 294 1448 336 saecula
1466 295 1559 338 lau·
1570 292 1609 340 ,A-
1633 292 1671 323 C.
1690 301 1762 340 3θο-

1569 335 1740 365 incolumis

1568 376 1662 408 redit.

1559 1458 1746 1490 Vincuntur

1558 1502 1730 1535 Samnites.

1622 2078 1690 2118 37.

1553 2132 1676 2165 Decius
1691 2135 1746 2166 ‹lo-

1550 2181 1655 2208 natus.
