1934 3211
63 1806 84 1816 ο

566 172 693 215 LIB.
726 172 804 215 VI.
852 173 1000 215 CAP.
1034 177 1100 216 31.

1455 178 1536 217 381

137 263 253 320 quod
271 277 426 320 genere
454 262 655 319 plebeios,
676 263 811 320 gratia
839 262 996 304 Iulium
1017 263 1248 313 anteibant,
1272 263 1415 305 Volsci
1443 279 1540 321 pro·
1555 275 1599 307 U.
1616 275 1653 307 c.
1673 274 1745 315 376·

104 320 286 370 8vincia,
315 320 405 361 sine
432 328 557 370 sorte,
580 320 670 361 sine
698 320 1024 376 comparatione,
1047 328 1168 361 extra
1194 320 1388 362 ordinem
1416 321 1535 363 data:

135 377 255 418 cuius
275 385 318 418 et
337 377 448 432 ipsos
468 377 703 433 postmodo,
725 386 769 418 et
795 377 956 427 Patres,
980 377 1055 434 qui
1075 377 1294 427 dederant,
1316 379 1537 434 poenituit.
1554 402 1700 439 Mmffiis,

136 433 409 490 Inexplorato
424 434 671 491 pabulatum
692 434 886 476 cohortes
907 435 1069 476 misere.

1136 434 1304 483 Quibus
1324 434 1442 476 velut
1462 435 1541 476 cir—

1553 319 1593 348 A.
1617 318 1654 350 C.
1674 316 1746 357 376.

1555 361 1592 390 P.
1609 364 1642 391 et
1659 360 1697 392 C.

1553 447 1614 475 etc.
1631 444 1687 475 Tr.

135 490 383 540 cumventis,
411 507 545 547 quum
572 491 617 533 id
647 491 749 533 falso
775 492 1018 533 nuntiatum
1043 500 1164 541 esset,
1194 491 1310 541 dum,
1332 492 1542 548 praesidio
1558 486 1632 518 Mil.

135 557 186 590 ut
204 557 356 597 essent,
379 548 496 590 citati
520 549 726 599 feruntur,
749 564 803 590 ne
829 558 999 591 auctore
1021 548 1196 605 quidem
1223 558 1444 599 asservato,
1468 549 1542 604 qui

136 620 221 656 eOS‚
242 604 373 646 hostis
395 605 575 648 Latinus
598 621 675 663 pro
697 606 830 648 milite
861 606 1070 656 Romano,
1092 606 1312 648 frustratus
1337 615 1440 656 erat,
1463 605 1543 662 ipsi

136 663 182 704 in
203 662 375 704 insidias
394 664 736 720 praecipitavere.
790 663 855 705 Ibi
873 663 975 704 dum
997 664 1145 719 iniquo
1165 663 1258 705 loco
1280 663 1368 704 sola
1387 663 1541 704 virtute

138 719 322 762 militum
361 729 566 762 restantes
607 721 843 763 caeduntur
883 721 1165 777 caeduntque,
1200 728 1335 762 castra
1372 720 1544 762 interim

139 777 347 828 Romana,
365 778 545 820 iacentia
566 779 610 819 in
631 793 792 834 campo,
816 779 867 819 ab
890 778 1020 820 altera
1039 787 1156 834 parte
1177 778 1318 820 hostes
1339 778 1541 819 invasere.

138 835 211 877 Ab
247 835 427 877 ducibus
463 836 689 892 utrobique
720 835 912 892 proditae
944 836 1181 877 temeritate
1217 844 1344 891 atque
1378 835 1545 877 inscitia

106 901 127 935 9
139 907 217 934 res,

283 891 503 949 Quicquid
523 892 729 950 superfuit
749 893 941 934 fortunae
970 892 1116 949 populi
1147 893 1344 942 Romani,
1368 893 1413 933 id
1435 892 1545 933 mili-

140 959 232 992 tum
253 949 383 991 etiam
404 951 494 992 sine
516 961 677 992 rectore
699 950 857 992 stabilis
878 950 1008 991 virtus
1030 958 1165 992 tutata
1185 959 1258 992 est.

1327 949 1449 998 Quae
1471 950 1544 991 ubi

141 1006 326 1049 Romam
347 1017 446 1049 sunt
466 1008 609 1057 relata,
636 1008 820 1064 primum
842 1008 1092 1049 dictatorem
1114 1008 1198 1049 dici
1219 1007 1435 1064 placebat:
1470 1007 1545 1049 de·—

140 1064 255 1114 inde,
277 1074 501 1121 postquam
530 1066 698 1122 quietae
720 1081 785 1107 res
813 1080 867 1107 ex
888 1065 1054 1107 Volscis
1083 1066 1378 1115 afferebantur,
1401 1074 1444 1106 et
1471 1079 1544 1122 ap-

140 1122 294 1187 paruit,
324 1124 484 1164 nescire
510 1138 581 1164 eos
608 1123 783 1164 victoria
810 1132 853 1164 et
882 1132 1070 1179 tempore
1100 1123 1177 1173 uti,
1207 1123 1388 1164 revocati
1417 1123 1545 1164 etiam

141 1179 242 1221 mde
256 1181 465 1222 exereitus
482 1196 529 1222 ac
546 1180 697 1222 duces:
732 1181 951 1236 otiumque
970 1181 1082 1230 inde,
1101 1189 1306 1237 quantum
1329 1196 1352 1221 a
1365 1180 1542 1229 Volscis,

141 1236 232 1278 fuit.
295 1236 347 1278 Id
369 1238 495 1279 modo
517 1247 706 1280 extremo
729 1253 839 1279 anno
862 1238 1178 1288 tumultuatum,
1202 1238 1318 1294 quod
1339 1238 1545 1279 Praenes-

142 1295 221 1336 tini
238 1296 457 1337 concitatis
479 1295 729 1336 Latinorum
746 1295 913 1352 populis
926 1295 1192 1337 rebellarunt.
1248 1295 1412 1337 Eodem
1434 1311 1545 1337 anno

114 1365 127 1386 1
147 1351 318 1402 Setiam,
352 1353 451 1409 ipsis
472 1353 746 1408 querentibus
777 1353 997 1409 penuriam
1027 1353 1261 1402 hominum,
1286 1353 1383 1393 novi
1406 1353 1546 1394 coloni

143 1410 326 1466 ascripti.

391 1410 621 1466 Rebusque
645 1411 758 1451 haud
783 1411 990 1466 prosperis
1010 1410 1135 1459 bello,
1158 1410 1391 1451 domestica
1412 1411 1544 1466 quies,

144 1482 272 1523 quam
295 1468 559 1509 tribunorum
575 1468 756 1509 militum
777 1483 830 1508 ex
852 1467 974 1523 plebe
988 1468 1121 1523 gratia
1142 1467 1419 1523 maiestasque
1437 1468 1548 1508 inter

144 1540 241 1566 suos
261 1526 456 1575 obtinuit,
479 1525 674 1566 solatium
695 1525 787 1566 fuit.

203 1581 470 1639 Insequentis
491 1583 590 1624 anni
606 1582 811 1638 principia
827 1582 968 1623 statim
984 1582 1191 1624 seditione
1210 1582 1373 1639 ingenti
1395 1598 1544 1633 arsere,

145 1640 324 1682 tribunis
355 1640 537 1681 militum
562 1639 768 1681 consulari
794 1648 999 1695 potestate
1032 1640 1101 1696 Sp.
1119 1640 1259 1689 Furio,
1293 1640 1346 1688 Q.
1367 1639 1546 1682 Servilio
1562 1642 1605 1674 U·
1623 1643 1661 1674 C·
1681 1651 1751 1681 377-

113 1697 392 1747 2secundum,
418 1698 468 1739 C.
486 1697 667 1747 Licinio,
691 1697 738 1738 P.
758 1697 936 1747 Cloelio,
962 1696 1024 1738 M.
1047 1697 1239 1747 Horatio,
1263 1698 1312 1739 L.
1335 1697 1543 1755 Geganio.

147 1754 250 1797 Erat
282 1765 424 1797 autem
458 1763 501 1797 et
539 1755 714 1797 materia
749 1763 791 1796 et
822 1770 947 1796 causa
980 1755 1200 1797 seditionis
1233 1771 1302 1797 aes
1334 1755 1695 1802 alienumzeoexrr.

146 1897 231 1928 nius.
266 1896 318 1927 De
330 1895 447 1936 quibus
461 1896 596 1928 Niebhr.
611 1895 641 1927 ii.
655 1900 720 1927 not.
734 1906 823 1936 ¹324·

147 1940 373 1976 “Brenno-ius,
382 1939 437 1979 qui
451 1939 536 1969 haud
551 1939 649 1969 dubie
661 1941 825 1970 Genucius

147 1986 207 2019 est,
222 1982 344 2021 quippe
365 1987 396 2012 et
421 1981 545 2021 patricii
568 1986 599 2012 et
625 1981 742 2020 plebeii
760 1982 823 2012 Ge-

147 2023 234 2054 nucii
256 2028 358 2061 erunt,
375 2029 406 2053 et
423 2026 462 2054 Ι).
483 2025 658 2054 Trebonius
680 2034 826 2053 censores

148 2066 196 2097 illi
221 2070 311 2097 erant
336 2066 412 2096 vitio
436 2065 546 2102 creati,
566 2076 645 2104 quos
669 2070 825 2095 memorat

149 2113 257 2139 noster
273 2118 357 2147 supr.
374 2117 421 2147 27.
436 2119 499 2138 non
516 2108 647 2145 gemisse
663 2108 825 2145 nmgistm-

149 2156 235 2181 tum:
257 2150 372 2190 quibus
388 2156 575 2186 tmnen‚cur
592 2161 656 2180 reni
675 2161 737 2180 nnn
755 2160 825 2187 age-

150 2198 221 2224 rent
246 2193 349 2223 verius
372 2193 403 2222 in
428 2204 524 2222 enum
547 2193 619 2230 suit,
640 2193 725 2232 qnod
749 2193 825 2223 Tre-

150 2236 266 2266 bonius
282 2235 427 2275 plebeius
443 2241 529 2266 erat:
553 2236 606 2265 scd
626 2235 828 2265 verisimilius

152 2278 279 2309 videtur
295 2278 352 2308 hos
365 2289 510 2308 censores
522 2278 617 2308 fuisse
634 2277 728 2308 liuius
739 2278 827 2315 anni,

151 2321 191 2352 ad
218 2332 315 2352 ηονιω
339 2322 466 2351 tabulas
489 2321 671 2351 scribendas
693 2326 827 2357 creatos,

151 2375 232 2404 quos
255 2363 364 2394 Livius
388 2364 433 2394 vel
457 2364 579 2393 incuria
601 2374 668 2399 nnn,
687 2364 734 2393 vel
753 2363 829 2402 quin.

152 2411 363 2437 monumenta
392 2406 473 2437 neris
502 2406 598 2436 nlieni
631 2405 748 2436 civium
781 2418 827 2435 m»-

154 2449 212 2479 luti
244 2459 307 2479 non
341 2449 548 2488 reliquerunt,
583 2448 830 2488 praeterniisit.''

155 2491 290 2522 Niebhr.
308 2491 339 2522 ii.
356 2503 387 2522 n.
404 2495 474 2531 871.

202 2536 222 2564 8
243 2535 322 2564 Sine
350 2539 444 2570 torte,
473 2536 543 2565 eine
572 2535 826 2574 comparalione]

156 2577 209 2607 lta
232 2581 268 2606 ut
290 2576 409 2607 tribuni
434 2576 574 2607 militum
600 2588 658 2607 nec
682 2577 827 2607 θυι-τίτθη·

154 2624 218 2655 tur„
241 2628 299 2649 nec
323 2623 558 2659 compararent,
579 2619 597 2650 i.
615 2630 642 2650 e.
664 2619 827 2649 communi

155 2671 312 2692 conuentu
337 2660 419 2691 inter
440 2672 473 2691 ne
496 2661 739 2698 constituerent,
759 2661 830 2700 quis

154 2704 196 2735 nd
224 2704 345 2734 bellum
374 2703 491 2743 egredi,
514 2703 585 2743 quin
613 2704 736 2734 Rnnme
763 2714 826 2734 inu-

155 2757 231 2778 nerc
247 2746 388 2776 deberet.
412 2747 517 2777 (Ῐιικν.
550 2746 588 2775 cs.
608 2746 676 2776 infr.
696 2756 770 2777 xxx.
794 2756 817 2777 ι.

198 2800 218 2830 9
242 2789 404 2829 Quicquid
417 2790 581 2828 nuper-suit
597 2790 756 2827 fortunae
774 2799 827 2828 po<

152 2833 225 2872 puli
238 2832 392 2870 [munau-‘J
414 2830 486 2861 Hoc
504 2830 598 2861 niniin
609 2831 693 2861 elnte
707 2831 828 2861 infinite-

156 2885 219 2914 ‹1ue
240 2874 270 2904 in
292 2884 324 2904 re
340 2884 415 2904 :utne
434 2872 493 2904 levi
511 2873 633 2904 dictum
651 2884 730 2910 ense,
747 2878 831 2904 recte

156 2918 302 2948 observat
325 2916 516 2949 Gronovius.
565 2916 649 2955 Lege
672 2926 745 2947 euni
770 2928 828 2947 eo:

870 1897 1032 1937 Quicquid
1046 1899 1224 1937 superfuit,
1241 1908 1358 1938 nempe
1375 1899 1414 1928 de
1431 1898 1480 1928 his
1496 1909 1548 1929 ex-

870 1939 1032 1976 ert-itibus,
1045 1940 1186 1978 fortuna
1210 1943 1324 1980 populi
1349 1943 1498 1978 Romani,
1519 1947 1550 1972 et

870 1983 1005 2011 militum
1022 1984 1116 2012 etiam
1132 1984 1201 2013 sine
1215 1988 1334 2014 reelore
1346 1985 1469 2014 stabilis
1485 1986 1548 2014 vir-

871 2029 933 2060 tus,
960 2029 1066 2053 tutata
1092 2030 1147 2055 cst.
1199 2025 1289 2055 Solet
1318 2025 1440 2062 Livius,
1467 2036 1549 2065 quae

872 2065 1065 2104 insperatam
1083 2066 1219 2096 sulutem
1236 2067 1265 2096 in
1279 2067 1388 2106 aliquo
1407 2068 1549 2106 periculo

871 2109 1062 2144 attulerunt,
1073 2118 1109 2137 ea
1121 2109 1268 2138 fortunae
1283 2109 1394 2148 populi
1411 2110 1549 2140 Romani

872 2150 1030 2187 delegare.
1066 2150 1139 2180 Vid.
1161 2161 1246 2190 supr.
1272 2151 1290 2181 i.
1314 2151 1363 2189 46.
1388 2151 1420 2182 ii.
1444 2162 1493 2190 40.
1518 2158 1550 2183 et

872 2192 948 2222 alibi
974 2193 1110 2233 saepius.
1159 2193 1345 2223 Victorinus
1370 2195 1470 2224 codex
1496 2194 1549 2225 lia—

874 2235 925 2264 bet
943 2237 1094 2274 fortuna.
1117 2237 1223 2266 (Ὶιι-ῑν.
1268 2238 1414 2266 Fortuna
1437 2239 1550 2277 populi

872 2279 1009 2308 Humani
1033 2289 1070 2308 ae
1095 2279 1228 2308 militum
1251 2279 1390 2318 reposuit
1410 2279 1549 2311 Bekkcr.

873 2321 935 2350 Sed
959 2322 1119 2359 furtunae
1148 2321 1267 2351 stroth.
1296 2326 1326 2351 et
1358 2322 1455 2353 Dour.
1483 2333 1547 2353 inn-

875 2364 1120 2402 liirit,tn¹1qii:1111
1136 2363 1244 2393 Livius
1256 2364 1549 2404 scripserit‚“quic-

874 2406 950 2444 quid
967 2406 1073 2435 udliue
1091 2406 1202 2436 salutis
1216 2407 1245 2436 in
1261 2412 1350 2436 mnu·
1367 2407 1550 2438 discrimine

877 2449 997 2488 populu
1016 2449 1165 2479 Romano
1183 2449 1366 2487 contingere
1385 2450 1501 2488 potuit,
1519 2450 1550 2480 id

875 2491 1013 2521 militum
1028 2491 1126 2521 virtus
1138 2492 1206 2522 sine
1219 2492 1300 2521 ‹luee
1312 2497 1456 2522 amm-cum
1470 2495 1552 2524 estst

923 2544 930 2564 Ι
959 2536 1043 2564 Novi
1060 2536 1179 2572 coloni]
1213 2534 1281 2565 lani
1302 2536 1421 2565 &rdiam
1445 2535 1549 2565 coloni

874 2576 959 2606 missi
978 2577 1104 2606 fuerant
1120 2581 1234 2616 quarto
1252 2583 1328 2607 unte
1351 2588 1448 2613 ειιιιιο,
1464 2579 1549 2618 quod

874 2629 913 2649 ex
934 2619 1061 2649 Velleio
1080 2620 1138 2649 sub
1155 2620 1251 2649 finem
1271 2620 1324 2650 lib.
1342 2619 1360 2650 i.
1379 2620 1549 2659 colligitur.

875 2663 980 2692 Cum.
1015 2663 1076 2692 Sed
1090 2662 1209 2692 stroth.
1224 2667 1361 2692 veterem
1378 2662 1548 2694 lectionem

873 2705 968 2735 etiam
1002 2704 1130 2741 retinet,
1157 2709 1189 2734 et
1217 2715 1333 2735 nomen
1362 2705 1448 2736 urbis
1479 2711 1550 2746 post

873 2746 968 2777 etiam
988 2747 1206 2786 reponendum
1225 2752 1342 2778 ceni-et.

919 2799 933 2818 2
953 2790 1138 2827 ('.1.·'cim'o]
1164 2790 1226 2820 l'ro
1239 2792 1273 2821 (ἱ
1284 2791 1419 2828 Licinio,
1431 2792 1467 2822 J..
1479 2792 1550 2823 Me-

876 2833 1005 2862 nenium
1041 2831 1200 2862 Lunntum
1231 2834 1361 2864 tertium
1396 2843 1551 2874 reponen-

876 2873 952 2904 dum
968 2879 1074 2905 censet
1090 2874 1285 2912 numinum,-
1295 2887 1312 2907 ι·
1325 2876 1451 2916 Frngm.
1465 2877 1551 2910 Fust.

877 2917 985 2956 Cupit,

1626 1586 1692 1625 31.

1560 1686 1599 1716 Α.
1624 1686 1662 1716 C.
1680 1693 1752 1724 375.

1560 1729 1615 1768 Sp.
1636 1728 1746 1765 Furio,

1562 1813 1635 1845 Mil.
