1934 3211
525 196 651 239 LIB.
691 195 748 238 IL
790 195 935 238 CAP.
969 200 1036 239 56.
1409 201 1488 241 135

99 285 278 336 silentio,
300 300 427 342 quam
454 285 674 327 consulum
704 285 895 342 imperio,
928 293 971 326 et
1002 285 1155 336 dicere,
1189 287 1372 327 ‘Actum
1400 302 1488 329 esse
1504 306 1546 338 U,
1563 306 1602 337 c,
1620 306 1690 336 23„

102 347 115 366 ‘
130 342 184 385 de
202 342 394 385 libertate
414 358 512 393 sua3
535 358 676 385 rursus
693 343 746 384 ad
762 343 934 399 antiqua
950 342 1155 392 reditum3
1178 358 1275 384 cum
1295 343 1488 386 Genucio
1503 350 1541 380 A·
1565 350 1603 380 C·
1624 356 1692 388 471·

102 405 117 424 ‘
130 415 214 442 una
233 409 440 443 mortuam
460 417 508 443 ac
529 401 735 458 sepultam
758 400 1022 442 tribuniciam
1042 409 1302 457 potestatem.
1356 401 1491 442 Aliud

103 457 354 514 ‘agendum,
391 474 439 500 ac
472 459 757 516 cogitandum,
790 458 1003 515 quomodo
1036 459 1250 500 resistatur
1280 458 1488 500 Patribus.

102 513 182 557 ‘Id
205 524 346 558 autem
373 532 506 558 unum
534 516 754 558 consilium
781 531 883 566 esse,
918 525 965 557 ut
991 531 1033 557 se
1070 516 1160 572 ipsa
1193 515 1325 572 plebs,
1359 531 1492 572 quan-

67 572 185 618 9‘do
224 573 340 616 aliud
381 574 487 616 nihil
527 575 673 616 auxilii
714 575 879 624 habeat,
920 573 1130 615 defendat.
1197 573 1409 622 Quattuor
1449 582 1493 615 et

0 612 1 676 l
102 631 279 688 ‘viginti
313 632 479 675 lictores
514 648 712 690 apparere
745 632 997 682 consulibus,
1031 640 1073 674 et
1107 647 1178 674 eos
1212 632 1323 688 ipsos
1357 631 1493 689 plebis

101 689 331 732 ‘homines
410 690 531 732 Nihil
567 691 860 748 contemptius,
897 705 1035 747 neque
1071 689 1290 740 infirmius,
1327 690 1362 731 si
1395 690 1491 740 sint,

102 753 115 771 ‘
160 747 203 788 ui
224 757 508 790 contemnant.
555 748 642 791 Sibi
665 764 875 806 quemque
898 763 948 790 ea
967 763 1118 805 magna
1137 758 1262 804 atque
1284 747 1495 790 horrenda

103 762 291 847 ‘geere'
351 806 432 848 His
459 807 630 849 vocibus
659 807 728 848 alii
759 806 860 848 alios
889 821 1020 862 quum
1051 806 1304 855 incitassent,
1330 806 1383 847 ad
1405 805 1493 847 Vo-
1507 813 1679 862 Voleronis

73 877 87 900 ι
101 862 289 905 leronem
310 864 555 915 Publilium,
577 864 630 906 de
652 865 774 921 plebe
796 864 1024 913 hominem,
1048 864 1159 921 quia,
1182 864 1297 920 quod
1325 864 1493 905 ordines
1505 858 1650 888 audacm.

101 921 303 972 duxisset,
345 932 530 978 negaret,
568 938 610 964 se
648 922 824 964 militem
857 923 947 964 fieri
983 922 1150 971 debere,
1190 922 1310 964 lictor
1345 922 1494 963 missus

103 988 166 1021 est
214 995 240 1020 a
287 980 538 1022 consulibus
620 980 776 1022 Volero
826 980 1008 1037 appellat
1061 981 1262 1022 tribunos.
1348 980 1494 1029 Quum

72 1036 259 1079 2auxilio
290 1053 414 1080 nemo
443 1048 562 1088 esset,
597 1038 788 1080 consules
820 1038 986 1095 spoliari
1022 1037 1250 1087 hominem,
1288 1047 1329 1080 ct
1360 1038 1495 1094 virgas

103 1095 294 1152 expediri
315 1096 473 1138 iubent.
538 1102 550 1121 ‘
566 1096 779 1147 Provoco‚'
800 1096 951 1153 inquit,
976 1102 987 1119 ‘
1000 1095 1052 1137 ad
1074 1095 1304 1152 populum,'
1321 1095 1493 1146 Volero,

104 1158 116 1177 ‘
132 1154 331 1210 quoniam
353 1155 510 1196 tribuni
532 1155 664 1196 civem
689 1154 929 1196 Romanum
958 1154 1001 1195 in
1023 1163 1251 1210 conspectu
1271 1170 1346 1195 suo
1367 1154 1494 1209 virgis

105 1211 250 1253 ‘caedi
279 1212 454 1262 malunt,
477 1228 602 1268 quam
632 1212 710 1269 ipsi
744 1213 786 1253 in
820 1212 928 1254 lecto
961 1227 1035 1253 suo
1068 1228 1093 1253 a
1123 1212 1239 1253 vobis
1273 1211 1497 1253 tmcidari.’

108 1269 207 1318 Quo
242 1270 421 1311 ferocius
461 1270 712 1319 clamitabat,
750 1285 800 1312 eo
840 1270 1029 1312 infestius
1069 1270 1418 1312 circumscindere
1454 1278 1497 1311 ct

105 1326 282 1383 spoliare
313 1327 444 1369 lictor.
507 1328 620 1369 Tum
647 1328 812 1377 Volero,
836 1337 878 1369 et
908 1327 1150 1384 praevalens
1180 1328 1281 1384 ipse,
1305 1336 1347 1369 et
1377 1327 1496 1368 adiu-

74 1385 298 1426 3vantibus
328 1385 550 1436 advocatis,
584 1386 748 1442 repulso
780 1386 938 1436 lictore,
972 1386 1043 1427 ubi
1076 1385 1387 1441 indignantium
1420 1400 1496 1441 pro

106 1458 149 1484 sc
175 1443 400 1484 acerrimus
425 1453 513 1485 erat
537 1444 705 1493 clamor,
728 1460 778 1485 eo
809 1459 852 1485 se
884 1444 928 1484 in
961 1444 1125 1484 turbam
1150 1443 1495 1484 confertissimam

107 1501 190 1542 reci
224 1501 267 1550 it,
308 1501 539 1551 clamitans,
592 1501 821 1551 ‘Provoco,
862 1510 905 1542 et
954 1501 1082 1543 fidem
1127 1500 1260 1557 plebis
1305 1500 1494 1557 imploro.

107 1559 178 1600 ‘A
212 1567 297 1600 este
328 1558 464 1600 cives!
495 1559 636 1601 adeste
668 1559 1000 1601 commilitones!
1032 1557 1137 1600 nihil
1169 1567 1244 1609 est,
1276 1558 1391 1615 quod
1421 1574 1495 1600 ex-

107 1617 331 1673 ‘spectetis
362 1617 564 1667 tribunos,
598 1617 750 1673 quibus
783 1617 882 1674 ipsis
913 1625 1051 1659 vestro
1083 1616 1239 1658 auxilio
1273 1632 1378 1673 opus
1409 1617 1496 1658 est.'

108 1673 323 1716 Concitati
350 1674 553 1724 homines,
575 1675 705 1716 veluti
735 1675 789 1716 ad
817 1675 1036 1732 proelium,
1059 1690 1101 1716 se
1131 1674 1388 1731 expediunt:
1424 1690 1497 1731 ap-

106 1732 374 1789 parebatque,
390 1748 513 1774 omne
527 1733 753 1775 discrimen
767 1733 911 1775 adesse
926 1749 936 1783 ;
960 1733 1065 1774 nihil
1079 1733 1276 1789 cuiquam
1290 1741 1495 1782 sanctum,

106 1805 192 1832 non
213 1790 373 1847 publici
393 1791 494 1841 fore,
517 1807 602 1833 non
623 1792 772 1848 privati
795 1791 905 1833 iuris.
956 1790 1071 1833 IIuic
1095 1800 1233 1833 tantae
1257 1791 1496 1848 tempestati

106 1863 239 1905 quum
266 1863 309 1890 se
343 1849 534 1891 consules
567 1849 827 1897 obtulissent,
859 1849 979 1891 facile
1013 1849 1176 1906 experti
1208 1858 1318 1899 sunt,
1351 1864 1497 1906 parum

108 1914 240 1948 tutam
276 1907 535 1949 maiestatem
571 1907 660 1948 sine
698 1908 853 1949 viribus
889 1923 990 1949 esse.
1054 1907 1234 1950 Violatis
1269 1907 1497 1957 lictoribus,

107 1963 285 2006 fascibus
305 1964 457 2015 fractis,
493 1981 515 2007 e
552 1965 640 2007 foro
676 1966 720 2006 in
761 1966 919 2007 curiam
955 1965 1292 2022 compelluntur3
1335 1965 1500 2015 incerti,

140 2031 316 2064 uatenus
367 2023 524 2065 Volero
585 2032 798 2065 exerceret
854 2023 1081 2064 victoriam.
1175 2022 1500 2065 Conticescente

108 2037 264 2121 :leindc
294 2080 491 2130 tumultu,
521 2096 652 2137 quum
683 2081 726 2121 in
757 2091 950 2122 senatum
980 2080 1118 2122 vocari
1149 2081 1375 2130 iussissent,
1398 2096 1501 2136 que-

110 2146 262 2178 runtur
304 2138 475 2179 iniurias
524 2154 630 2187 suas,
672 2139 754 2179 vim
806 2138 951 2194 plebis,
995 2138 1219 2180 Voleronis
1269 2138 1498 2179 audaciam.

112 2193 262 2236 Multis
293 2195 489 2237 ferociter
520 2195 642 2237 (lictis
675 2196 904 2246 sententiis,
940 2196 1073 2237 vicere
1108 2196 1304 2245 seniores,
1334 2196 1500 2251 quibus,

112 2252 172 2293 ira
220 2252 392 2294 Patrnm
444 2253 639 2295 adversus
690 2255 967 2295 temeritatem
1018 2253 1151 2310 plebis
1202 2253 1365 2303 certari,
1417 2268 1502 2294 non

141 2310 278 2352 lacuit.

78 2325 139 2412 4p
170 2368 427 2412 Voleronem
460 2369 653 2427 amplexa
676 2371 814 2411 favore
846 2370 963 2427 plebs
993 2369 1194 2427 proximis
1225 2369 1404 2410 comitiis
1431 2369 1504 2410 tri-
1587 2377 1654 2417 56,

154 2503 175 2534 9
198 2494 359 2531 Quattuor
373 2499 403 2525 et
420 2495 552 2533 ω’ῃίηἱί]
579 2495 618 2524 ef.
641 2504 725 2534 supr.
751 2494 782 2525 ii.
875 2503 890 2524 2
915 2495 1074 2533 spoliari]
1101 2494 1226 2533 Corpus
1250 2494 1381 2530 nudare,
1405 2494 1508 2525 scissis

117 2545 142 2567 1.
194 2536 294 2567 Moris
315 2542 383 2567 erut
407 2542 440 2567 ut
467 2538 549 2567 alter
572 2538 681 2567 consul
707 2538 782 2567 ‹luo-
830 2537 878 2567 vel
903 2536 1048 2566 laceratis
1066 2537 1215 2573 vestibus,
1233 2536 1333 2574 virgam
1348 2537 1505 2576 expediri,

114 2578 217 2609 decim
244 2578 370 2609 lictores
393 2590 464 2609 curn
490 2580 627 2610 saucibus
643 2580 786 2614 haberet,
832 2581 932 2609 finces
949 2579 1084 2617 religari,
1102 2579 1265 2618 virgasque
1290 2579 1363 2609 inde
1379 2580 1418 2610 nd
1437 2591 1505 2610 cne-

114 2621 251 2651 alterum
273 2631 426 2652 necemus
452 2624 667 2662 praecederet,
683 2628 714 2653 et
733 2623 785 2652 lic·
831 2623 971 2652 (lendum
990 2622 1134 2661 expromi
1151 2627 1248 2661 utque
1267 2622 1380 2661 pnrnri.
1403 2624 1478 2654 Srn.

115 2668 200 2694 tores
222 2663 289 2694 nine
311 2664 449 2695 fascibus
471 2676 553 2705 pone
569 2671 785 2705 sequerentur.
876 2675 892 2703 3
917 2666 1105 2702 Advenit-'sl
1152 2665 1194 2695 lis
1217 2665 1270 2704 qni
1298 2676 1413 2696 causae
1439 2665 1508 2696 eiua

116 2707 249 2738 Sueten.
265 2708 358 2738 Caes.
378 2717 425 2738 το.
832 2709 938 2738 sau-en·
964 2719 997 2737 ne
1030 2708 1272 2747 profitebuntur,
1297 2714 1327 2738 et
1359 2709 1388 2738 ei
1419 2710 1504 2749 apud

165 2759 173 2780 ι
202 2750 294 2787 Quod
307 2751 433 2780 ordines
447 2751 606 2788 durium]
632 2750 787 2780 Centurio
835 2751 1003 2790 populum.
1030 2751 1068 2780 ud
1103 2761 1197 2790 quem
1231 2752 1436 2790 provocabat,
1462 2752 1505 2783 ns-

118 2791 239 2828 suimet,
263 2797 293 2822 et
318 2791 435 2822 idcirco
463 2793 555 2822 milen
580 2793 789 2832 mnnipuluris
834 2794 966 2823 futur-on.
991 2795 1097 2824 Cum.

118 2835 183 2866 fleri
212 2836 322 2867 nollet.
378 2836 450 2866 noc
478 2835 559 2865 inter
586 2836 788 2865 incommoda
883 2849 899 2874 ⁴
927 2837 1049 2866 stat-ore
1071 2837 1175 2875 plebs]
1219 2836 1334 2867 Adhuc
1362 2836 1509 2868 videntur

117 2878 268 2908 militaria
295 2878 397 2917 plebis
423 2883 524 2914 euenit,
543 2878 657 2917 quibua
682 2884 789 2918 pontt-n
835 2878 964 2908 comitia
986 2879 1107 2908 curium
1132 2884 1323 2919 potestantem
1342 2879 1508 2911 retinuisse

118 2920 241 2960 legibus
255 2932 274 2951 n
294 2921 327 2951 1,.
345 2921 494 2952 Genucio
512 2921 583 2951 lutis
598 2922 788 2952 subventum
837 2921 1037 2961 repudiandi,
1067 2932 1146 2961 quon
1184 2922 1319 2958 nollent.
1352 2922 1509 2959 tribuno«,

117 2968 175 2995 cot.
201 2963 270 2995 infr.
289 2963 338 2995 vii.
356 2974 405 3003 41.
836 2965 888 2995 »cd
908 2964 937 2995 in
957 2965 1135 3005 '‘raesentia
1153 2976 1212 2996 vox
1231 2965 1438 3006 patriciorum
1455 2967 1507 2996 ob-
