1934 3211
591 195 718 238 LIB.
754 195 854 237 VII.
899 196 1039 238 CAP.
1075 203 1141 239 33.
1484 207 1567 245 435

221 289 324 331 Non
344 288 444 330 alias
465 287 588 328 militi
609 287 854 329 familiarior
872 287 962 329 dux
982 289 1075 338 fuit,
1098 290 1240 330 omnia
1265 291 1374 331 inter
1398 293 1564 337 infimos
1582 305 1623 337 U.
1641 307 1679 339 C.
1697 318 1769 346 412.

160 345 342 387 militum
368 344 483 386 haud
507 354 678 401 gravate
700 345 846 386 mimia
865 346 1076 388 obeundo.
1140 346 1192 387 In
1221 346 1321 388 ludo
1349 360 1562 404 praeterea
1579 349 1616 379 A.
1641 350 1680 381 C.
1697 359 1769 388 3⁴0·

157 402 341 452 militari,
363 417 497 458 quum
518 402 752 444 velocitatis
772 403 1011 460 viriumque
1041 404 1152 445 inter
1178 419 1221 445 se
1250 405 1446 461 aequales
1473 422 1563 450 cer·
1596 448 1608 458 ,
1682 449 1688 455 ,

156 460 317 501 tamina
336 460 501 510 ineunt,
519 460 696 502 comiter
714 460 846 502 facilis
863 461 1030 503 vincere
1052 477 1100 503 ac
1116 462 1228 503 vinci
1244 462 1365 504 vultu
1385 464 1535 506 eodem
1549 482 1560 515 3
1576 447 1760 523 ἔέἐξῗῗζιῐῗῆ

155 531 236 559 nec
257 532 516 574 quemquam
544 518 756 574 aspernari
782 533 938 574 parem,
961 519 1036 575 qui
1057 534 1100 561 se
1122 519 1316 569 offerret3
1349 520 1468 562 factis
1489 522 1553 564 be·
1574 533 1710 564 minaris
1722 535 1779 565 mi-

126 574 310 631 1nignus
340 590 417 632 pro
448 590 506 625 re,
529 575 652 617 dietis
683 575 798 617 haud
831 576 970 618 minus
1000 577 1204 619 libertatis
1235 577 1409 629 alienae,
1431 594 1559 636 quam
1575 574 1624 605 liti
1641 576 1718 608 dux.

153 646 253 674 suae
276 632 506 689 dignitatis,
530 648 712 675 memor:
747 641 801 684 et,
821 649 905 690 quo
927 634 1033 675 nihil
1048 634 1291 692 popularius
1311 645 1386 686 est,
1405 637 1559 693 quibus

152 689 311 732 artibus
341 690 521 747 petierat
550 691 828 747 magistratus,
851 691 1001 733 iisdem
1033 693 1217 749 gerebat.
1281 692 1432 750 Itaque
1463 696 1557 736 uni-
1573 706 1736 737 Proelium

150 761 295 789 versus
322 748 545 798 exereitus,
576 748 814 790 incredibili
846 749 1061 791 alacritate
1091 750 1429 793 adhortationem
1460 750 1752 809 pr0„curyxs;1n1-

119 813 319 847 2secutus
340 805 472 856 ducis,
490 806 634 848 castris
655 806 881 862 egreditur.
925 807 1153 857 Proelium,
1172 816 1219 849 ut
1236 809 1352 865 quod
1373 811 1555 853 maxime
1569 793 1691 866 {32:2⁰⁵

151 877 354 919 unquam,
388 864 479 920 pari
514 879 601 920 spe,
636 864 848 920 utrimque
885 865 1030 921 aequis
1063 866 1233 916 viribus,
1271 882 1368 908 cum
1401 867 1558 910 fiducia

149 920 228 971 sui,
250 921 340 962 sine
368 929 617 978 contemptu
642 921 840 972 hostium,
863 923 1131 964 commissum
1157 932 1230 965 est.
1298 923 1557 968 Samnitibus

118 977 347 1020 sferociam
383 979 594 1035 augebant
629 994 761 1021 novae
800 994 866 1021 res
898 988 1039 1036 gestae
1073 990 1116 1022 et
1148 996 1303 1038 paucos
1336 991 1433 1024 ante
1467 983 1556 1025 dies

147 1036 362 1092 geminata
392 1036 593 1085 victoria3
628 1036 833 1078 Romanis
863 1046 1010 1079 contra
1040 1039 1447 1095 quadringentorum
1481 1056 1555 1082 an—

146 1107 299 1134 norum
324 1093 478 1135 decora
504 1103 547 1135 et
574 1093 770 1136 conditae
800 1095 895 1136 urbi
923 1095 1110 1152 aequalis
1131 1096 1329 1139 victoria:
1364 1098 1553 1154 utrisque

147 1158 290 1192 tamen
320 1166 453 1193 novus
485 1151 616 1193 hostis
651 1166 794 1193 euram
831 1152 1024 1194 addebat.
1089 1153 1241 1209 Pugna
1271 1155 1429 1197 indicio
1460 1156 1552 1206 fuit,

144 1222 251 1264 quos
285 1209 492 1264 gesserint
524 1210 710 1251 animos:
756 1225 940 1268 namque
973 1211 1031 1252 ita
1064 1212 1360 1262 conflixerunt,
1395 1223 1443 1254 ut
1478 1214 1553 1255 ali-

144 1266 351 1322 quamdiu
371 1267 416 1307 in
437 1276 630 1309 neutram
656 1276 817 1323 partem
845 1268 1098 1310 inclinarent
1123 1269 1243 1310 acies.
1309 1270 1423 1311 Tum
1452 1286 1552 1313 con-

144 1322 222 1373 sul,
246 1324 571 1381 trepidationem
603 1325 876 1366 iniiciendam
907 1334 1034 1376 ratus,
1062 1326 1233 1383 quando
1259 1328 1300 1368 vi
1332 1327 1433 1384 pelli
1464 1343 1551 1370 non

143 1388 353 1436 poterant,
376 1382 590 1438 equitibus
620 1382 814 1424 immissis
848 1384 1014 1425 turbare
1048 1385 1184 1440 prima
1216 1385 1335 1441 signa
1367 1385 1550 1427 hostium

142 1447 331 1479 conatur.
397 1439 517 1488 Quos
554 1439 626 1481 ubi
660 1441 946 1496 nequicquam
985 1441 1289 1483 tumultuantes
1330 1443 1375 1483 in
1416 1444 1551 1499 spatio

141 1495 298 1552 exiguo
329 1496 493 1538 volvere
526 1506 682 1538 turmas
713 1497 831 1547 vidit,
864 1513 942 1539 nec
978 1513 1098 1554 posse
1132 1499 1293 1554 aperire
1330 1499 1375 1539 in
1410 1499 1551 1542 hostes

141 1553 266 1604 viam,
289 1563 479 1596 revectus
503 1554 557 1595 ad
583 1555 878 1611 antesignanos
904 1555 1134 1609 legionum,
1158 1570 1291 1611 quum
1314 1555 1551 1599 desiluisset

141 1625 195 1651 ex
231 1625 356 1667 equo,
390 1611 651 1662 ‘Nostrum‚’
684 1612 837 1668 inquit,
877 1612 1097 1668 ‘peditum
1134 1612 1251 1662 illud,
1284 1613 1453 1664 milites,
1486 1624 1549 1656 est

141 1673 285 1724 ‘opus.
350 1669 596 1725 Agitedum‚
632 1678 679 1710 ut
712 1684 778 1710 me
812 1669 1014 1720 videritis,
1049 1685 1304 1727 quacunque
1339 1671 1548 1714 incessero

139 1731 151 1750 ‘
167 1725 212 1766 in
232 1725 367 1767 aciem
388 1726 586 1776 hostium,
604 1726 712 1768 ferro
733 1727 844 1768 viam
869 1726 1106 1778 facientem,
1124 1728 1182 1769 sic
1204 1743 1280 1785 pro
1301 1743 1344 1769 se
1367 1730 1546 1786 quisque

138 1782 311 1825 ‘obvios
351 1784 536 1826 sternite.
601 1783 679 1825 Illa
715 1784 869 1834 omnia,
907 1800 992 1841 qua
1027 1800 1142 1827 nunc
1184 1795 1348 1827 erectae
1389 1787 1547 1829 micant

136 1839 323 1891 ‘hastae‚
356 1841 564 1898 patefacta
595 1851 730 1899 strage
762 1851 877 1884 vasta
909 1843 1115 1884 cernetis.'
1177 1843 1298 1885 Haec
1326 1844 1440 1886 dicta
1472 1845 1546 1887 de-

136 1897 269 1948 derat,
294 1914 427 1955 quum
458 1900 623 1956 equites
654 1900 837 1942 consulis
870 1901 986 1942 iussu
1018 1900 1262 1943 discurrunt
1294 1902 1337 1942 in
1372 1917 1543 1953 cornua,

135 1954 373 2012 legionibus
402 1957 446 1997 in
475 1956 657 1998 mediam
686 1958 819 1998 aciem
850 1959 1047 2013 aperiunt
1071 1958 1193 1999 viam.
1258 1959 1424 2000 Primus
1455 1975 1544 2001 om-

134 2013 256 2054 nium
286 2013 433 2055 consul
465 2014 627 2054 invadit
658 2014 850 2062 hostem3
888 2024 943 2064 et,
975 2029 1073 2056 enm
1104 2030 1190 2070 qno
1220 2015 1326 2056 forte
1364 2017 1541 2058 contulit

134 2070 326 2126 gradum,
349 2071 583 2112 obtruncat.
649 2070 745 2111 Hoc
774 2071 1013 2127 spectaculo
1042 2072 1205 2112 accensi
1228 2072 1376 2113 dextra
1406 2073 1542 2114 laeva-

134 2142 233 2183 que,
255 2137 352 2169 antc
375 2142 418 2169 se
439 2128 632 2184 quisque,
656 2128 977 2169 memorandum
1000 2128 1204 2184 proelium
1228 2129 1353 2170 cient.
1419 2129 1539 2171 Stant

135 2185 271 2226 obnisi
296 2185 518 2235 Samnites,
537 2201 779 2241 quanquam
803 2185 923 2242 plura
943 2186 1168 2242 accipiunt,
1187 2201 1314 2242 qnam
1339 2186 1538 2237 inferunt,

134 2241 318 2284 vulnera.
383 2242 663 2299 Aliquamdiu
697 2243 779 2284 iam
814 2253 1046 2299 pugnatum
1082 2252 1197 2289 erat:
1235 2254 1354 2284 atrox
1388 2245 1538 2286 caedes

101 2299 243 2345 ⁴circa
268 2301 387 2356 signa
410 2300 676 2349 Samnitium,
700 2300 797 2356 fuga
822 2301 873 2341 ab
896 2300 1113 2341 nulladum
1155 2310 1257 2342 warte
1284 2310 1397 2342 erat:
1432 2302 1537 2343 adeo

133 2365 265 2399 morte
305 2357 393 2399 sola
426 2358 539 2399 vinci
576 2357 884 2399 destinaverant
927 2358 1086 2399 animis
1141 2316 1299 2414 lItaque
1339 2357 1535 2408 Romani,

132 2429 264 2470 quum
287 2424 330 2456 et
350 2416 479 2456 fluere
506 2415 588 2456 iam
615 2414 857 2456 lassitudine
881 2415 987 2456 vires
1009 2415 1227 2464 sentirent,
1251 2424 1293 2456 et
1315 2415 1399 2456 dici
1422 2415 1535 2458 haud
1577 2450 1585 2454 .

132 2471 313 2513 multum
349 2482 597 2529 superesset,
634 2473 797 2514 accensi
836 2473 893 2513 ira
931 2473 1144 2513 concitant
1187 2488 1229 2513 se
1271 2473 1313 2513 in
1357 2472 1531 2514 hostem.

132 2527 245 2569 Tum
267 2529 448 2585 primum
476 2530 617 2571 referri
651 2530 802 2585 pedem
833 2540 960 2585 atque
992 2529 1181 2570 inclinari
1211 2545 1299 2570 rem
1327 2530 1368 2570 in
1392 2530 1533 2585 fugam

180 2659 189 2680 1
218 2651 286 2680 Prae»
307 2652 357 2688 rc]
391 2651 453 2681 Pro
478 2653 563 2682 varin
587 2662 704 2687 renum,
729 2656 806 2682 tem-
899 2662 915 2690 3
935 2654 1061 2682 l'mwns
1078 2657 1153 2683 ante
1169 2654 1252 2690 dies]
1279 2654 1412 2693 eficap.
1429 2664 1533 2693 praee.

132 2701 259 2731 porum,
271 2702 542 2732 personummqne
555 2694 686 2725 rationo.
700 2696 807 2724 (Ῐιιι-ῑν.
854 2700 883 2724 ct
901 2705 984 2733 quae
1002 2694 1042 2723 ibi
1061 2700 1171 2724 notata
1187 2699 1271 2724 nunt.

131 2736 200 2764 Pro
214 2745 249 2765 rc
266 2740 354 2766 nam.
378 2735 446 2766 Cic.
467 2737 534 2766 Ati.
549 2736 600 2766 vii.
618 2737 646 2766 8.
899 2748 916 2773 4
939 2737 989 2766 Ab
1005 2737 1192 2774 nulladum]
1219 2737 1248 2767 h.
1261 2748 1288 2767 e.
1308 2738 1358 2767 Ab
1375 2738 1465 2769 nulla
1477 2739 1531 2770 ad-

175 2786 190 2807 2
218 2778 400 2815 Proelium]
425 2778 499 2808 Hoc
517 2778 638 2816 proelio
655 2783 808 2817 tanquam
855 2778 928 2808 hnc.
951 2778 1180 2809 infr.xxix.11.
1209 2780 1391 2810 nullasdum
1405 2782 1440 2811 ὄπ
1451 2783 1531 2812 Λεία

129 2821 368 2859 pracroqaen'w,
383 2820 465 2851 inter
480 2820 663 2851 Romanam
677 2824 808 2857 gentem
854 2822 1000 2852 civitaten
1026 2822 1127 2851 socias
1151 2821 1287 2852 habehat
1308 2824 1448 2862 populus
1471 2824 1531 2854 Ro-

131 2865 163 2891 et
188 2862 397 2900 Satn-nicam,
420 2873 482 2893 non
514 2863 611 2893 modo
636 2868 707 2893 uter
733 2862 811 2893 utri«
855 2873 983 2899 manum,
1009 2863 1062 2893 nbi
1096 2864 1187 2902 plum
1215 2864 1256 2894 de
1286 2864 1348 2895 hoc
1380 2865 1530 2904 loquendi

131 2903 315 2944 imperaret,
332 2905 385 2935 ned
412 2911 481 2935 mur
507 2905 622 2937 Italiae
648 2906 731 2944 logos
753 2905 806 2936 ‹ln-
855 2915 943 2935 more
967 2906 1118 2944 exempla
1135 2906 1265 2945 collegit
1283 2907 1531 2939 Drakenborch-

133 2951 191 2980 τοι,
207 2952 364 2977 certatum
383 2952 439 2979 est.
855 2948 912 2977 ius.

1193 3003 1215 3030 r
1237 2990 1259 3032 f
1273 2994 1297 3031 2
