1934 3211
203 525 366 565 Prodigio-

202 578 272 598 rum
294 579 406 608 procu-

202 616 291 642 ratio.

274 863 340 901 21.

419 199 472 237 26
929 197 1078 239 ΤΙΤΙ
1119 198 1296 240 LIVII

418 274 532 330 33013
559 286 726 337 fierent,
754 296 879 344 atque
909 288 1062 330 unde
1051 304 1095 329 111
1127 304 1198 330 003
1230 297 1418 345 sumptus
1445 289 1626 346 pecunia
1659 304 1806 346 eroga-

417 353 542 386 retur.
594 344 748 387 Cetera
768 361 936 402 quoque
958 346 1099 387 omnia
1118 346 1285 403 publica
1303 347 1545 403 privataque
1567 363 1681 389 sacra
1700 363 1806 413 pon-

419 402 541 443 tificis
561 403 673 443 scitis
693 404 885 445 subiecit:
910 412 957 444 ut
978 413 1097 454 esset,
1116 420 1199 460 quo
1216 404 1452 445 consultum
1467 405 1609 461 plebes
1624 406 1803 454 veniret3

419 474 472 500 ne
495 460 598 516 quid
619 461 780 501 divini
770 461 882 510 luris,
900 461 1152 517 negligendo
1173 462 1327 517 patrios
1348 462 1461 511 ritus,
1479 463 1804 518 peregrinosque

419 517 669 567 asciscendo,
705 519 950 560 turbaretur.
1014 519 1106 560 Nec
1140 519 1338 560 coelestes
1369 519 1493 560 modo
1520 520 1804 569 caerimonias,

419 575 516 615 sed
507 585 615 616 iusta
627 591 796 632 quoque
809 576 999 617 funebria
1011 576 1318 632 placandosque
1335 576 1497 626 Manes,
1512 585 1558 617 ut
1571 576 1685 617 idem
1699 592 1806 632 pon-

420 632 523 673 tifex
554 633 771 683 edoceret3
811 649 1002 690 quaeque
1039 634 1239 690 prodigia,
1272 633 1516 674 fulminibus
1551 633 1683 674 aliove
1719 649 1805 689 quo

418 690 510 731 visu
530 691 664 740 missa,
683 691 990 756 susciperentur
1011 701 1135 747 atque
1157 700 1490 747 procurarentur.
1538 690 1611 731 Ad
1626 706 1676 733 ea
1691 691 1836 733 elici-3

418 748 529 788 enda
560 764 612 789 ex
643 749 854 790 mentibus
882 749 1045 798 divinis,
1078 748 1168 790 Iovi
1200 748 1334 789 Elicio
1369 763 1481 788 aram
1511 749 1556 789 in
1589 748 1838 792 Aventino4

418 804 550 846 dicav
541 816 584 855 lt,
600 806 810 861 deumque
825 806 1034 847 consuluit
1047 806 1241 862 auguriis,
1257 822 1363 862 quae
1377 806 1641 862 suscipienda
1653 814 1802 848 essent.

477 863 549 903 Ad
577 863 679 904 haec
707 863 981 904 consultanda
1006 864 1363 929 procurandaque,
1393 863 1662 904 multitudine
1689 864 1806 904 omni

203 918 285 957 Pop.
302 919 383 967 Rq».
417 935 442 961 a
467 920 508 960 vi
541 929 584 961 et
615 921 738 961 armis
769 936 978 971 conversa,
1007 930 1050 962 et
1082 922 1210 962 animi
1240 921 1399 977 aliquid
1423 921 1585 977 agendo
1613 921 1806 977 occupati

201 961 288 991 mani
296 962 374 1001 relig
356 972 405 991 ⁰10

201 1008 233 1033 et
251 1005 377 1044 tranqui

200 1045 283 1077 litas.

381 986 547 1034 10103111,
582 986 625 1018 01
665 978 838 1019 (100111111
876 979 1038 1020 3331(1113
1072 979 1256 1020 insidens
1288 994 1399 1028 cura,
1434 994 1566 1043 quum
1605 979 1804 1020 interesse

416 1035 538 1076 rebus
560 1035 754 1076 humanis
771 1036 948 1077 coeleste
966 1052 1124 1077 numen
1139 1036 1362 1086 videretur,
1381 1051 1431 1077 ea
1445 1036 1598 1092 pietate
1616 1036 1805 1077 omnium

415 1102 586 1148 pectora
605 1093 823 1143 imbuerat,
846 1102 893 1134 ut
913 1094 1017 1134 fides
1045 1109 1091 1134 ac
1122 1094 1421 1143 iusiurandum,
1448 1094 1639 1150 proximo
1657 1093 1804 1159 ‘legum

416 1165 463 1191 30
495 1165 726 1206 poenarum
756 1159 884 1200 1110111,
912 1151 1122 1192 civitatem
1147 1160 1351 1207 regerent.
1414 1151 1470 1193 Et
1494 1167 1624 1207 quum
1655 1152 1733 1208 ipsi
1760 1163 1836 1196 305

416 1207 606 1248 homines
639 1223 684 1248 111
719 1208 839 1263 regis,
876 1208 990 1249 velut
1020 1208 1133 1249 unici
1164 1208 1358 1264 exempli,
1389 1224 1524 1250 mores
1555 1209 1801 1258 formarent3

416 1273 507 1305 tum
542 1265 709 1306 finitimi
745 1266 871 1306 etiam
906 1265 1064 1322 populi,
1099 1282 1171 1322 qui
1207 1275 1316 1315 ante,
1352 1275 1498 1315 castra,
1531 1281 1617 1307 non
1656 1267 1804 1308 urbem

414 1323 592 1378 positam
618 1323 662 1363 in
690 1323 829 1364 medio
861 1324 914 1364 ad
939 1323 1241 1364 sollicitandam
1272 1324 1460 1364 omnium
1481 1339 1639 1380 pacem,
1669 1324 1805 1365 credi-

415 1380 576 1429 derant,
613 1381 657 1420 in
689 1396 781 1421 eam
813 1381 1109 1422 verecundiam
1145 1381 1316 1422 adducti
1349 1390 1458 1430 sunt,
1495 1390 1543 1422 ut
1577 1381 1802 1431 civitatem,

416 1446 546 1478 totam
579 1438 623 1478 in
658 1438 817 1479 cultum
847 1454 1006 1479 versam
1037 1439 1225 1488 deorum,
1256 1439 1402 1480 violari
1433 1439 1636 1480 ducerent
1674 1439 1801 1481 nefas.

415 1495 558 1536 Lucus
588 1505 688 1545 erat,
721 1511 847 1551 quem
878 1496 1064 1537 medium
1095 1511 1148 1537 ex
1178 1512 1308 1552 opaco
1338 1511 1465 1552 specu
1494 1497 1586 1538 fons
1625 1496 1804 1553 perenni

415 1553 577 1609 rigabat
607 1569 725 1609 aqua.
792 1553 889 1602 Quo
921 1554 1019 1609 quia
1048 1569 1090 1594 se
1121 1569 1320 1610 persaepe
1343 1553 1487 1594 Numa
1511 1554 1598 1595 sine
1627 1555 1803 1605 arbitris,

415 1611 530 1652 velut
555 1611 608 1651 ad
632 1626 898 1667 congressum
923 1612 1038 1661 deae,
1070 1611 1286 1661 inferebat,
1312 1610 1510 1652 Camenis
1537 1627 1634 1653 eum
1661 1611 1804 1653 lucum

416 1669 607 1717 sacravit3
637 1669 753 1724 quod
783 1684 925 1710 earum
953 1669 1011 1710 ibi
1037 1669 1213 1710 concilia
1239 1684 1335 1710 cum
1357 1669 1534 1725 coniuge
1556 1684 1630 1710 sua
1651 1669 1805 1725 Egeria

415 1736 563 1768 essent.
632 1726 688 1767 Et
707 1726 783 1767 soli
805 1726 923 1767 Fidei
945 1726 1130 1767 sollenne
1152 1727 1345 1767 instituit.
1408 1726 1482 1767 Ad
1508 1726 1553 1767 id
1579 1727 1836 1767 sacrarium6

415 1784 603 1825 flamines
648 1784 767 1840 bigis,
804 1799 929 1825 curru
970 1792 1151 1833 arcuato,
1195 1785 1290 1825 vehi
1330 1784 1459 1833 iussit,
1496 1799 1707 1840 manuque
1750 1784 1835 1832 ad7

413 1841 567 1897 digitos
602 1857 734 1897 usque
767 1841 954 1882 involuta
982 1857 1071 1882 rem
1107 1842 1290 1882 divinam
1325 1842 1485 1883 facere:
1523 1842 1804 1898 significantes

414 1899 543 1940 fidem
574 1899 806 1948 tutandam,
836 1899 1063 1955 sedemque
1091 1899 1180 1941 eius
1207 1899 1333 1941 etiam
1361 1900 1405 1940 in
1426 1899 1584 1940 dextris
1604 1908 1803 1941 sacratam

414 1972 515 1998 esse.
578 1956 719 1998 Multa
750 1957 831 1999 3113
860 1957 1061 1998 sacrificia
1091 1957 1265 2013 locaque
1295 1957 1419 1999 sacris
1449 1957 1663 2007 faciendis,
1695 1972 1802 2013 quae

458 2115 475 2145 3
497 2107 776 2144 Procurarentnr]
811 2105 1016 2136 Gur-arentur
1042 2105 1085 2135 le-

412 2149 497 2188 gitur
517 2148 549 2178 in
566 2149 638 2179 MS.
657 2149 796 2179 Vindob.
819 2150 904 2187 quod
922 2148 1086 2178 Drakenb.

412 2191 563 2230 sequitur.
611 2192 651 2222 In
675 2192 755 2222 Cod.
784 2191 908 2221 I-Iarlei.
935 2201 962 2221 2.
991 2201 1086 2230 quem

413 2234 533 2264 Stroth.
551 2238 583 2264 et
604 2234 743 2264 Bekker.
767 2238 954 2272 sequuntur,
973 2244 1087 2273 procu-

413 2281 579 2313 rarentur,
603 2277 688 2315 quod
713 2287 732 2306 a
758 2276 897 2307 Crevier.
924 2277 1086 2315 probatur.

413 2319 465 2350 Sc.
483 2319 697 2358 expiarentur.

457 2374 476 2401 4
498 2363 568 2392 Iovi
583 2362 704 2399 Elicio]
735 2361 769 2391 Is
791 2361 876 2391 idem
900 2360 955 2400 qui
978 2364 1088 2390 Καται-

413 2402 524 2442 βάτης,
548 2405 726 2441 (1030011301,
747 2404 934 2443 fulgurator‚
952 2401 1008 2442 (de
1023 2413 1086 2442 quo

417 2447 527 2477 Burm.
545 2447 638 2477 docte
654 2446 717 2485 egit
737 2446 769 2476 in
791 2445 942 2485 singulari
959 2444 1086 2485 libello)

414 2490 474 2519 nisi
494 2490 578 2528 quod
602 2489 657 2519 ille
680 2489 725 2519 ita
747 2488 851 2518 dictus
874 2492 919 2518 est
943 2498 962 2518 a
985 2487 1088 2527 prisca

415 2532 565 2571 opinione
583 2532 788 2562 Etruscorum
806 2535 838 2561 et
854 2531 1087 2566 Romanorum,

413 2585 478 2613 qua
496 2574 620 2614 Iupiter
642 2578 673 2604 et
693 2574 830 2603 fulmina
850 2573 944 2603 sacris
960 2573 1086 2612 quibus-

414 2618 489 2646 ‹lam
520 2622 551 2647 et
580 2616 815 2656 precationibus
843 2626 861 2646 e
890 2616 980 2646 coelo
1005 2616 1087 2651 elici,

416 2658 514 2697 (quae
530 2660 610 2689 ratio
626 2659 774 2695 nominis,
786 2660 826 2688 ab
840 2659 933 2689 Ovid.
948 2659 1033 2688 Fast.
1044 2658 1087 2688 iii.

420 2710 490 2740 327,
516 2703 584 2740 328.
608 2706 795 2739 memorata,
823 2701 1015 2740 probabilior
1040 2704 1089 2730 est

414 2754 466 2777 ea,
479 2754 574 2781 quam
591 2744 621 2774 h.
639 2745 659 2774 1.
678 2744 786 2774 Livius
801 2742 926 2784 attulit)
944 2744 993 2773 vel
1009 2745 1087 2782 coyi,

417 2787 540 2815 evocari
562 2790 593 2815 et
615 2788 781 2825 impetrari
805 2796 896 2826 posse
917 2786 1086 2816 credeban-

416 2832 479 2863 tur,
492 2828 576 2865 quod
593 2838 611 2857 a
629 2829 801 2865 Porsenna,
817 2829 929 2859 Numa
944 2832 975 2858 et
988 2828 1087 2858 Tullo

420 2869 561 2899 Hostilio
577 2870 696 2899 factum
717 2871 812 2901 refert
830 2871 913 2902 Plin.
932 2871 976 2901 ΙΙ.
995 2871 1037 2901 N.
1054 2871 1085 2901 ii.

417 2921 470 2951 52-
487 2920 535 2950 53.
553 2911 660 2941 xxviii.
678 2921 705 2942 2.
732 2913 815 2942 111-1».

465 2963 482 2993 5
512 2955 663 2984 Prooeimo
680 2977 687 2984 .
704 2977 710 2984 .
729 2977 736 2984 .
754 2978 760 2985 .
777 2956 877 2992 metu]
937 2956 1087 2987 Pron-ime

1130 2105 1237 2144 legum
1263 2114 1300 2135 ae
1328 2113 1503 2144 poenarum
1528 2107 1644 2135 metum
1673 2102 1804 2134 coniicit

1132 2148 1289 2178 Muretus.

1178 2189 1197 2221 6
1223 2192 1269 2220 Et
1292 2191 1349 2221 soli
1374 2190 1466 2221 Fidei
1489 2190 1617 2220 solenne
1643 2189 1800 2228 instituit]

1132 2233 1173 2263 Ei
1190 2243 1266 2272 prae
1278 2232 1390 2263 ceteris
1405 2232 1590 2262 numinibus
1605 2231 1744 2262 instituit
1755 2242 1802 2262 saf

1131 2286 1184 2305 cra
1200 2275 1323 2305 solenni
1342 2279 1374 2305 et
1396 2274 1547 2314 singulari
1562 2274 1624 2304 ritu
1641 2275 1803 2305 celebran-

1131 2319 1184 2355 da,
1208 2322 1334 2357 putans,
1357 2321 1393 2347 ut
1414 2322 1489 2347 ante
1512 2317 1634 2346 dietum
1657 2320 1716 2354 est,
1732 2318 1803 2356 fide

1132 2360 1332 2399 potissimum
1347 2370 1386 2389 (ιο
1401 2361 1472 2390 iure
1492 2361 1629 2390 iurando
1643 2361 1803 2390 civitatem

1130 2404 1311 2441 reyendam,
1333 2406 1376 2439 et,
1396 2405 1432 2431 ut
1457 2402 1591 2441 Dionys.
1607 2401 1638 2432 ii.
1658 2409 1694 2441 75
1711 2401 1802 2439 dicit,

1133 2445 1292 2481 Iustitiae,
1306 2444 1451 2481 Nemesi,
1462 2444 1566 2474 Furiis
1577 2444 1710 2482 aliisque
1722 2443 1802 2474 eius—

1130 2487 1218 2517 modi
1244 2487 1428 2517 numinibus
1452 2486 1587 2516 honores
1609 2486 1732 2516 divinos
1753 2490 1803 2517 sat

1131 2530 1257 2568 amplos
1278 2540 1297 2559 a
1319 2529 1502 2567 maioribus,
1526 2529 1618 2559 Fidei
1639 2539 1723 2567 vern,
1739 2539 1803 2568 qua

1130 2573 1221 2602 nulla
1244 2582 1293 2602 res
1319 2571 1501 2601 hominibus
1526 2575 1582 2601 aut
1608 2571 1710 2602 maior
1734 2581 1803 2602 esse

1132 2619 1238 2654 posset
1263 2618 1319 2644 aut
1344 2614 1493 2651 sanctior,
1512 2614 1639 2644 nullum
1667 2614 1802 2652 cultum,

1131 2667 1191 2687 nec
1218 2657 1345 2696 publice
1371 2667 1430 2687 nec
1460 2656 1621 2696 privatim,
1645 2657 1802 2687 tributum

1132 2710 1208 2730 esse.
1234 2700 1319 2730 Rur.
1363 2699 1447 2729 Fieri
1463 2703 1578 2738 potest,
1589 2703 1625 2729 ut
1641 2699 1763 2737 Numa,
1775 2698 1802 2729 si

1130 2746 1194 2772 tres
1209 2742 1280 2772 illas
1295 2746 1415 2781 gentes,
1428 2742 1459 2772 id
1473 2742 1558 2781 quod
1572 2741 1800 2772 VVachsmuth.

1133 2786 1249 2824 placet,
1272 2785 1304 2814 in
1331 2794 1429 2814 unam
1454 2783 1732 2824 coagmentaverit,
1753 2793 1800 2813 so-

1132 2828 1226 2858 lenne
1249 2827 1341 2857 Fidei
1364 2827 1546 2865 instituerit,
1564 2827 1650 2866 quod
1672 2835 1801 2856 concor-

1131 2870 1202 2900 diae
1219 2870 1381 2899 vineulum
1399 2879 1522 2900 sacrum
1538 2869 1636 2899 fieret.

1176 2921 1191 2951 7
1216 2914 1325 2942 Curru
1340 2913 1487 2949 arcuato]
1517 2912 1619 2942 Curru
1641 2913 1726 2940 tecto
1749 2920 1798 2940 su-

1132 2965 1241 2994 perne,
1256 2959 1287 2985 et
1304 2964 1448 2985 camerac
1463 2954 1494 2984 in
1511 2953 1652 2984 modum.
1671 2952 1777 2984 CREr·
