1934 3211
186 256 231 288 U.
248 255 286 287 C.
303 264 376 294 432·

186 299 226 331 A.
250 298 288 330 C.
306 307 377 337 320.

248 344 317 381 40.

401 163 485 202 498

912 159 1062 202 ΤΙΤΙ
1098 159 1278 202 LIVII

403 264 558 305 eosque
579 248 632 290 de
657 248 913 290 Samnitibus
933 249 1232 305 triumphasse:
1264 249 1441 290 Fabium
1462 249 1588 290 etiam
1608 248 1653 289 in
1675 247 1797 303 Apu-

402 307 502 347 liam
530 306 789 362 processisse,
812 314 938 362 atque
967 307 1066 347 inde
1093 321 1264 362 magnas
1291 307 1465 362 praedas
1495 306 1638 362 egisse.

1702 304 1797 346 Nec

403 364 624 419 discrepat,
658 363 762 419 quin
793 364 971 404 dictator
1002 379 1052 404 eo
1088 379 1198 404 anno
1232 364 1286 404 A.
1309 363 1532 404 Cornelius
1563 362 1714 404 fuerit:
1752 361 1799 402 id

403 421 640 476 ambigitur,
659 420 811 461 belline
832 421 1007 475 gerendi
1029 435 1152 461 causa
1172 429 1333 461 creatus
1354 421 1423 469 sit3
1448 436 1500 461 an
1518 428 1565 461 ut
1585 428 1706 468 esset,
1724 418 1829 474 qui6

402 478 513 518 ludis
540 478 756 527 Romanis,
779 478 879 532 quia
903 477 952 517 L.
969 477 1160 517 Plautius
1186 486 1353 532 praetor
1379 477 1494 533 gravi
1522 478 1667 517 morbo
1691 476 1797 517 forte

402 534 631 590 implicitus
652 542 752 583 erat,
775 535 941 589 signum
962 533 1178 573 mittendis
1199 534 1412 589 quadrigis
1431 534 1550 574 daret
1566 549 1576 582 ;
1608 534 1798 574 functus-

404 607 487 647 que
509 607 559 632 eo
583 591 698 631 haud
725 606 823 631 sane
853 590 1114 630 memorandi
1140 590 1306 645 imperii
1333 591 1577 640 ministerio,
1600 606 1642 631 se
1664 590 1798 631 dicta-

404 657 498 689 tura
525 648 761 688 abdicaret:
795 662 874 687 nec
904 646 1023 686 facile
1057 654 1132 695 est,
1156 654 1228 687 aut
1259 662 1348 687 rem
1379 647 1453 696 rei,
1482 655 1554 688 aut
1584 654 1797 688 auctorem

403 705 562 746 auctori
583 704 803 759 praeferre.
851 702 1055 743 Vitiatam
1076 703 1319 743 memoriam
1340 703 1584 744 funebribus
1603 704 1797 745 laudibus
1812 718 1830 751 7

403 776 508 809 reor,
530 760 724 815 falsisque
746 760 979 815 imaginum
1000 759 1143 809 titulis,
1166 759 1269 800 dum
1289 759 1447 800 familia
1466 760 1520 800 ad
1540 775 1583 800 se
1604 775 1796 816 quaeque

402 818 555 858 famam
595 832 736 857 rerum
781 825 992 871 gestarum
1036 816 1329 872 honorumque
1368 816 1538 857 fallente
1578 817 1798 858 mendacio

404 874 586 915 trahunt.

404 939 549 971 menta
568 945 707 971 rerum
728 930 911 971 confusa.

648 873 755 914 Inde
777 882 888 914 certe
910 882 953 914 et
973 873 1233 929 singulorum
1257 882 1374 928 gesta
1400 881 1443 914 et
1463 872 1630 929 publica
1649 888 1799 914 monu-

975 929 1020 970 N
1022 945 1070 971 ec
1091 931 1314 986 quisquam
1335 930 1520 986 aequalis
1541 930 1799 986 temporibus

403 987 484 1028 illis
505 987 681 1043 scriptor
701 995 849 1037 exstat,
872 1002 958 1043 quo
978 987 1075 1028 satis
1095 995 1210 1028 certo
1231 995 1400 1029 auctore
1421 995 1564 1028 stetur.

446 1121 466 1153 6
494 1123 526 1153 U
525 1127 537 1152 t
551 1126 641 1159 esset,
656 1122 711 1161 qui
727 1123 828 1160 ludis]
855 1121 931 1152 Hoc
946 1132 1079 1152 munere

405 1165 516 1195 consul
537 1164 742 1202 fungebatur,
758 1164 783 1193 si
805 1165 933 1203 quando
953 1168 1080 1203 praetor

404 1208 515 1236 morbo
532 1207 701 1242 laboraret,
718 1205 790 1237 infr.
806 1207 872 1237 le.
893 1216 924 1243 1;
946 1207 1027 1236 adeo
1043 1210 1080 1236 ut

405 1249 572 1286 dictatore,
588 1248 642 1287 qui
669 1247 795 1287 signum
823 1248 984 1287 quadrigis
1007 1248 1080 1278 mit-

403 1291 509 1321 tendis
519 1290 760 1326 daret,minime
770 1300 852 1328 opus
862 1294 953 1320 esset.
976 1290 1079 1320 Haud

403 1333 469 1362 scio
486 1343 527 1362 an
541 1332 644 1371 gratia
663 1332 766 1371 gentis
782 1332 903 1362 Fabiae
924 1333 994 1362 laus
1014 1333 1078 1362 dic-

403 1375 500 1404 tatori
530 1374 678 1404 militaris
707 1374 881 1404 imminuta
909 1375 1016 1411 fuerit,
1047 1378 1079 1404 et

402 1416 436 1446 in
460 1417 547 1447 Fast.
565 1416 735 1455 Triumph.
754 1416 886 1446 nomina
909 1418 1079 1447 consulum

403 1457 437 1487 in
449 1458 536 1488 illius
549 1459 656 1488 locum
667 1458 827 1488 immerito
842 1458 1037 1498 irrepserint,
1046 1459 1080 1490 id

405 1500 492 1539 quod
508 1500 540 1530 N
544 1500 643 1532 iebhr.
660 1500 704 1531 iii.
720 1511 751 1532 n.
772 1510 841 1542 149.
858 1500 1047 1541 suspicatur.

1168 1129 1185 1161 7
1207 1122 1413 1153 Funebribus
1428 1122 1595 1160 laudibus]
1624 1123 1799 1154 Laudatio-

1122 1166 1218 1195 m'bus
1241 1165 1391 1194 Muretus
1413 1165 1551 1203 legebat,
1567 1163 1622 1203 qui
1645 1164 1798 1195 disertam

1123 1206 1348 1237 auctoritatem
1366 1207 1507 1237 Senecae
1524 1206 1629 1245 Epist.
1645 1206 1718 1237 xcii.
1740 1217 1799 1246 pro

1124 1259 1157 1279 se
1183 1249 1302 1279 habet:
1339 1249 1394 1279 sed
1421 1258 1520 1288 quum
1547 1249 1619 1279 laus
1644 1250 1799 1280 orationis

1123 1301 1180 1329 pro
1210 1291 1395 1322 laudatione
1418 1291 1545 1330 sorensi
1575 1300 1627 1329 ap.
1657 1291 1726 1322 Cic.
1758 1292 1799 1322 de

1125 1333 1213 1363 Orat.
1238 1332 1270 1363 ii.
1291 1334 1341 1371 84.
1368 1336 1551 1372 usurpatur,
1577 1331 1610 1362 in
1637 1334 1799 1371 laudibus,

1123 1385 1221 1414 quam
1245 1385 1356 1405 vocem
1381 1385 1492 1406 omnes
1519 1374 1643 1405 codices
1666 1385 1743 1415 prae
1765 1385 1799 1406 se

1124 1418 1242 1454 ferunt,
1267 1416 1471 1456 acquiescere
1497 1415 1596 1448 satius
1621 1417 1726 1450 fuerit.
1757 1417 1798 1450 cf.

1124 1459 1193 1492 Cic.
1211 1459 1304 1491 Brut.
1322 1458 1369 1492 16.
