1934 3211
162 270 207 304 U.
224 273 262 304 C.
281 273 351 312 388.

160 315 200 346 A.
225 316 263 346 C.
281 315 353 355 364.

161 357 349 388 Vincuntur

163 400 266 432 Galli.

159 794 360 835 Rogationes

157 837 359 868 tribunorum

156 884 321 920 acceptae.

379 183 461 222 396
889 180 1038 222 ΤΙΤΙ
1080 179 1260 221 LIVII

380 285 511 311 annos
532 285 582 311 ea
602 279 715 312 acta:
750 271 829 312 hoc
843 279 984 312 autem
1005 285 1116 311 anno
1137 270 1182 310 in
1198 269 1366 310 Albano
1388 284 1486 325 agro
1507 283 1604 310 cum
1628 267 1776 318 Gallis,
1793 287 1805 307 1

380 327 582 369 dictatore
605 327 667 369 M.
684 328 824 378 Furio,
846 329 966 385 signa
986 327 1146 369 collata.
1211 326 1305 368 Nec
1333 326 1473 376 dubia,
1497 341 1576 367 nec
1597 325 1777 367 difficilis

381 384 585 426 Romanis
625 386 887 442 (quanquam
928 386 1145 442 ingentem
1189 384 1302 426 Galli
1339 393 1539 426 terrorem
1574 383 1778 424 memoria

378 442 577 498 pristinae
620 443 750 484 cladis
796 442 1042 498 attulerant)
1081 442 1256 483 victoria
1293 441 1383 483 fuit.
1458 440 1599 483 Multa
1644 440 1777 481 millia

378 500 649 541 barbarorum
678 500 721 540 in
753 501 854 550 acie,
882 500 1013 541 multa
1040 500 1171 555 captis
1203 499 1346 540 castris
1370 514 1510 540 caesa:
1541 497 1669 554 palati
1704 497 1806 538 aliiz

378 557 582 613 Apuliam
613 558 794 598 maxime
825 565 1031 613 petentes,
1054 572 1186 612 quum
1213 556 1313 612 fuga
1342 571 1385 597 se
1416 556 1661 612 longinqua,
1684 563 1774 596 tum

377 614 494 670 quod
514 615 666 670 passim
687 630 757 655 eos
774 614 898 655 simul
918 629 1047 670 pavor
1066 622 1282 669 terrorque
1305 613 1564 663 distulerant,
1582 613 1633 654 ab
1654 612 1774 654 hoste

377 686 466 712 sese
508 672 631 712 tutati
664 679 773 712 sunt.
836 671 1060 720 Dictatori,
1094 685 1301 712 consensu
1332 670 1508 711 Patrum
1539 670 1774 726 plebisque,

379 728 615 784 triumphus
665 727 868 769 decretus.
946 727 1137 768 Vixdum
1187 727 1456 783 perfunctum
1511 742 1608 769 eum
1662 727 1774 769 bello

378 786 558 826 atrocior
586 785 701 826 domi
731 785 883 826 seditio
913 785 1104 841 excepit:
1148 794 1191 825 et
1219 800 1296 840 per
1325 784 1516 839 ingentia
1544 785 1775 826 certamina

377 842 557 883 dictator
577 850 831 898 senatusque
853 843 1000 892 victus,
1016 850 1063 883 ut
1083 842 1320 898 rogationes
1341 841 1588 883 tribuniciae
1610 842 1804 898 accipe-3

375 907 547 949 rentur3
581 908 623 941 et
644 900 815 941 comitia
835 900 1054 941 consulum
1076 900 1249 941 adversa
1268 899 1486 940 nobilitate
1507 898 1661 949 habita,
1679 900 1774 955 qui-

374 957 452 998 bus
483 957 533 998 L.
556 956 725 998 Sextius
756 957 809 999 de
842 957 965 1013 plebe
996 957 1154 1014 primus
1185 956 1330 998 consul
1360 956 1505 998 factus.
1568 955 1625 997 Et
1655 971 1709 998 ne
1739 957 1774 999 is

375 1014 548 1070 quidem
580 1015 675 1055 finis
706 1015 985 1056 certaminum
1015 1015 1105 1056 fuit.
1173 1014 1288 1063 Quia
1313 1014 1479 1070 patricii
1509 1029 1551 1055 se
1583 1022 1774 1056 auctores

373 1073 535 1113 futuros
556 1073 778 1128 negabant,
801 1088 931 1129 prope
954 1072 1229 1114 secessionem
1251 1071 1385 1128 plebis
1397 1086 1463 1113 res
1483 1071 1806 1128 terribilesque4

374 1129 474 1170 alias
507 1130 642 1171 minas
672 1130 859 1171 civilium
887 1130 1166 1171 certaminum
1195 1130 1334 1171 venit:
1369 1145 1501 1186 quum
1526 1137 1669 1171 tamen
1697 1144 1774 1185 per

374 1186 623 1228 dictatorem
653 1187 967 1229 conditionibus
997 1187 1163 1228 sedatae
1195 1187 1427 1228 discordiae
1459 1195 1570 1237 sunt,
1601 1201 1774 1228 conces-

374 1259 552 1300 sumque
587 1245 638 1286 ab
674 1245 893 1286 nobilitate
924 1245 1039 1302 plebi
1075 1245 1128 1286 de
1162 1244 1332 1286 consule
1367 1244 1557 1300 plebei03
1596 1259 1620 1285 a
1649 1243 1772 1300 plebe

373 1301 583 1343 nobilitati
605 1302 657 1343 de
679 1311 871 1358 praetore
893 1318 991 1352 uno,
1015 1303 1089 1359 qui
1110 1303 1174 1343 ius
1195 1302 1240 1342 in
1261 1303 1363 1343 urbe
1386 1301 1558 1352 diceret,
1575 1316 1629 1342 ex
1643 1301 1774 1358 patri-

374 1359 452 1400 bus
487 1359 680 1401 creando.
743 1359 809 1401 Ita
841 1361 892 1402 ab
925 1360 1090 1401 diutina
1124 1360 1186 1401 ira
1218 1359 1390 1401 tandem
1425 1359 1470 1400 in
1506 1358 1773 1400 concordiam

375 1417 555 1458 redactis
576 1417 805 1467 ordinibus,
824 1433 955 1473 quum
977 1418 1149 1474 dignam
1171 1433 1264 1459 eam
1284 1433 1372 1459 rem
1394 1425 1563 1458 senatus
1583 1424 1774 1458 censeret

376 1488 478 1523 esse,
502 1475 737 1531 meritoque
763 1475 819 1524 id,
842 1476 876 1516 si
905 1476 1075 1531 quando
1100 1491 1288 1531 unquam
1313 1475 1424 1525 alias,
1447 1474 1575 1515 deum
1602 1474 1774 1515 immor-

379 1530 525 1571 talium
546 1546 670 1572 causa
696 1532 877 1573 libenter
896 1533 1078 1574 facturos
1098 1533 1199 1582 fore,
1223 1541 1270 1574 ut
1293 1532 1384 1573 ludi
1407 1531 1577 1573 maximi
1608 1531 1770 1581 fierent,
1785 1553 1802 1583 5

378 1595 421 1628 et
441 1587 531 1628 dies
551 1603 660 1629 unus
677 1589 730 1629 ad
748 1589 934 1630 triduum
948 1590 1223 1639 adiiceretur3
1256 1590 1544 1631 recusantibus
1560 1589 1605 1630 id
1618 1603 1771 1630 munus
1784 1600 1804 1633 6

377 1644 582 1685 aedilibus
611 1645 757 1701 plebis,
780 1646 1086 1687 conclamatum
1115 1662 1139 1687 a
1163 1647 1348 1702 patriciis
1379 1655 1442 1688 est
1469 1646 1704 1696 iuvenibus,
1726 1661 1769 1686 se
1786 1659 1803 1691 7

376 1702 420 1742 id
450 1702 620 1743 honoris
653 1702 781 1743 deum
812 1703 1110 1743 immortalium
1142 1718 1266 1744 causa
1303 1703 1484 1744 libenter
1513 1711 1690 1752 actur03‚
1724 1711 1771 1743 ut

374 1758 529 1800 aediles
560 1759 720 1800 fierent.
787 1759 953 1807 Quibus
984 1775 1115 1815 quum
1148 1760 1199 1800 ab
1230 1760 1434 1800 universis
1466 1760 1621 1815 gratiae
1654 1768 1769 1801 actae

373 1825 524 1866 essent,
556 1816 712 1857 factum
743 1816 1164 1867 senatusconsultum,
1198 1826 1245 1858 ut
1275 1816 1360 1858 duo
1392 1816 1499 1857 viros
1529 1816 1686 1858 aediles
1716 1832 1769 1858 ex

420 1957 430 1976 1
458 1949 500 1977 In
517 1948 645 1978 Albano
660 1949 754 1986 ayro]
783 1947 962 1978 Niebuhrio
980 1949 1047 1987 pla-

373 1993 424 2019 cet
441 1990 502 2019 hoc
518 1990 640 2019 bellum
657 1990 742 2020 idem
760 2001 838 2027 esse,
852 1994 949 2030 atque
965 1991 1048 2020 illud

373 2032 458 2070 quod
476 2031 512 2062 L.
530 2031 690 2062 Camillus
705 2043 756 2063 an.
774 2031 845 2070 406.
861 2033 904 2064 U.
919 2033 956 2063 C.
974 2043 1047 2063 con-

371 2078 421 2103 tra
449 2073 562 2104 Gallos
591 2074 624 2103 in
654 2075 782 2104 Albano
812 2085 887 2113 agro
917 2075 1048 2114 gessisse

373 2116 529 2147 scribitur.
578 2116 630 2146 De
660 2117 762 2147 altera
792 2117 962 2147 Gallorum
994 2118 1048 2147 ad—

374 2168 480 2188 versus
494 2159 634 2188 Romam
651 2159 857 2198 expeditione
874 2160 1050 2198 loquuntur

375 2201 471 2230 Dion.
491 2201 572 2231 Exc.
590 2201 666 2232 Vat.
683 2201 738 2231 xii.
751 2203 800 2232 28.
817 2207 849 2231 et
867 2202 982 2232 Zonar.
995 2202 1047 2233 vii.

375 2253 425 2279 24,
441 2243 495 2281 qui
512 2243 690 2274 Camillum
714 2243 903 2274 dictatorem
927 2254 1047 2275 memo-

372 2289 453 2316 rant.

417 2337 432 2357 ‘2
458 2329 527 2357 Alii
542 2329 717 2367 Apuliam]
744 2328 838 2358 Haec
861 2338 881 2357 a
902 2328 1048 2359 Diodoro

373 2369 521 2408 repetita,
540 2370 594 2408 qui
617 2370 731 2400 Gallos
754 2380 793 2400 ex
816 2370 937 2409 Apulia
958 2371 1047 2400 rede-

374 2416 468 2442 untes
497 2422 517 2442 a
547 2413 736 2443 Caeretibus
772 2412 806 2442 in
842 2412 964 2443 insidiis
994 2423 1047 2443 ex-

374 2458 486 2493 ceptos
508 2464 586 2492 esse,
610 2458 642 2484 et
665 2464 765 2494 prope
792 2455 834 2484 ad
857 2454 1047 2485 internecio-

374 2507 448 2526 nem
462 2506 570 2526 caesos
582 2500 697 2527 narrat.
709 2497 773 2527 xiv.
788 2506 799 2526 1
810 2506 820 2526 1
830 2504 855 2535 7.
888 2497 951 2527 Sed
967 2497 1047 2527 hacc

374 2538 483 2568 omnia
498 2539 539 2569 ad
556 2538 668 2577 prioris
687 2538 762 2569 belli
780 2538 901 2569 Gallici
914 2543 1047 2570 eventus

374 2581 549 2611 referenda.
574 2580 710 2611 Niebhr.
726 2581 758 2612 ii.
775 2591 806 2619 p.
825 2589 895 2621 592.

419 2632 436 2661 3
466 2623 590 2660 Victus]
625 2622 785 2653 Tribunos
801 2623 964 2653 Dictatori
980 2623 1045 2654 viu—

374 2665 447 2695 cula
465 2665 630 2695 minitasse
644 2665 753 2695 scribit
769 2665 935 2697 Plutarch.
953 2666 1045 2697 Cam.

374 2716 405 2745 p.
429 2717 496 2746 151.

421 2759 440 2785 4
468 2751 577 2789 Prope
602 2750 820 2788 secessionem]
868 2751 969 2781 Arma
995 2760 1044 2781 ce-

373 2789 455 2826 pisse
472 2795 503 2820 et
519 2791 550 2820 in
568 2792 766 2822 Aventinum
790 2792 954 2823 secessisse
977 2794 1043 2832 ple-

373 2831 444 2860 bem
461 2832 569 2862 scribit
586 2834 646 2864 Ov.
664 2835 751 2865 Fast.
767 2834 786 2865 i.
804 2834 875 2873 643.
903 2836 1044 2866 Patricia·

370 2883 403 2902 se
413 2875 697 2918 (ractoresfuturos
708 2877 880 2915 neyabant,
888 2887 930 2907 sc.
939 2878 1042 2916 legem

372 2918 526 2944 curiatam
544 2916 583 2945 de
598 2916 734 2954 imperio
746 2918 827 2948 ferre
842 2920 1040 2949 recusabant.

1093 1948 1133 1979 cf.
1152 1948 1288 1980 Niebhr.
1305 1949 1324 1980 i.
1341 1959 1372 1980 n.
1389 1949 1462 1990 849.

1137 2000 1153 2030 5
1177 1993 1263 2021 Ludi
1279 1993 1427 2030 maoez'mi]
1454 1991 1539 2021 Ludi
1560 2001 1657 2031 quarn
1681 2001 1768 2032 mag-

1093 2032 1335 2064 nificentissimi.
1374 2034 1427 2064 De
1442 2033 1492 2064 his
1508 2034 1593 2066 ludis
1607 2033 1768 2073 accipien-

1093 2075 1135 2105 da
1152 2075 1300 2106 videntur
1316 2086 1397 2115 quae
1414 2075 1550 2115 legimus
1565 2076 1637 2107 infr.
1651 2076 1703 2107 vii.
1720 2084 1767 2116 15.

1093 2119 1178 2148 Ludi
1199 2120 1308 2156 votivi,
1328 2129 1405 2159 quos
1420 2120 1470 2149 M.
1486 2119 1612 2149 Furius
1633 2119 1770 2150 dictator

1094 2165 1234 2197 voverat‚
1243 2162 1340 2199 facti.
1387 2161 1503 2200 Itaque
1527 2160 1698 2191 verisimile
1720 2165 1768 2191 est

1092 2202 1151 2232 hos
1166 2203 1260 2233 ludos
1274 2206 1349 2233 ante
1366 2202 1570 2233 concordiam
1586 2203 1768 2234 restitutam

1093 2245 1270 2275 Camillum
1285 2245 1487 2284 vovisse‚quo
1500 2245 1598 2275 etiam
1610 2248 1768 2285 tempore,

1092 2286 1116 2316 si
1146 2287 1322 2317 Plutarcho
1349 2287 1520 2324 credimus,
1542 2287 1656 2317 aedem
1682 2288 1767 2318 Con-

1093 2329 1220 2359 cordiae
1234 2330 1334 2366 vovit3
1352 2333 1450 2368 atque
1462 2329 1530 2359 eius
1543 2333 1665 2366 votum,
1676 2329 1766 2359 reda-

1093 2371 1152 2401 ctis
1174 2372 1207 2401 in
1232 2371 1435 2402 concordiam
1456 2370 1630 2408 ordinibus,
1652 2372 1766 2402 Patres

1091 2417 1197 2443 ratum
1220 2413 1379 2444 habuisse.
1424 2413 1530 2443 Aliter
1551 2416 1661 2444 censet
1684 2413 1766 2444 Gro-

1092 2465 1164 2486 nov.
1182 2465 1277 2494 quem
1295 2456 1333 2486 cf.
1353 2456 1428 2486 obs.
1445 2455 1486 2486 iv.
1505 2463 1553 2494 25.
1579 2455 1686 2486 Cssav.

1135 2496 1154 2528 6
1176 2499 1255 2528 Dies
1277 2499 1381 2535 unus]
1416 2498 1470 2528 Ita
1496 2497 1584 2536 plebi
1607 2501 1671 2528 tres
1692 2497 1767 2529 illas

1091 2540 1243 2579 patricias
1257 2539 1358 2569 tribus
1374 2539 1484 2570 Ludos
1499 2539 1665 2570 Maximos
1679 2550 1766 2571 com-

1090 2582 1271 2612 municasse
1299 2581 1462 2612 existimat
1492 2581 1525 2612 N
1528 2581 1703 2620 iebuhrius,
1732 2586 1766 2613 et

1092 2624 1305 2655 Plutarchum
1331 2623 1364 2654 in
1387 2634 1491 2655 errore
1515 2628 1674 2655 versatum
1696 2634 1766 2655 esse

1090 2666 1223 2704 iudicat,
1242 2666 1295 2706 qui
1317 2667 1357 2697 de
1377 2667 1505 2697 Latinis
1517 2667 1618 2705 feriis
1640 2666 1693 2696 hic
1713 2665 1764 2705 agi

1089 2708 1122 2738 in
1140 2708 1205 2739 vita
1216 2709 1349 2740 Camilli
1364 2712 1476 2739 auctor
1491 2712 1548 2740 est.
1573 2709 1612 2740 cf.
1627 2708 1762 2740 Niebhr.

1089 2761 1120 2781 ιι.
1138 2762 1169 2791 p.
1187 2759 1236 2790 35.

1135 2801 1151 2832 7
1174 2795 1343 2825 Aedilibus
1355 2794 1474 2833 plebis]
1497 2792 1632 2833 Quippe
1647 2791 1762 2831 quibus

1088 2835 1271 2875 procuratio
1290 2835 1490 2875 plebeiorum
1514 2835 1546 2865 in
1570 2834 1669 2874 pratis
1687 2834 1761 2864 Fla-

1088 2877 1196 2909 miniis
1211 2878 1361 2909 ludorum
1377 2878 1592 2908 mandaretur.
