1934 3211
615 125 734 167 LIB.
768 125 822 166 X.
866 126 1012 168 CAP.
1045 132 1112 168 44.
1475 132 1555 172 607

233 214 302 257 Sic
327 216 380 257 ad
413 216 670 265 Cominium,
696 215 754 256 sie
785 215 838 256 ad
870 216 1142 271 Aquiloniam
1167 227 1283 273 gesta
1315 233 1389 259 res.
1454 219 1558 262 Inde
1575 231 1617 263 U.
1634 230 1672 262 C.
1689 239 1762 269 459·

174 273 313 314 medio
343 274 453 315 inter
484 273 587 315 duas
617 273 739 314 urbes
768 273 916 329 spati0,
947 274 1019 314 ubi
1052 274 1174 314 tertia
1203 286 1442 331 exspectata
1473 287 1561 318 erat
1575 276 1612 306 A.
1637 274 1675 305 C·
1693 281 1764 312 ²93·

173 345 328 387 pugna,
354 331 493 372 hostes
518 346 603 372 non
624 330 796 372 inventi.
861 329 1032 386 Septem
1053 330 1183 372 millia
1206 347 1401 387 passuum
1429 350 1559 390 quum

174 388 366 430 abessent
387 403 412 429 a
430 387 642 438 Cominio,
660 387 840 430 revocati
861 388 913 429 ab
933 388 1018 429 suis
1039 389 1178 430 neutri
1199 389 1356 445 proelio
1373 406 1561 433 occurre-

113 446 117 450 ’
173 454 284 487 runt.
345 446 499 487 Primis
513 446 644 488 ferme
663 445 857 495 tenebris,
873 461 1005 502 quum
1019 446 1063 487 in
1079 455 1307 503 conspeetu
1322 447 1403 488 iam
1418 459 1560 498 eastra,

143 518 160 540 2
174 503 258 545 iam
279 502 555 560 Aquiloniam
575 503 830 553 habuissent,
853 503 1009 545 clamor
1036 518 1107 545 eos
1128 504 1339 561 utrimque
1361 520 1436 561 par
1455 507 1562 548 acei-

173 560 278 602 dens
307 561 526 604 sustinuit:
560 561 713 603 deinde
744 577 767 603 e
793 561 963 618 regione
992 570 1232 612 castrorum,
1255 578 1362 618 quae
1394 563 1563 604 incensa

173 619 226 660 ab
248 618 452 661 Romanis
479 629 611 669 erant,
634 619 802 661 flamma
820 619 902 661 late
922 619 1014 661 fusa
1037 620 1225 661 certioris
1252 619 1382 661 eladis
1407 621 1563 662 indicio

173 676 369 733 progredi
389 677 555 734 longius
574 677 800 734 prohibuit.
864 677 928 718 Eo
948 677 1038 734 ipso
1058 677 1150 719 loeo
1163 693 1292 735 prope
1310 688 1465 720 temere
1487 679 1564 720 sub

174 735 299 776 armis
323 735 438 776 strati
460 735 612 792 passim
633 735 871 791 inquietum
892 750 1016 776 omne
1039 744 1203 792 tempus
1223 736 1369 786 noctis,
1391 751 1565 793 exspec-

174 791 304 834 tando
326 792 598 849 timendoque
619 792 770 843 lucem,
786 808 921 850 egere.
984 792 1127 834 Prima
1143 793 1247 843 luce,
1266 794 1415 835 incerti
1437 810 1563 851 quam

174 849 220 891 in
234 860 397 907 partem
418 850 688 892 intenderent
704 851 794 901 iter,
811 859 981 908 repente
1003 851 1047 891 in
1067 851 1208 908 fugam
1230 861 1562 901 consternantur,

174 908 387 964 conspecti
408 909 459 950 ab
480 908 713 964 equitibus:
748 909 835 965 qui,
850 923 1034 965 egressos
1051 918 1172 951 nocte
1194 910 1245 951 ab
1266 910 1422 967 oppido
1446 909 1564 951 Sam-

173 965 283 1007 nites
322 966 541 1022 persecuti,
585 965 775 1008 viderant
822 966 1148 1017 multitudinem,
1190 983 1275 1009 non
1315 967 1436 1017 vallo,
1478 983 1563 1009 non

173 1023 421 1065 stationibus
448 1023 666 1065 firmatam.
731 1024 970 1081 Conspecta
1000 1034 1041 1066 et
1066 1040 1120 1066 ex
1141 1026 1271 1067 muris
1307 1025 1563 1082 Aquiloniae

174 1096 225 1123 ea
263 1080 490 1123 multitudo
536 1091 649 1123 erat:
702 1082 869 1139 iamque
910 1083 1035 1124 etiam
1075 1083 1325 1140 legionariae
1372 1084 1564 1125 cohortes

175 1139 470 1196 sequebantur.
526 1138 727 1181 Ceterum
742 1155 820 1182 nec
834 1140 962 1197 pedes
977 1141 1184 1198 fugientes
1199 1141 1393 1198 persequi
1407 1141 1561 1198 potuit:

175 1206 218 1238 et
247 1197 299 1239 ab
320 1197 463 1254 equite
491 1197 703 1239 novissimi
732 1199 909 1254 agminis
940 1198 1112 1240 ducenti
1132 1199 1260 1241 ferme
1282 1210 1325 1241 et
1354 1200 1566 1256 octoginta

175 1254 395 1297 interfecti.
458 1257 591 1296 Arma
616 1255 747 1297 multa
768 1256 909 1312 pavidi
930 1271 977 1297 ac
1005 1257 1122 1313 signa
1143 1257 1336 1299 militaria
1363 1257 1565 1299 duodevi-

145 1313 282 1370 3ginti
302 1312 531 1369 reliquere:
565 1313 646 1355 alio
671 1314 837 1370 agmine
859 1314 1072 1365 ineolumi,
1096 1323 1142 1356 ut
1172 1330 1225 1356 ex
1248 1324 1363 1357 tanta
1384 1315 1566 1372 trepida-

176 1371 303 1421 tione,
327 1370 561 1412 Bovianum
583 1381 831 1428 perventum
853 1382 925 1413 est.

233 1428 458 1470 Laetitiam
485 1429 702 1485 utriusque
725 1430 931 1471 exercitus
961 1430 1143 1472 Romani
1164 1431 1281 1472 auxit
1302 1440 1345 1473 et
1365 1431 1416 1473 ab
1437 1430 1567 1472 altera
1646 1434 1716 1472 44.

175 1495 293 1544 parte
309 1486 485 1528 feliciter
505 1496 621 1543 gesta
633 1502 708 1529 res.
772 1487 963 1544 Uterque
985 1504 1038 1530 ex
1055 1488 1224 1530 alterius
1245 1489 1454 1531 sententia
1466 1504 1566 1530 con-

176 1544 240 1586 sul
269 1554 437 1601 captum
469 1544 671 1601 oppidum
702 1545 988 1602 diripiendum
1016 1546 1139 1587 militi
1169 1546 1313 1595 dedit3
1355 1546 1567 1588 exhaustis

175 1602 330 1644 deinde
366 1602 485 1644 tectis
517 1603 658 1659 ignem
692 1603 856 1644 iniecit:
891 1603 1125 1660 eodemque
1159 1603 1227 1645 die
1262 1604 1494 1660 Aquilonia
1525 1614 1567 1646 et

179 1659 424 1702 Cominium
459 1659 751 1717 deflagravere.
816 1660 873 1702 Et
913 1661 1116 1711 eonsules,
1154 1677 1249 1703 cum
1289 1662 1566 1719 gratulatione

176 1726 323 1759 mutua
342 1717 556 1774 legionum
585 1733 755 1774 suaque,
778 1728 911 1760 castra
930 1719 1198 1761 coniunxere.
1261 1719 1312 1761 In
1340 1730 1567 1777 conspectu

176 1774 356 1817 duorum
383 1775 645 1817 exercituum
674 1785 717 1817 et
740 1775 948 1818 Carvilius
975 1792 1070 1818 suos
1125 1793 1169 1818 ro
1194 1778 1396 1834 cuiusque
1419 1778 1567 1820 merito

175 1831 362 1875 laudavit
388 1832 667 1889 donavitqu03
701 1843 743 1875 et
763 1833 969 1890 Papirius,
992 1792 1122 1891 apudp
1127 1851 1253 1892 quem
1281 1835 1501 1892 multiplex
1524 1836 1567 1877 in

176 1890 278 1941 acie,
309 1891 420 1933 eirca
444 1899 588 1939 castra,
610 1891 720 1932 circa
751 1891 909 1940 urbem,
938 1892 1072 1932 fuerat
1099 1902 1324 1942 certamen,
1354 1893 1423 1949 Sp.
1450 1893 1568 1935 Nau-

177 1948 298 1998 tium,
327 1948 356 1990 S
388 1980 397 1989 .
422 1947 651 2004 Papirium,
674 1947 809 1989 fratris
830 1948 975 1997 filium,
998 1958 1041 1990 et
1062 1959 1260 2005 quattuor
1284 1951 1565 2000 centurione&

177 1964 522 2062 manipulumque
545 2005 814 2054 hastatorum,
830 2006 1001 2047 armillis
1021 2007 1240 2063 aureisque
1254 2008 1416 2049 coronis
1437 2008 1567 2049 doua-

177 2063 261 2105 vit:
306 2062 512 2104 Nautium
556 2072 712 2119 ›ropter
743 2063 1068 2119 expeditionem,
1103 2080 1186 2121 qua
1219 2066 1356 2121 magui
1390 2067 1568 2122 agminis

177 2121 302 2163 modo
320 2130 519 2162 terruerat
556 2131 702 2162 iostes:
738 2121 930 2162 iuvenem
949 2121 1162 2178 Papirium
1185 2134 1355 2179 propter
1375 2133 1565 2165 navatam

176 2194 273 2221 cum
304 2179 495 2235 equitatu
525 2188 567 2220 et
598 2179 640 2219 in
672 2178 830 2235 proelio
860 2194 1044 2235 operam,
1077 2190 1118 2221 ct
1149 2190 1285 2230 nocte,
1314 2197 1396 2222 (ua
1427 2181 1566 2237 fugam

146 2237 369 2280 4infestam
394 2236 651 2278 Samnitibus
672 2237 722 2277 ab
746 2236 977 2292 Aquilonia
997 2237 1102 2279 clam
1124 2239 1297 2294 egressis
1313 2198 1434 2280 decit:
1469 2255 1568 2281 eeu-

178 2295 363 2337 turiones
377 2294 626 2351 militesque,
637 2294 865 2351 quiaprimi
878 2304 1037 2350 portam
1054 2311 1302 2352 murumque
1315 2297 1568 2353 Aquiloniae

178 2362 388 2410 ceperant.
453 2352 628 2409 Equites
643 2367 800 2401 omnes,
819 2352 871 2393 ob
886 2353 1089 2408 insignem
1114 2353 1254 2395 multis
1272 2354 1371 2395 locis
1384 2370 1566 2411 operam,

148 2410 399 2454 5corniculis
438 2410 691 2467 armillisque
734 2410 940 2466 argenteis
980 2411 1119 2452 donat.
1192 2411 1426 2454 Consilium
1469 2412 1567 2454 inde

222 2557 239 2579 2
265 2550 336 2579 Par
350 2549 495 2580 accidens
510 2549 681 2586 sustinuit]
710 2547 853 2581 Clamor,
900 2547 964 2576 lum
1005 2547 1214 2584 hastatorum,
1244 2548 1284 2578 ‹le
1322 2547 1437 2587 quibus
1475 2549 1570 2579 mod«.

179 2590 233 2631 qui
248 2591 393 2631 aequalis
404 2592 444 2622 ub
458 2597 591 2630 utmque
609 2595 697 2631 parte
710 2591 748 2620 ud
763 2600 854 2619 aures
899 2589 1019 2619 mentio
1036 2591 1120 2620 suctu
1136 2594 1193 2620 0⁸2.
1218 2590 1323 2621 Cum.

178 2633 356 2671 accidebat,
386 2644 450 2674 quo
481 2634 586 2664 minus
617 2633 750 2663 ulterius
784 2642 851 2671 pm-
941 2641 957 2671 5
975 2634 1171 2670 formiculis}
1197 2633 1291 2663 Forte
1307 2633 1502 2664 ornamentis
1517 2644 1568 2671 ga-

178 2676 396 2716 grederentur,
411 2688 465 2707 eos
481 2676 653 2716 probibuit.
683 2676 789 2706 Danau.
899 2675 1031 2712 lem-mn,
1054 2686 1150 2705 cornu
1176 2676 1315 2715 speciem
1343 2677 1569 2714 reserenfibuu

224 2729 242 2759 3
265 2721 307 2751 Ue
321 2731 362 2751 ea·
376 2724 468 2750 tanea
485 2720 712 2759 trepidatione]
742 2717 852 2748 l’rnuti
897 2723 928 2748 ct
946 2718 1019 2748 hinc
1035 2719 1243 2748 cortu’enlnrie'
1262 2718 1389 2756 milites,
1401 2719 1437 2749 iis
1449 2720 1571 2756 donini,

180 2772 219 2792 ex
247 2766 338 2793 tanta
361 2761 575 2802 trepidatione
602 2761 772 2791 incolumis
795 2761 851 2790 uli-
896 2771 951 2791 neu
970 2760 1128 2798 insigniti:
1147 2763 1282 2792 “t'ornu
1295 2761 1416 2792 dictum
1432 2762 1511 2793 illud
1523 2773 1569 2793 or-

181 2803 252 2844 quis
266 2805 401 2836 evasisse
417 2803 478 2834 dici
498 2808 611 2844 potest.
639 2804 746 2834 nonu,
898 2810 1097 2839 numentum,
1128 2803 1214 2834 miri.-
1245 2804 1379 2843 gcmmin
1409 2810 1569 2843 ornatum,

228 2858 247 2885 4
275 2848 486 2879 Centurionen
513 2848 705 2887 militesque]
748 2848 851 2882 Quat-
896 2847 980 2885 quod
1010 2846 1116 2886 cupite
1138 2851 1263 2884 gestant
1290 2847 1487 2879 Venetorum
1511 2849 1567 2879 du-

183 2895 253 2920 tuor
279 2890 491 2923 centuriam-s,
519 2889 785 2928 manipulumque
817 2889 850 2918 il-
897 2900 966 2919 ces:
989 2894 1018 2919 ct
1038 2889 1068 2919 iu
1087 2891 1568 2928 nummoargenteoAlexundri
