1934 3211
700 138 1039 182 EPITOMAE.
1485 141 1566 180 615

161 250 325 285 norum,
359 235 473 276 victa
509 235 664 284 classe,
698 234 767 274 cui
789 234 1069 288 praefuerat,
1102 247 1129 274 a
1160 233 1365 274 militibus
1400 234 1491 274 suis
1525 234 1570 274 in

163 307 329 334 crucem
350 292 544 333 sublatus
564 296 641 332 est.
693 289 857 331 Atilius
876 290 1076 345 Regulus
1100 291 1258 339 consul,
1276 290 1401 331 victis
1422 291 1569 332 nacali

158 350 330 404 proelio
352 348 523 398 Poenis,
546 348 590 389 in
611 346 815 402 Africam
838 347 1029 388 traiecit.

494 520 805 563 EPITOME
836 521 1033 562 LIBRI
1059 521 1243 562 XVIII.

165 632 441 674 ATILIUS
488 632 683 689 Regulus
726 633 769 674 in
810 632 973 689 Africa
1017 639 1253 689 serpentem
1290 638 1574 688 portentosae

165 690 478 746 magnitudinis
498 705 591 731 cum
619 705 779 746 magna
811 692 989 732 militum
1017 691 1141 732 clade
1170 691 1343 739 occidit,
1366 696 1425 739 et,
1448 705 1573 745 quum

166 747 333 802 aliquot
346 747 534 803 proeliis
552 748 655 789 bene
676 749 883 789 adversus
910 747 1301 803 Carthaginienses
1318 752 1573 803 pugnasset,

166 819 472 859 successorque
493 805 533 846 ei
555 820 582 846 a
603 812 756 846 senatu
774 819 989 861 prospere
1010 806 1162 846 bellum
1186 804 1358 860 gerenti
1379 819 1460 845 non
1481 804 1576 844 mit-

169 867 349 911 teretur,
373 862 421 902 id
449 863 589 917 ipsum
612 877 699 918 per
730 863 883 903 literas
913 863 975 904 ad
1002 869 1194 904 senatum
1216 862 1371 903 missas
1403 867 1576 916 questus

169 925 262 960 est:
294 919 338 960 in
360 920 514 974 quibus
535 920 647 960 inter
669 935 827 961 causas
840 920 1023 976 petendi
1044 920 1308 961 successoris
1329 924 1438 967 erat,
1462 917 1579 973 quod

168 976 339 1032 agellus
378 977 471 1017 eius
510 992 536 1017 a
577 977 853 1018 mercenariis
894 978 1088 1018 desertus
1129 983 1253 1018 esset.
1331 976 1577 1022 Quaerente

170 1033 322 1074 deinde
337 1033 544 1088 fortuna,
568 1040 612 1075 ut
643 1049 841 1090 magnum
874 1035 1095 1089 utriusque
1116 1048 1243 1075 casus
1273 1033 1512 1088 exemplum
1533 1032 1577 1072 in

170 1090 345 1146 Regulo
369 1092 646 1145 proderetur,
675 1092 885 1133 arcessito
917 1107 945 1133 a
983 1090 1423 1146 Carthaginiensibus
1457 1089 1578 1130 Xan-

171 1148 324 1203 thippo
355 1148 797 1190 Lacedaemoniorum
835 1150 954 1199 duee,
987 1149 1125 1190 victus
1152 1148 1321 1203 proelio
1352 1153 1393 1187 et
1425 1152 1578 1200 captus

171 1211 249 1246 est.
312 1205 400 1246 Res
425 1206 576 1247 deinde
605 1221 632 1246 α
659 1206 840 1247 ducibus
861 1206 1071 1247 Romanis
1093 1205 1283 1246 omnibus
1306 1211 1425 1245 terra.
1448 1204 1578 1244 mari-

172 1277 254 1317 que
275 1277 493 1318 prospere
523 1269 676 1318 gestas
712 1263 1058 1318 deformaverunt
1089 1262 1328 1318 naufragia
1363 1261 1577 1303 classium.

179 1319 248 1360 Ti.
298 1319 595 1362 Coruncanius
632 1321 804 1376 primus
851 1335 907 1361 ex
948 1320 1075 1375 plebe
1113 1320 1320 1375 pontifex
1366 1319 1579 1359 maximus

173 1382 343 1418 creatus
363 1383 439 1418 est,
503 1377 555 1418 P.
579 1377 858 1433 Sempronius
880 1378 1065 1432 Sophus,
1090 1377 1148 1418 M
1153 1377 1174 1417 ⁹.
1208 1376 1403 1417 Valerius
1432 1375 1580 1416 filami-

172 1449 263 1475 mus
284 1449 495 1484 censores,
519 1450 643 1490 quum
661 1441 852 1476 senatum
874 1435 1079 1490 legerent,
1100 1434 1301 1475 tredecim
1323 1439 1474 1474 senatu
1496 1447 1580 1473 mo-

173 1498 349 1532 verunt:
381 1492 559 1533 lustrum
582 1493 873 1542 condiderunt,
894 1507 977 1547 quo
999 1506 1126 1533 censa
1148 1497 1244 1532 sunt
1263 1491 1413 1531 civium
1432 1489 1580 1544 capita

174 1549 357 1590 ducenta
389 1549 628 1605 nonaginta
665 1556 824 1605 septem
852 1550 1004 1598 millia,
1035 1549 1310 1603 septingenta
1343 1547 1581 1601 nonaginta

173 1611 347 1661 septem.
387 1606 584 1661 Regulus
606 1607 759 1648 missus
779 1622 806 1647 a
835 1605 1275 1661 Carthaginiensibus
1296 1604 1356 1644 ad
1375 1609 1580 1652 senatum,

174 1669 220 1704 ut
251 1664 304 1704 dc
325 1678 457 1718 pace,
489 1670 546 1713 et,
569 1664 607 1704 si
638 1679 731 1705 eam
763 1679 844 1704 non
870 1669 1021 1718 posset
1042 1663 1287 1717 impetrare,
1311 1662 1364 1701 cle
1395 1660 1583 1715 captivis

175 1721 483 1761 commutandis
514 1728 679 1776 ageret,
713 1727 754 1762 et
785 1721 1063 1761 iureiurando
1095 1719 1316 1767 astrictus,
1348 1718 1582 1758 rediturum

174 1792 221 1818 se
256 1777 582 1833 Carthaginem,
614 1779 653 1818 si
684 1778 935 1819 commutari
976 1777 1174 1832 captivos
1206 1790 1285 1816 non
1310 1775 1553 1830 placuisset
1567 1793 1582 1821 ,-

176 1840 398 1889 utrumque
418 1836 607 1889 negandi
638 1840 789 1875 auctor
809 1835 980 1875 senatui
995 1834 1121 1888 suit:
1153 1839 1207 1882 et,
1230 1847 1355 1887 quum
1368 1831 1468 1885 ‘fide
1489 1846 1582 1872 cus-

177 1892 316 1933 todita
338 1905 535 1933 reversus
557 1897 683 1940 esset,
706 1891 923 1946 supplicio
945 1905 972 1930 a
1001 1889 1440 1943 Carthaginiensibus
1461 1889 1513 1929 de
1534 1903 1584 1929 eo

177 1955 358 2004 sumpto,
375 1947 528 2004 periit.

546 2116 851 2156 EI'I'I'OJII‘)
884 2115 1077 2156 LIBRI
1107 2115 1235 2155 XIX.

187 2228 542 2272 CAECILIUS
564 2228 784 2275 Metellus,
809 2227 935 2267 rebus
956 2227 1164 2266 adsersus
1189 2226 1213 2265 I
1218 2226 1355 2266 'cenos
1368 2240 1586 2280 prospere

177 2288 332 2345 gestis,
350 2286 589 2342 speciosum
604 2285 692 2339 egit
708 2284 979 2339 triumphum,
996 2284 1196 2324 tredecim
1212 2283 1390 2323 ducibus
1403 2283 1586 2323 hostium

183 2351 224 2386 et
266 2351 430 2386 centum
472 2344 628 2398 viginti
675 2341 918 2398 elephantis
965 2341 1007 2380 in
1049 2356 1098 2380 eo
1139 2340 1291 2380 (luetis.
1379 2340 1587 2380 Claudius

185 2403 376 2444 Pulcher
407 2402 565 2450 consul,
598 2406 745 2440 contra
778 2398 978 2453 auspicia
1004 2397 1247 2453 profectus,
1281 2397 1410 2437 iussis
1450 2397 1587 2452 mergi

177 2460 328 2516 pullis,
352 2459 425 2515 qui
447 2459 589 2499 cibari
618 2457 830 2505 nolebant,
855 2455 1089 2510 infeliciter
1118 2455 1324 2495 adversus
1351 2455 1588 2509 (s'artleagi-

185 2517 352 2559 nienses
374 2517 514 2557 classe
528 2516 746 2572 pugnari!
761 2533 774 2561 ,·
807 2519 863 2561 ct,
882 2518 1107 2553 revocatus
1129 2527 1154 2552 a
1177 2518 1342 2559 senatu,
1362 2512 1588 2566 iussusque

186 2575 440 2616 dictatorem
464 2574 622 2621 dicere,
651 2571 874 2613 Claudium
902 2570 1090 2609 Gliciam
1113 2569 1240 2616 dixit,
1263 2569 1393 2609 sortis
1415 2569 1589 2609 ultimae

186 2632 421 2673 hominem:
473 2631 560 2686 qui,
594 2635 769 2671 coactus
801 2628 1008 2667 abdicare
1041 2642 1086 2666 se:
1127 2626 1402 2678 magistratu,
1430 2632 1587 2681 postea

187 2689 310 2730 ludos
335 2694 643 2745 praetextatus
673 2685 901 2741 spectarit.
970 2683 1132 2724 Atilius
1168 2683 1396 2723 Calatinus
1423 2684 1589 2738 primus

189 2747 379 2788 dictator
410 2751 536 2786 extra
572 2745 749 2785 Italiam
791 2742 1026 2782 (urcrcitum
1059 2741 1197 2781 deurit.
1285 2741 1387 2780 (lum
1431 2740 1589 2781 Poenis

189 2804 455 2859 captivorum
478 2800 891 2854 conmeutatiosacta
911 2805 986 2839 cst.
1037 2798 1243 2838 valoniae
1265 2798 1472 2838 deductae
1493 2804 1588 2838 sunt

193 2861 428 2914 Fregenae,
462 2860 504 2899 in
537 2874 648 2911 agro
683 2857 921 2898 Sallentino
956 2855 1246 2896 Brundisium.
1334 2855 1530 2895 lmstrum
1563 2870 1589 2894 a
