1934 3211
409 191 493 230 412
931 188 1080 232 ΤΙΤΙ
1120 188 1300 230 LIVII

190 286 236 319 U.
253 286 292 318 C
311 294 382 327 397.
409 294 520 330 nam,
543 279 577 320 si
603 279 697 335 quis
724 279 881 320 iniussu
914 280 959 320 in
988 280 1151 321 hostem
1181 287 1420 336 pugnasset
1483 277 1657 328 Milites,
1684 291 1806 333 aegre

189 330 231 402 ᾗ
255 330 399 402 Cta351151i
410 337 456 378 id
475 337 695 393 patientes,
717 337 852 393 primo
881 337 925 377 iu
954 337 1200 378 stationibus
1220 336 1455 392 vigiliisque
1480 336 1590 377 inter
1610 350 1654 377 se
1675 335 1807 376 dicta-

189 381 309 446 litffiis.
411 402 546 436 torem
580 395 841 435 sermonibus
877 409 1071 450 carpere·
1063 426 1073 443 ,
1108 394 1322 435 interdum
1351 393 1498 435 Patres
1528 392 1808 434 communiter

410 451 640 507 increpare,
672 451 788 507 quod
818 466 902 492 non
934 451 1150 492 iussissent
1179 466 1254 507 per
1284 450 1476 493 consules
1510 450 1600 506 geri
1634 449 1805 491 bellum.

412 513 425 532 ‘
441 508 637 550 Electum
666 523 753 549 esse
783 508 985 549 eximium
1013 509 1319 563 imperatorem,
1346 508 1520 548 unicum
1545 507 1710 556 ducem,
1734 506 1808 562 qui

413 570 425 589 ‘
440 566 546 606 nihil
567 566 709 621 agenti
731 565 809 605 sibi
830 565 882 605 de
905 565 1021 605 coelo
1042 564 1364 605 devolaturam
1354 580 1400 604 1n
1427 565 1567 606 sinum
1589 564 1808 605 victoriam

412 628 425 646 ‘
441 624 634 664 66115631.’
695 622 857 662 Ε3<16111
878 621 1032 662 deinde
1053 621 1157 662 haec
1178 621 1365 661 interdiu
1384 621 1613 677 propalam,
1632 636 1680 662 36
1700 621 1808 662 fero-

411 680 525 721 ciora
548 680 626 728 his,
649 679 827 719 iactare·
819 710 828 727 ,
865 684 876 702 ‘
891 693 934 719 se
959 678 1121 718 iniussu
1145 678 1407 733 imperatoris
1432 686 1505 718 aut
1525 678 1807 727 dimicaturos,

414 742 426 761 ‘
442 746 514 777 aut
535 736 701 791 agmine
724 735 906 775 Romam
928 735 1070 776 ituros.
1075 735 1084 752 ’
1144 734 1461 790 Immiscerique
1487 735 1690 776 militibus
1709 750 1810 776 cen-

412 793 623 834 turiones:
658 807 737 833 nec
767 792 812 832 in
843 791 1008 833 circulis
1038 791 1164 832 modo
1191 792 1381 841 fremere,
1404 791 1515 832 sed
1505 807 1588 832 iam
1618 792 1663 832 in
1693 792 1838 848 prin-1

412 850 531 905 cipiis
562 865 609 890 36
640 849 849 905 praetorio
880 849 924 889 in
955 864 1088 890 unum
1119 864 1332 890 sermones
1362 849 1577 899 confundi,
1607 857 1733 905 atque
1763 849 1809 890 in

412 907 626 948 concionis
663 906 1000 962 magnitudinem
1036 921 1219 947 crescere
1257 906 1390 956 turba,
1428 915 1471 948 et
1504 906 1721 947 vociferari
1755 921 1809 947 ex

412 964 607 1005 omnibus
640 963 753 1013 locis,
788 968 863 1004 ‘ut
895 963 1107 1020 extemplo
1141 963 1194 1004 ad
1221 963 1469 1005 dictatorem
1495 964 1650 1004 iretur:
1683 964 1810 1005 verba

414 1027 426 1045 ⁶
441 1036 517 1077 pro
546 1021 735 1063 exercitu
758 1021 915 1062 faceret
948 1020 1043 1062 Sex.
1069 1021 1247 1070 Tullius,
1270 1030 1318 1062 ut
1338 1021 1491 1062 virtute
1518 1021 1608 1062 eius
1632 1021 1810 1077 dignum

269 1076 333 1114 13·
414 1079 575 1120 ‘essetf
639 1078 873 1134 Septimum
892 1078 1088 1143 piimum
1123 1078 1257 1134 pilum
1287 1078 1370 1119 iam
1402 1078 1568 1119 Tullius
1600 1078 1840 1127 ducebat32

413 1151 552 1191 neque
578 1145 666 1177 erat
693 1137 738 1176 in
763 1136 964 1185 exercitu,
987 1136 1061 1191 qui
1083 1135 1256 1191 quidem
1283 1135 1493 1191 pedestria
1520 1135 1730 1192 stipendia
1748 1135 1810 1176 fe-

193 1202 381 1236 Sex-‚Tullii
413 1193 548 1243 cisset,
569 1194 633 1233 vir
656 1193 774 1234 factis
806 1193 996 1235 nobilior.
1060 1192 1115 1242 Is,
1141 1193 1396 1249 praecedens
1428 1193 1610 1234 militum
1642 1208 1808 1249 agmen,

192 1249 234 1278 ad
250 1247 385 1278 dictato·
414 1250 467 1291 ad
488 1250 671 1292 tribunal
691 1250 854 1306 pergit3
885 1250 1138 1306 mirantique
1163 1250 1349 1306 Sulpicio
1370 1265 1457 1291 non
1478 1251 1643 1291 turbam
1664 1265 1808 1306 magls,

192 1288 399 1363 {ffffitss'lssttiss
414 1323 542 1363 quam
563 1308 709 1349 turbae
734 1308 969 1364 principem
991 1307 1226 1372 Tullium,
1217 1308 1402 1364 lmperiis
1423 1307 1810 1349 obedientissimum

191 1374 289 1407 mine.
412 1365 603 1415 militem,
657 1371 668 1389 ‘
688 1364 869 1415 Scilicet,
912 1365 1116 1414 dictator,’
1155 1365 1308 1430 inquit,
1362 1370 1373 1388 ‘
1389 1365 1718 1406 condemnatum
1766 1379 1809 1405 se.

414 1423 660 1464 ‘universus
696 1422 904 1464 exercitus
940 1438 964 1463 a
1000 1431 1040 1463 te
1077 1423 1266 1478 ignaviae
1299 1430 1424 1472 ratus,
1457 1431 1500 1463 et
1529 1437 1659 1478 prope
1690 1421 1811 1478 igno-

413 1484 426 1503 ‘
442 1479 596 1520 miniae
626 1495 750 1521 causa
776 1480 1025 1521 destitutum
1058 1480 1146 1520 sine
1181 1480 1317 1530 armis,
1344 1480 1476 1521 oravit
1508 1495 1588 1530 me,
1614 1488 1662 1520 ut
1692 1493 1841 1524 51131113

414 1542 607 1577 ‘causam
638 1537 751 1592 apud
782 1545 825 1578 te
857 1553 1036 1591 agerem.
1102 1537 1328 1593 Equidem,
1352 1537 1484 1578 sicubi
1514 1537 1607 1578 loco
1633 1551 1808 1586 cessum,

414 1598 426 1617 ‘
442 1593 476 1633 si
498 1601 615 1649 terga
634 1593 732 1633 data
751 1594 873 1643 hosti,
890 1591 930 1635 ‘si
951 1595 1071 1650 signa
1089 1594 1211 1636 foede
1241 1595 1390 1636 amissa
1418 1595 1543 1635 obiici
1567 1594 1688 1635 nobis
1714 1608 1812 1650 pos-

414 1655 427 1674 ‘
442 1659 547 1700 sent,
571 1659 713 1691 tamen
740 1650 819 1691 hoc
846 1667 870 1691 a
895 1660 935 1691 te
961 1652 1177 1706 impetrari
1202 1666 1385 1707 aequum
1411 1666 1637 1700 censerem,
1660 1659 1708 1692 ut
1734 1665 1811 1692 nos

416 1712 428 1731 ‘
443 1707 595 1748 virtute
618 1707 785 1762 culpam
806 1716 991 1749 nostram
1012 1708 1231 1763 corrigere,
1250 1718 1293 1748 et
1309 1708 1473 1748 abolere
1490 1708 1636 1763 flagitii
1652 1722 1811 1748 memo-

417 1770 428 1788 ‘
444 1764 548 1805 riam
580 1780 688 1805 nova
719 1764 851 1819 gloria
882 1765 1092 1820 patereris.
1156 1764 1296 1805 Etiam
1329 1764 1382 1804 ad
1416 1764 1573 1805 Alliam
1604 1764 1719 1805 fusae
1751 1764 1812 1805 16-

417 1821 589 1876 ‘giones
625 1821 816 1871 eandem,
850 1836 977 1877 quam
1009 1836 1085 1877 per
1116 1836 1313 1876 pavorem
1349 1821 1584 1871 amiserant,
1617 1821 1809 1877 patriam,

416 1878 653 1934 ‘profectae
686 1888 831 1934 postea
862 1879 913 1919 ab
935 1878 1066 1928 Veiis,
1100 1879 1253 1919 virtute
1286 1893 1596 1934 recuperavere.
1660 1878 1809 1929 Nobis,

416 1942 428 1960 ‘
444 1935 571 1976 deum
593 1936 865 1991 benignitate,
887 1935 1085 1976 felicitate
1113 1944 1185 1976 tua
1208 1935 1439 1991 populique
1464 1935 1659 1985 Romani,
1681 1944 1725 1976 et
1745 1951 1811 1976 res

417 1998 486 2033 ‘et
517 1992 649 2047 gloria
680 2001 743 2033 est
777 1992 952 2047 integra.
1019 1992 1275 2047 Quanquam
1311 1992 1363 2032 de
1399 1992 1531 2047 gloria
1563 1992 1634 2033 vix
1670 1992 1809 2034 dicere

417 2056 429 2073 ‘
445 2050 590 2098 ausim,
613 2050 647 2089 si
668 2064 743 2090 nos
769 2058 811 2090 et
834 2050 973 2090 hostes
997 2049 1112 2089 haud
1137 2064 1268 2098 secus,
1291 2064 1418 2104 quam
1438 2049 1626 2099 feminas,
1648 2049 1810 2091 abditos

417 2113 429 2130 ‘
445 2106 555 2147 intra
570 2122 594 2147 x
597 2106 726 2147 allum
742 2107 935 2147 omnibus
952 2106 1217 2147 contumeliis
1231 2106 1431 2155 eludunt3
1455 2115 1498 2147 et
1519 2115 1566 2147 tu
1586 2107 1812 2172 imperator

417 2170 429 2187 ‘
445 2172 598 2214 noster,
617 2163 745 2228 quod·
754 2164 916 2220 aegrius
937 2164 1131 2219 patimui,
1150 2164 1382 2205 exercitum
1404 2173 1525 2204 tuum
1541 2164 1630 2205 sine
1647 2164 1809 2214 animis,

418 2227 429 2245 ‘
445 2221 534 2261 sine
556 2236 692 2270 armis,
716 2221 804 2261 sine
827 2221 1019 2261 manibus
1043 2220 1202 2261 iudicas
1224 2236 1340 2270 esse;
1372 2229 1415 2261 et
1438 2221 1566 2276 prius,
1588 2236 1715 2276 quam
1736 2236 1811 2262 ex-

417 2284 429 2302 ‘
444 2287 587 2333 pertus
615 2293 691 2319 nos
719 2293 840 2326 esses,
863 2277 916 2318 de
945 2278 1065 2318 nobis
1093 2278 1151 2318 ita
1173 2278 1412 2334 desperasti,
1436 2286 1484 2318 ut
1504 2286 1544 2319 te
1566 2293 1810 2319 mancorum

416 2341 428 2359 ‘
444 2350 491 2376 ac
513 2335 717 2376 debilium
738 2335 891 2376 ducem
912 2334 1116 2375 iudicares
1136 2350 1235 2376 esse.
1301 2334 1419 2383 Quid
1444 2335 1557 2375 enim
1582 2334 1697 2374 aliud
1720 2349 1809 2375 esse

415 2399 427 2416 ⁶
443 2407 590 2433 causae
631 2392 862 2441 credemus,
899 2407 974 2432 cur
1007 2400 1229 2433 veteranus
1264 2391 1364 2441 dux,
1400 2391 1646 2432 fortissimus
1684 2391 1808 2441 bello,

415 2455 426 2473 ⁶
443 2449 700 2504 compressis,
724 2449 838 2504 quod
867 2449 997 2498 aiunt,
1024 2449 1216 2489 manibus
1243 2449 1420 2489 sedeas?
1451 2456 1666 2503 utcunque
1695 2448 1811 2488 enim

415 2512 484 2547 ‘se
516 2506 644 2547 habet
673 2521 751 2555 reS,
781 2514 822 2547 te
851 2505 903 2546 de
932 2514 1074 2547 nostra
1093 2506 1245 2547 virtute
1275 2505 1485 2546 dubitasse
1513 2505 1660 2555 videri,
1681 2519 1810 2561 quam

460 2643 471 2663 1
498 2635 541 2663 In
563 2634 752 2673 principiis]
782 2633 823 2663 In
847 2643 885 2663 63
911 2635 1002 2672 parte
1026 2642 1091 2663 cas·
1180 2642 1196 2671 3
1221 2634 1420 2663 Destitutum
1442 2633 1511 2663 sine
1529 2632 1644 2670 armis]
1681 2631 1810 2662 Alludit

414 2678 546 2713 trorum,
557 2675 611 2706 ubi
625 2675 872 2715 praecipuorum
889 2676 1009 2706 (lucum
1022 2678 1091 2704 ten-
1136 2675 1177 2704 ad
1194 2674 1333 2705 militare
1354 2685 1477 2714 poenae
1499 2684 1610 2714 genus,
1626 2683 1689 2713 quo
1704 2673 1738 2711 ii,
1754 2673 1809 2712 qui

414 2717 497 2747 toria.
526 2722 559 2748 et
593 2717 682 2756 signa
714 2717 866 2748 militaria
896 2718 961 2747 fixa
990 2721 1090 2747 erant.
1136 2717 1207 2747 loco
1231 2721 1401 2752 cesserant,
1417 2716 1611 2756 ignominiae
1633 2725 1729 2746 causa
1747 2715 1809 2745 dis-

415 2761 464 2789 Ac
481 2762 652 2796 praetorio,
667 2759 686 2790 i.
704 2770 731 2790 e.
752 2770 852 2799 prope
875 2759 980 2799 ipsum
1003 2769 1091 2799 prae·
1136 2759 1232 2789 cincti
1249 2763 1346 2798 atque
1359 2759 1456 2789 etiam
1472 2759 1647 2798 aliquando
1661 2757 1809 2795 tunicati,

416 2801 492 2830 toris
508 2802 574 2832 sive
590 2802 791 2841 imperatoris
805 2802 1062 2832 tabernaculum.
1135 2801 1294 2832 destrictis
1309 2801 1434 2841 gladiis,
1447 2805 1530 2831 stare
1546 2799 1745 2839 aliquamdiu
1761 2799 1808 2829 iu-

467 2851 482 2870 ἰ
499 2844 690 2881 Septimum]
711 2844 855 2883 Septima
869 2844 933 2874 iam
947 2844 1015 2874 vice
1031 2843 1092 2883 pri-
1138 2845 1303 2874 bebautur.
1336 2843 1411 2874 Vid.
1425 2843 1494 2874 Liv.
1508 2842 1604 2872 xxvii.
1622 2851 1668 2881 13.
1685 2844 1718 2871 et
1730 2841 1807 2872 Sue-

422 2891 510 2911 mum
530 2884 631 2921 pilum
647 2886 796 2916 ducebat.
837 2886 889 2916 De
906 2886 1092 2918 centurione
1137 2889 1203 2916 ton.
1219 2886 1251 2915 in
1270 2886 1351 2925 Aug.
1370 2895 1418 2924 ²4·
1444 2886 1552 2916 Canv.

420 2924 586 2964 primipili,
603 2926 641 2956 cf.
659 2937 744 2965 supr.
762 2927 792 2958 ii.
812 2935 861 2966 27.
