1934 3211
521 178 647 220 LIB.
686 177 743 220 ΙΙ.
791 178 937 221 CAP.
976 183 1043 223 59.
1415 188 1494 228 139

106 270 252 320 bunos,
296 269 346 312 C.
387 268 605 318 Sicinium,
646 268 696 310 L.
735 268 1038 320 Numitorium,
1075 270 1138 312 M.
1174 271 1381 323 Duilium,
1422 275 1492 332 Sp.
1512 286 1554 317 U.
1572 287 1610 318 c.
1628 286 1700 326 283.

107 327 285 377 Icilium,
307 326 358 368 L.
382 325 639 368 Maecilium.
1510 330 1549 360 A.
1573 330 1612 361 C·
1627 328 1700 371 469·

163 383 367 426 Volscum
389 384 713 440 Aequicumque
745 384 854 426 inter
883 385 1134 428 seditionem
1167 386 1404 429 Romanam
1434 399 1497 432 est

104 441 261 484 bellum
295 450 495 484 coortum.
558 443 837 485 Vastaverant
871 458 1002 499 agros,
1036 453 1096 493 ut,
1130 444 1164 485 si
1200 460 1284 501 qua
1318 448 1496 489 secessio

104 498 238 556 plebis
265 499 396 550 fieret,
419 499 473 541 ad
499 515 542 541 se
570 510 786 556 receptum
814 500 998 542 haberet.
1064 500 1320 559 Compositis
1340 503 1495 546 deinde

105 557 240 607 rebus,
283 566 416 599 castra
464 568 573 599 retro
615 573 793 600 movere.
858 558 941 615 Ap.
988 558 1192 601 Claudius
1232 560 1276 601 in
1317 561 1496 604 Volscos

105 615 277 657 missus:
334 615 536 664 Quinctio
578 615 718 672 Aequi
762 616 977 672 provincia
1019 618 1170 659 evenit.
1247 617 1407 660 Eadem
1450 620 1494 661 in

105 672 255 714 militia
274 674 444 715 saevitia
465 673 609 730 Appii,
633 689 739 729 quae
766 674 893 724 domi,
917 690 1030 716 esse:
1065 675 1244 726 liberior,
1268 677 1383 733 quod
1404 677 1494 720 sine

105 731 339 773 tribuniciis
359 731 535 773 vinculis
557 740 656 773 erat.
702 731 851 773 Odisse
874 732 1039 789 plebem
1061 733 1156 790 plus
1172 750 1295 790 quam
1319 744 1496 791 paterno

76 788 227 830 1odio:
261 804 304 832 se
325 789 482 831 victum
503 790 554 831 ab
576 805 650 831 ea:
684 804 726 830 sc
756 790 880 831 unico
909 790 1078 832 consule
1107 792 1270 834 obiecto
1299 793 1496 835 adversus

104 846 368 888 tribuniciam
390 856 650 903 potestatem,
668 847 871 904 perlatam
891 848 1027 905 legem
1049 864 1161 899 esse3
1185 866 1310 906 quam
1333 851 1494 893 minore

104 913 270 955 conatu,
292 920 559 962 nequaquam
587 914 703 946 tanta
724 905 896 947 Patrum
924 922 1009 963 spe,
1038 907 1197 963 priores
1225 908 1496 964 impedierint

104 962 306 1004 consules.
383 962 503 1005 Haec
543 963 605 1004 ira
639 963 959 1020 indignatioque
997 965 1178 1006 ferocem
1215 967 1400 1008 animum
1441 967 1495 1009 ad

104 1020 343 1062 vexandum
364 1035 485 1062 saevo
506 1021 681 1077 imperio
703 1021 934 1063 exercitum
956 1023 1218 1065 stimulabat:
1251 1040 1328 1066 nec
1350 1024 1434 1066 ulla
1453 1025 1494 1066 vi

73 1077 264 1120 adomari
303 1088 477 1136 poterat.
559 1079 745 1120 Tantum
791 1090 1003 1122 certamen
1053 1081 1202 1123 animis
1243 1082 1492 1125 imbiberant.

107 1134 314 1192 Segniter,
349 1137 492 1187 otiose,
526 1136 801 1193 negligenter,
835 1139 1138 1180 contumaciter
1170 1140 1311 1182 omnia
1343 1156 1492 1197 agere:

103 1209 183 1236 nec
203 1194 353 1251 pudor,
371 1210 449 1236 nec
472 1204 608 1236 metus
624 1195 853 1236 coercebat.
900 1195 944 1237 Si
961 1197 1083 1237 citius
1100 1197 1166 1253 agi
1183 1197 1309 1239 vellet
1330 1214 1493 1254 agmen,
1510 1210 1619 1250 Appio
1638 1211 1715 1243 Cos.

103 1251 262 1293 tardius
282 1251 428 1293 sedulo
450 1252 669 1294 incedere:
691 1253 728 1306 ‘si
746 1253 987 1295 adhortator
1003 1255 1140 1310 operis
1156 1255 1333 1306 adesset,
1351 1271 1495 1298 omncs
1508 1254 1649 1302 insons-us

74 1309 179 1351 3sua
208 1319 356 1366 sponte
388 1319 543 1351 motam
575 1311 786 1352 remittere
818 1311 1092 1353 industriam:
1126 1314 1335 1369 praesenti
1357 1314 1496 1355 vultus
1508 1302 1678 1328 exeremus.

73 1354 341 1417 4demittere,
365 1368 489 1409 tacite
519 1377 856 1425 praetereuntem
885 1370 1116 1410 exsecrari:
1151 1379 1198 1411 ut
1226 1370 1405 1412 invictus
1427 1372 1495 1413 ille

105 1425 202 1466 odio
230 1425 394 1482 plebeio
422 1426 585 1467 animus
613 1426 825 1467 interdum
854 1436 1099 1468 moveretur.
1165 1427 1296 1469 Omni
1322 1430 1496 1485 nequic-

104 1498 231 1539 quam
253 1483 476 1525 acerbitate
493 1493 698 1540 prompta,
722 1483 828 1524 nihil
849 1484 931 1525 iam
953 1499 1049 1526 cum
1071 1484 1273 1528 militibus
1294 1502 1441 1543 agere:
1472 1503 1496 1529 a

104 1540 419 1583 centurionibus
468 1550 710 1598 corruptum
761 1542 994 1583 exercitum
1040 1542 1211 1585 dicere:
1274 1550 1285 1568 ⁶
1306 1545 1495 1587 tribunos

102 1598 259 1656 plebei’
291 1598 487 1640 cavillans
518 1599 730 1640 interdum
761 1609 803 1641 et
840 1600 1119 1642 ‘Volerones’
1149 1617 1308 1644 vocare.
1373 1603 1495 1645 Nihil
1578 1613 1645 1652 59,

102 1671 248 1698 eorum
269 1656 413 1698 Volsci
434 1657 688 1707 nesciebant,
710 1657 1004 1714 instabantque
1026 1674 1076 1700 eo
1097 1660 1240 1716 magis,
1263 1670 1492 1717 speranteS,

103 1713 217 1756 idem
258 1724 470 1756 certamen
511 1715 745 1756 animorum
786 1716 982 1758 adversus
1023 1717 1064 1758 A
1097 1717 1214 1774 pium
1253 1718 1494 1760 habiturum

103 1772 334 1814 exercitum
377 1772 629 1823 Romanum,
672 1773 787 1830 quod
827 1774 1024 1815 adversus
1064 1733 1241 1817 Fabium
1277 1777 1490 1819 consulem

102 1829 324 1872 habuisset.
390 1830 593 1872 Ceterum
625 1831 757 1873 multo
780 1831 936 1889 Appio,
959 1848 1086 1889 quam
1110 1833 1251 1884 Fabio,
1273 1835 1497 1877 violentior

102 1887 193 1930 fuit.
257 1887 358 1930 Non
389 1889 502 1931 enim
532 1889 698 1931 vincere
732 1898 893 1931 tantum
925 1890 1073 1941 noluit,
1103 1900 1150 1933 ut
1184 1891 1392 1934 Fabianus
1422 1909 1496 1935 ex-

103 1946 267 1996 ercitus,
290 1947 365 1988 sed
394 1947 504 1988 vinci
534 1947 675 1989 voluit.
740 1948 977 1990 Productus
1009 1949 1053 1990 in
1087 1950 1218 1991 aciem
1253 1952 1361 2007 turpi
1397 1951 1496 2008 fuga
1510 1963 1698 1996 vineivult.

102 2004 209 2061 petit
229 2014 384 2053 castra3
417 2020 494 2046 nec
515 2015 611 2047 ante
634 2006 797 2055 restitit,
820 2021 946 2061 quam
967 2007 1085 2062 signa
1113 2007 1363 2050 inferentem
1386 2009 1492 2051 Vol-

102 2077 218 2103 scum
240 2062 510 2103 munimentis
526 2063 630 2104 vidit
646 2063 896 2119 foedamque
913 2065 1089 2105 extremi
1107 2065 1284 2119 agminis
1305 2066 1490 2109 caedem.

104 2118 217 2160 Tum
249 2135 445 2176 expressa
476 2120 535 2160 vis
567 2119 620 2161 ad
652 2120 940 2176 pugnandum,
975 2130 1021 2162 ut
1052 2122 1184 2162 victor
1217 2122 1297 2163 iam
1331 2139 1355 2164 a
1387 2124 1495 2165 vallo

104 2186 434 2218 summoveretur
462 2177 616 2218 hostis:
650 2178 747 2219 satis
781 2187 920 2219 tamen
953 2194 1005 2235 ap
1025 2189 1184 2228 ›areret,
1208 2181 1298 2236 capi
1332 2190 1493 2222 tantum

105 2242 238 2276 castra
259 2234 431 2276 militem
459 2235 695 2276 Romanum
720 2235 912 2277 noluisse.
969 2237 1005 2276 A
1030 2237 1055 2277 ii
1078 2237 1260 2291 gaudere
1282 2254 1357 2279 sua
1377 2239 1494 2280 clade

104 2300 230 2358 atque
282 2292 520 2349 ignominia.
598 2294 763 2342 Quibus
809 2294 912 2334 nihil
959 2295 1155 2335 infractus
1201 2296 1315 2336 ferox
1364 2297 1493 2353 Appii

104 2365 279 2400 animus,
312 2366 441 2408 quum
480 2351 649 2408 insuper
683 2352 839 2393 saevire
877 2352 1014 2402 vellet,
1053 2353 1384 2410 concionemquc
1422 2354 1496 2396 ad-

153 2487 163 2508 1
187 2480 228 2510 Se
246 2482 357 2518 unico]
384 2491 425 2511 nc.
444 2481 552 2516 Quem
577 2486 682 2520 patres
703 2492 775 2511 con·
823 2482 949 2512 (fh-ric«,
971 2482 1134 2516 sollicites,
1151 2483 1203 2522 qui
1223 2483 1379 2514 infelicem
1400 2485 1496 2523 plane

107 2520 208 2551 auem
238 2522 385 2553 fecissent
419 2534 502 2563 supr.
535 2523 586 2563 56,
624 2530 775 2563 tanquam
823 2530 853 2554 ct
879 2525 1090 2563 int-legantem
1109 2526 1323 2556 coniecturmn
1343 2527 1495 2563 obtrudit,

108 2572 206 2593 unum
230 2564 369 2596 maxime
385 2566 533 2596 idoneum
551 2568 589 2597 ml
609 2568 776 2597 retundi-n·
825 2568 956 2606 »ulique
972 2568 1080 2607 reponi
1099 2573 1213 2599 tionum.
1263 2569 1350 2599 Nihil
1370 2570 1494 2601 clarius.

108 2605 166 2636 dos
181 2604 319 2646 impetun
333 2608 536 2640 tribunicios:
555 2615 622 2644 unt,
635 2609 658 2639 si
674 2610 778 2643 mulin,
823 2613 934 2645 Quum
975 2611 1092 2640 milites
1122 2622 1178 2641 sun
1211 2617 1325 2651 sponte
1363 2623 1493 2643 numum

108 2653 143 2678 ut
164 2648 216 2687 qui
242 2659 344 2689 neque
365 2661 385 2681 a
404 2652 538 2688 collega,
555 2662 658 2691 neque
681 2664 700 2682 a
725 2663 776 2692 pa·
822 2653 909 2691 operi
934 2653 1162 2689 nammis-ont,
1181 2653 1206 2684 ni
1232 2654 1413 2685 hortaturus
1431 2658 1494 2696 Ap-

108 2690 208 2721 tribun
223 2692 298 2721 mtin
313 2692 440 2723 adiutus
455 2699 546 2724 emet.
825 2695 895 2734 pius
933 2696 1178 2735 supervenisset,
1209 2707 1319 2727 tulmen
1349 2699 1496 2729 consulto

152 2743 167 2764 2
194 2735 325 2764 noman·
352 2738 491 2774 poterut}
529 2748 570 2767 nc.
598 2736 778 2772 Exercitum,
822 2738 1064 2774 wgoiuxugcrc.
1092 2741 1197 2770 (Ὶικν.

106 2776 147 2807 ad
174 2787 268 2816 quem
300 2777 467 2808 collective
493 2780 626 2809 refertur
654 2781 777 2818 plumlc
866 2793 882 2819 ⁴
909 2782 1077 2811 l'rm-mm'
1096 2783 1203 2812 vultus
1217 2784 1396 2822 demittere]
1429 2784 1491 2814 Ubi

106 2820 308 2855 imbiberunt,
341 2826 374 2850 nt
415 2820 444 2851 in
485 2821 554 2852 Ms.
591 2821 697 2852 Vcith.
730 2827 776 2852 ont
823 2833 970 2862 praem-nn
987 2824 1109 2864 Appius
1124 2831 1218 2860 emt-t,
1233 2826 1355 2857 vultum
1372 2832 1403 2857 ct
1420 2838 1491 2858 ocu-

106 2863 234 2893 am'mus
249 2864 423 2895 imbiberat.
453 2865 591 2894 Doman-
605 2864 774 2903 legendum
823 2865 870 2895 lm·
888 2866 1025 2904 «tetigere
1049 2866 1079 2897 in
1102 2873 1230 2906 terram,
1246 2879 1285 2900 ne
1301 2880 1374 2901 eum
1392 2869 1493 2901 intue-

107 2910 216 2937 censet
235 2905 349 2942 Dmk.‚
365 2907 448 2946 qnod
471 2906 619 2944 „aerina
639 2907 755 2946 plncet.
822 2914 939 2941 rentur.
964 2910 1070 2941 Cuzv.

150 2957 168 2987 3
192 2949 332 2988 Motum]
363 2951 451 2981 Cave
474 2949 556 2981 hanc
574 2960 684 2981 vocem
704 2960 777 2982 cum
