1934 3211
534 202 658 244 LIB.
699 202 731 244 I.
774 202 920 244 CAP.
960 208 1028 245 40.
1421 211 1474 250 47

93 292 374 336 ‘nutriamus'
432 290 538 333 Inde
563 307 740 348 puerum
768 292 945 334 liberum
978 292 1070 334 loco
1095 302 1291 349 coeptum
1319 295 1478 345 haberi,

90 351 330 406 erudirique
351 350 522 399 artibus,
545 350 697 406 quibus
718 350 888 406 ingenia
908 349 961 392 ad
983 365 1158 407 magnae
1178 350 1369 393 fortunae
1391 353 1481 394 cul-

90 418 179 451 tum
199 407 447 450 excitantur.
510 406 666 449 Evenit
685 407 817 458 facile,
847 407 963 465 quod
983 407 1063 449 diis
1090 408 1206 450 cordi
1228 418 1346 451 esset.
1409 409 1482 451 Iu-

88 465 205 508 venis
239 465 370 507 evasit
403 480 498 506 vere
534 464 686 506 indolis
718 465 879 522 regiae:
918 481 1009 516 nec,
1042 481 1173 523 quum
1210 475 1482 523 quaereretur

87 538 218 580 gener
244 522 490 579 Tarquinio,
522 523 743 579 quisquam
775 523 992 565 Romanae
1019 523 1249 566 iuventutis
1279 524 1365 566 ulla
1391 534 1480 566 arte

87 579 267 623 conferri
301 580 464 637 potuit:
508 579 721 636 filiamque
758 581 797 622 ei
832 596 949 623 suam
983 596 1059 623 rex
1094 581 1331 638 despondit.
1396 581 1481 624 Hic

87 653 339 695 quacunque
361 637 414 681 de
434 653 558 679 causa
578 647 718 680 tantus
745 638 806 680 illi
835 639 968 681 honos
992 638 1159 680 habitus
1187 639 1356 681 credere
1385 655 1482 696 pro-

56 696 217 746 2hibet,
268 711 384 738 serva
435 704 581 737 natum
633 711 743 746 eum,
796 711 969 753 parvum
1003 712 1055 738 ue
1107 697 1245 753 ipsum
1295 698 1479 739 servisse.

57 752 249 797 3Eorum
283 753 414 810 magis
449 753 680 795 sententiae
714 769 818 804 sum,
851 755 938 811 qui,
1011 754 1199 796 orniculo
1230 764 1365 811 capto,
1391 754 1479 797 Ser.

87 810 232 861 Tullii,
255 811 328 867 qui
349 811 543 868 princeps
570 811 615 852 in
643 810 714 852 illa
741 813 844 854 urbe
874 812 1021 862 fuerat,
1050 812 1264 869 gravidam
1292 813 1381 854 viro
1412 828 1481 855 oc-

86 868 171 910 ciso
192 883 378 919 uxorem,
402 884 534 925 quum
555 868 665 910 inter
684 869 866 926 reliquas
887 870 1069 926 captivas
1090 870 1258 927 cognita
1278 880 1398 921 esset,
1427 871 1481 913 ob

86 926 254 968 unicam
288 926 551 968 nobilitatem
578 927 630 968 ab
660 927 806 984 regina
834 927 1029 969 Romana
1057 928 1310 985 prohibitam
1340 928 1482 970 ferunt

86 984 256 1026 servitio
287 995 453 1041 partum
490 984 651 1026 Romae
688 985 880 1036 edidisse,
912 985 1045 1027 Prisci
1081 985 1304 1042 Tarquinii
1340 986 1477 1028 domo.

87 1040 194 1084 Inde
216 1050 333 1084 tanto
348 1042 554 1084 beneficio
570 1051 614 1084 et
629 1042 739 1084 inter
754 1043 949 1085 mulieres
961 1043 1283 1085 familiaritatem
1301 1052 1478 1095 auctam,

86 1107 131 1142 et
148 1114 340 1157 puerum,
362 1108 410 1142 ut
429 1100 475 1141 in
495 1099 620 1142 domo
641 1115 666 1141 a
685 1115 811 1156 parvo
835 1101 1049 1151 eductum,
1079 1101 1123 1141 in
1155 1101 1324 1143 caritate
1353 1111 1479 1158 atque

86 1156 243 1199 honore
257 1157 405 1199 fuisse:
429 1157 640 1199 fortunam
656 1158 810 1206 matris,
825 1158 939 1214 quod
955 1167 1077 1215 capta
1088 1159 1223 1215 patria
1238 1159 1282 1200 in
1297 1159 1479 1201 hostium

87 1229 235 1256 manus
254 1215 427 1265 venerit,
450 1223 497 1256 ut
517 1230 635 1256 serva
653 1224 776 1257 natus
797 1216 1050 1266 crederetur,
1071 1216 1227 1258 fecisse.

145 1272 622 1329 Duodequadragesimo
651 1273 780 1315 ferme
816 1289 940 1324 anno,
973 1289 1026 1315 ex
1057 1289 1141 1330 quo
1174 1289 1347 1331 regnare
1384 1290 1480 1317 coe-

142 1338 206 1372 rat
254 1330 523 1386 Tarquinius,
569 1346 656 1372 non
705 1331 818 1387 apud
866 1346 1007 1387 regem
1058 1331 1196 1381 modo,
1243 1332 1318 1373 sed
1367 1333 1480 1388 apud

87 1344 234 1429 &atres
261 1387 512 1444 plebemque
541 1387 664 1444 longe
693 1389 876 1430 maximo
897 1389 1055 1430 honore
1080 1387 1165 1430 Ser.
1191 1388 1356 1430 Tullius
1377 1399 1476 1431 erat.

89 1444 202 1487 Tum
235 1446 347 1487 Anci
383 1445 457 1486 filii
492 1445 577 1486 duo
611 1445 688 1486 etsi
724 1454 848 1486 antea
878 1460 1043 1502 semper
1073 1460 1149 1502 pro
1190 1445 1479 1503 indignissimo

87 1502 331 1553 habuerant,
364 1517 407 1544 se
440 1503 574 1559 patrio
605 1517 734 1558 regno
765 1503 912 1544 tutoris
945 1502 1090 1544 fraude
1152 1503 1273 1554 ulsos,
1305 1519 1478 1561 regnare

56 1576 77 1604 4
90 1559 250 1602 Romae
271 1560 487 1610 advenam,
505 1574 591 1601 non
613 1559 738 1602 modo
758 1560 926 1611 civicae,
943 1561 1018 1602 sed
1038 1576 1091 1602 ne
1138 1561 1284 1604 talicae
1306 1562 1480 1619 quidem

56 1617 250 1674 5stirpis;
289 1626 378 1659 tum
414 1617 644 1674 impensius
676 1617 740 1659 his
775 1618 1003 1675 indignitas
1037 1634 1237 1670 crescere,
1268 1620 1302 1661 si
1337 1635 1391 1662 ne
1428 1621 1480 1662 ab

87 1675 319 1731 Tarquinio
340 1675 513 1732 quidem
535 1675 588 1716 ad
609 1690 652 1716 se
673 1675 827 1718 rediret
847 1691 1038 1733 regnum,
1067 1677 1142 1718 sed
1162 1692 1360 1734 praeceps
1379 1678 1480 1720 inde

86 1747 209 1790 porro
236 1732 290 1775 ad
319 1733 487 1775 servitia
515 1733 705 1775 caderet:
740 1742 787 1775 ut
811 1734 855 1775 in
883 1734 1031 1776 eadem
1062 1735 1227 1777 civitate
1258 1744 1353 1792 post
1382 1751 1481 1778 cen-

54 1790 281 1833 6tesimum
301 1790 387 1833 fere
420 1806 591 1841 annum,
621 1807 747 1848 quam
770 1791 978 1833 Romulus
998 1792 1079 1834 deo
1106 1803 1347 1849 prognatuS,
1377 1793 1480 1836 deus

85 1848 187 1905 ipse,
222 1849 405 1890 tenuerit
437 1863 627 1914 regnum,
669 1849 803 1891 donec
838 1850 883 1891 in
917 1850 1035 1891 terris
1074 1850 1212 1901 fuerit,
1255 1851 1300 1892 id
1339 1866 1481 1894 servus

84 1921 203 1948 serva
236 1915 359 1948 natus
390 1907 610 1964 posmdeat.
673 1907 784 1948 Tum
814 1923 1036 1950 commune
1070 1907 1252 1950 Romani
1285 1909 1479 1960 nominis,

85 1972 175 2006 tum
196 1965 418 2022 praecipue
447 1964 491 2006 id
515 1964 665 2006 domus
689 1980 787 2007 suae
809 1965 993 2007 dedecus
1021 1966 1122 2016 fore,
1151 1966 1198 2016 si,
1230 1966 1342 2008 Anci
1372 1968 1480 2024 regis

85 2021 193 2063 virili
213 2022 340 2079 stirpe
361 2022 484 2073 salva,
506 2038 592 2064 non
614 2022 740 2064 modo
761 2023 944 2073 advenis,
972 2023 1047 2065 sed
1068 2024 1195 2065 servis
1215 2024 1355 2074 etiam,
1388 2040 1480 2082 reg-

86 2094 189 2122 num
211 2079 372 2122 Romae
424 2089 567 2122 ateret.
622 2079 748 2122 Ferro
769 2081 896 2137 igitur
915 2096 1008 2122 eam
1025 2097 1163 2122 arcere
1180 2082 1476 2124 contumeliam

85 2146 286 2179 statuunt.
323 2137 376 2180 Sc
427 2147 469 2179 et
490 2138 664 2179 iniuriae
681 2137 801 2179 dolor
817 2138 861 2179 in
877 2138 1158 2195 Tarquinium
1176 2139 1312 2195 ipsum
1335 2141 1477 2196 magis,

130 2287 146 2309 2
169 2278 272 2310 Serva
287 2279 416 2318 natum]
440 2278 582 2315 “Quem
599 2279 705 2309 serunt
720 2289 760 2309 ex
806 2279 912 2310 Tusce
935 2280 1102 2310 Maatarna
1127 2280 1156 2310 ei
1188 2290 1305 2311 nomen
1329 2284 1409 2317 erat,
1435 2279 1480 2310 ita

85 2330 178 2352 nerva
194 2320 419 2361 Tarquiniensi
443 2327 567 2359 natum,
583 2331 656 2352 cum
680 2326 762 2352 esset
805 2323 992 2362 appellatus
1021 2327 1081 2359 est,
1115 2327 1150 2353 ut
1179 2322 1258 2360 dixi,
1285 2327 1317 2353 et
1347 2332 1478 2361 regnum

86 2373 128 2395 ex
148 2364 287 2404 quodam
311 2364 391 2405 regis
412 2364 530 2396 cliente
552 2367 761 2404 conceptus.”
803 2375 931 2396 summa
946 2375 1018 2396 cum
1037 2365 1113 2405 reip.
1128 2365 1267 2396 utilitate
1283 2365 1431 2396 obtinuit.

86 2405 157 2438 Cic.
176 2406 217 2438 de
238 2407 322 2448 Rep.
343 2406 374 2438 ii.
398 2416 448 2438 τι.
479 2407 519 2438 cf.
536 2408 622 2439 Fest.
640 2418 667 2438 v.
687 2408 760 2439 Ser-

85 2459 198 2480 vorum
212 2450 287 2481 dies.
307 2449 474 2480 Wachsm.
492 2461 522 2490 p.
544 2449 610 2481 161.

132 2500 151 2531 3
173 2492 314 2531 Eorum]
345 2492 383 2523 cf.
415 2493 512 2524 Dion.
534 2492 626 2534 ivgz.

88 2533 134 2564 tio
158 2534 243 2575 Imp.
263 2535 380 2568 Claud.
404 2537 490 2576 apud
508 2536 586 2567 Tac.
603 2536 653 2566 ed.
673 2535 759 2575 Lips.

89 2576 144 2607 sol.
171 2586 201 2616 p.
230 2578 299 2617 528.
329 2578 377 2608 vel
402 2589 454 2627 ap.
483 2578 614 2615 Gruter,
641 2589 671 2618 p.
700 2588 760 2609 nn.

88 2620 109 2634 ‘¹
117 2618 246 2650 Servius
256 2619 397 2658 Tullius,
408 2631 433 2651 m
447 2626 569 2651 nostros
581 2631 762 2660 sequamur,

88 2661 219 2701 captiva
230 2666 324 2694 natus
335 2663 474 2694 Acriaia:
498 2663 522 2694 ai
536 2664 671 2699 Tuscos,
683 2665 763 2695 Cot>

90 2704 113 2735 li
134 2704 296 2744 quondam
319 2705 487 2737 Vivennae
507 2706 625 2737 sodalis
648 2706 763 2737 fidelia—

88 2747 199 2785 nimum,
225 2747 392 2787 omniaque
420 2748 488 2779 eius
518 2759 609 2779 casua
634 2749 759 2780 accius:

185 2800 259 2821 uam
277 2790 362 2821 varia
383 2790 511 2821 fortuna
532 2795 665 2822 exactus
687 2801 760 2822 cum

89 2831 237 2864 omnibus
267 2833 396 2873 reliquis
424 2833 572 2865 Coeliani
602 2833 761 2864 exercitus

90 2874 221 2907 Etruria
257 2875 403 2913 excessit,
437 2880 578 2907 montem
610 2875 758 2908 Coelium

89 2917 271 2959 occupavit,
295 2923 327 2949 et
353 2929 372 2949 a
395 2919 477 2950 duce
501 2929 558 2949 uuo
581 2918 694 2949 Coelio
717 2918 762 2949 ita

91 2960 306 3000 appellstavit,
323 2966 512 3001 mutatoque
528 2961 668 2998 nomine,
688 2971 760 2992 nam

683 2493 760 2524 Ora-

847 2419 866 2447 4
889 2410 965 2439 Non
987 2409 1075 2438 modo
1097 2409 1232 2446 civicae]
1281 2408 1356 2439 Non
1384 2409 1480 2438 modo

806 2460 881 2482 non.
928 2450 1003 2482 Vid.
1021 2450 1090 2481 infr.
1109 2451 1139 2481 ii.
1158 2460 1206 2491 23.
1224 2454 1256 2481 et
1272 2450 1312 2482 iv.
1331 2460 1358 2490 3.

854 2502 871 2533 5
900 2494 964 2524 llis
993 2495 1170 2533 indiyriitas
1199 2495 1353 2531 creec-ere]
1405 2495 1480 2530 His,

804 2536 877 2566 filiis
906 2535 998 2567 Anci.
1054 2538 1249 2575 Indi-onitas,
1279 2536 1476 2575 indignatio:

806 2579 1077 2618 quemadmodum
1107 2579 1176 2610 infr.
1204 2588 1253 2618 45.
1306 2580 1387 2610 Inde
1410 2581 1478 2618 pri-

806 2632 891 2652 mum
907 2622 1068 2652 miseratio
1082 2623 1146 2657 sui,
1161 2622 1274 2652 deinde
1290 2623 1479 2662 indiynitas,

807 2669 904 2704 atque
918 2675 958 2694 es
973 2675 1010 2695 ea
1027 2666 1078 2694 ira
1093 2666 1216 2694 animm
1231 2665 1323 2704 cepit.

854 2706 874 2737 6
903 2708 1113 2737 Centesimum
1136 2707 1228 2745 sere]
1276 2707 1480 2738 Centesimum

805 2748 867 2779 iam
889 2753 921 2779 et
942 2749 1309 2788 duodequadmgeoimus
1325 2751 1480 2790 agebatur

804 2801 918 2827 annun.
944 2801 982 2821 ex
1011 2802 1074 2831 quo
1104 2792 1264 2823 Romulus
1288 2792 1478 2824 decesserat.

804 2834 867 2865 Sed
884 2833 941 2864 filii
960 2834 1041 2865 Anci
1065 2835 1212 2866 consulto
1232 2835 1401 2867 decurtant
1423 2846 1478 2867 an-

804 2886 917 2907 norum
941 2886 1109 2908 numerum
1132 2878 1173 2909 ad
1195 2878 1375 2918 aagendam
1400 2879 1476 2910 invi-

805 2918 891 2950 diam
923 2930 962 2950 cx
995 2919 1064 2960 ipsa
1094 2925 1276 2961 temporum
1305 2921 1477 2953 vicinitate.

806 2963 911 2993 Cam.

1560 1282 1629 1320 40.

1494 1452 1575 1484 Anci
1593 1453 1671 1484 filio-

1492 1505 1561 1526 rum
1573 1506 1697 1536 conspi-

1492 1539 1584 1571 ratio.
