1934 3211
526 197 652 240 LIB.
686 196 788 238 VII.
832 197 978 238 CAP.
1014 202 1081 239 30.
1415 201 1495 239 431

102 294 278 339 ‘vestra,
317 287 539 330 continens
588 287 813 343 imperium
863 301 997 342 usque
1049 285 1103 326 ad
1153 300 1229 326 nos
1280 286 1498 329 habebitis,
1516 298 1560 329 U.
1577 297 1615 329 C.
1633 307 1706 336 412.

101 352 115 370 ‘
130 347 346 387 Acerbum
373 359 421 386 ac
448 345 648 386 miserum
677 352 753 393 est,
776 342 893 399 quod
918 343 1039 384 fateri
1069 357 1146 384 nos
1170 342 1338 384 fortuna
1362 354 1503 386 nostra
1516 343 1554 372 A.
1578 342 1616 372 C.
1635 350 1707 379 340·

72 416 89 448 7
103 408 116 427 ‘
130 403 254 459 cogit.
300 401 364 443 Eo
380 411 555 443 ventum
576 411 651 451 est,
670 401 818 442 Patres
839 400 999 442 conseri
1033 400 1078 449 ti,
1096 408 1145 440 ut
1164 409 1237 440 aut
1257 400 1500 451 amicorum,

102 465 202 502 ‘aut
235 459 504 501 inimicorum
542 458 753 515 Campani
786 458 926 499 simus.
1024 458 1037 498 i
1073 457 1312 507 defenditis,
1347 459 1499 499 vestri:

101 517 163 558 ‘si
190 516 391 566 deseritis,
421 516 676 558 Samnitium
709 515 877 557 erimus.
943 513 1137 570 Capuam
1168 529 1267 571 ergo
1298 523 1341 556 et
1374 513 1504 556 Cam-

102 574 298 631 ‘paniam
339 589 509 615 omnem
544 574 692 615 vestris
727 588 781 614 an
819 572 1073 614 Samnitium
1108 572 1267 613 viribus
1302 572 1502 614 accedere

103 631 296 681 ‘malitis,
327 630 567 673 deliberate.
633 630 844 673 Omnibus
881 629 1068 686 quidem,
1099 629 1297 679 Romani,
1322 638 1501 670 vestram

103 693 116 713 ‘
131 688 471 738 misericordiam,
493 697 764 744 vestrumque
796 687 1001 729 auxilium
1029 701 1212 743 aequum
1241 695 1303 728 est
1330 695 1500 743 patere3

103 746 182 788 ‘iis
208 754 350 788 tamen
378 747 574 796 maxime,
597 746 684 802 qui,
706 760 800 787 eam
828 744 1149 802 implorantibus
1176 744 1270 785 aliis
1298 744 1503 786 auxilium

102 809 116 827 ‘
131 803 234 845 dum
255 819 380 860 supra
399 804 506 845 vires
527 818 621 845 suas
641 811 866 860 praestant,
889 817 1035 844 omnes
1059 802 1138 858 ipsi
1164 802 1208 842 in
1228 801 1337 843 hanc
1357 817 1503 843 neces-

70 866 117 897 8‘
131 861 297 902 sitatem
337 871 556 903 venerunt.
642 860 901 916 Quanquam
941 860 1221 916 pugnavimus
1260 859 1387 900 verbo
1426 874 1503 916 pro

104 923 117 942 ‘
135 917 346 968 Sidicinis,
381 934 424 960 re
460 934 536 975 pro
571 919 705 968 nobis,
734 933 867 974 quum
899 917 1138 958 videremus
1170 917 1398 958 finitimum
1429 932 1505 973 po-

106 976 282 1032 ‘pulum
317 976 476 1018 nefario
513 976 730 1017 latrocinio
766 974 1019 1016 Samnitium
1055 974 1170 1030 peti3
1210 983 1264 1024 et,
1299 975 1372 1015 ubi
1405 989 1506 1016 con-

106 1033 376 1090 ‘flagrassent
409 1033 598 1083 Sidicini,
625 1033 678 1074 ad
709 1047 785 1074 nos
817 1032 1090 1073 traiecturum
1122 1031 1228 1072 illud
1260 1031 1505 1073 incendium

106 1095 234 1132 ‘esse
299 1090 393 1132 Nec
428 1091 543 1132 enim
579 1105 706 1140 nunc,
741 1090 842 1146 quia
876 1088 1023 1130 dolent
1058 1089 1254 1130 iniuriam
1290 1099 1505 1146 acceptam

106 1153 119 1171 ‘
136 1147 358 1198 Samnites,
381 1148 454 1190 sed
475 1149 575 1204 quia
594 1147 783 1204 gaudent
803 1147 984 1188 oblatam
1006 1147 1084 1188 sibi
1110 1162 1197 1188 esse
1226 1162 1408 1197 causam,
1430 1162 1506 1203 op-

105 1210 367 1262 ‘pugnatum
400 1221 477 1247 nos
509 1206 696 1247 veniunt.
761 1205 847 1255 An,
876 1205 910 1245 si
944 1203 1050 1245 ultio
1083 1204 1167 1245 irae
1201 1204 1318 1254 haec,
1348 1213 1391 1245 et
1418 1219 1505 1246 non

106 1263 297 1305 ‘occasio
337 1263 580 1320 cupiditatis
620 1262 853 1320 explendae
901 1271 1021 1310 esset,
1068 1276 1216 1317 parum
1255 1262 1348 1311 fuit,
1390 1261 1507 1318 quod

106 1326 118 1344 ‘
134 1320 264 1362 semel
283 1321 328 1361 in
353 1320 542 1363 Sidicino
563 1336 675 1378 agro,
698 1321 851 1362 iterum
876 1320 920 1360 in
946 1318 1181 1375 Campania
1206 1319 1295 1375 ipsa
1319 1319 1506 1376 legiones

107 1383 296 1419 ‘nostras
327 1378 550 1420 cecidere?
614 1378 736 1427 Quae
769 1386 832 1419 est
865 1378 944 1418 ista
975 1385 1060 1418 tam
1093 1377 1244 1418 infesta
1275 1377 1348 1427 ira,
1378 1391 1506 1432 quam

108 1440 119 1458 ‘
191 1450 211 1476 r
230 1435 334 1477 duas
355 1436 464 1477 acies
484 1436 599 1477 fusus
620 1436 788 1492 sanguis
808 1434 978 1491 explere
1005 1449 1091 1475 non
1112 1434 1326 1490 potuerit?
1378 1433 1505 1475 Adde

107 1450 219 1534 ‘iiim
244 1493 562 1550 populationem
621 1508 802 1541 vrorum,
825 1491 1000 1549 praedas
1027 1491 1249 1533 hominum
1277 1499 1403 1547 atque
1432 1506 1506 1547 pe·

107 1550 293 1592 ‘cudum
329 1559 452 1600 actas,
490 1509 686 1592 inoffi-'dia
720 1549 912 1591 villarum
947 1564 995 1590 ac
1031 1549 1184 1598 ruinas,
1222 1549 1364 1589 omnia
1398 1549 1507 1589 ferro

107 1607 221 1664 ‘igni
256 1623 308 1649 ue
341 1617 510 1649 vastata.
575 1608 751 1649 Hiscine
785 1607 844 1648 ira
875 1606 1035 1662 expleri
1068 1620 1155 1646 non
1217 1606 1359 1647 otuit?
1423 1605 1507 1647 Sed

107 1624 342 1721 ‘cupiditas
376 1665 589 1721 explenda
623 1673 696 1706 est.
761 1663 826 1705 Ea
861 1663 914 1704 ad
950 1678 1178 1720 oppugnan
1211 1678 1278 1704 am
1314 1662 1506 1720 Capuam

106 1728 118 1745 ‘
135 1737 180 1763 ra
211 1722 254 1763 it.
299 1722 389 1764 Aut
409 1722 549 1764 delere
572 1722 719 1763 urbem
740 1721 1078 1778 pulcherrimam,
1101 1729 1174 1762 aut
1194 1721 1272 1777 ipsi
1293 1720 1506 1777 possidere

106 1784 186 1822 ‘vo
204 1788 291 1821 unt.
358 1779 443 1821 Sed
471 1794 544 1821 vos
573 1780 726 1836 potius,
755 1778 951 1828 Romani,
978 1778 1185 1819 beneficio
1215 1787 1352 1819 vestro
1383 1793 1508 1819 occu—

106 1842 118 1860 ‘
163 1844 230 1879 ate
251 1852 357 1887 eam,
376 1852 504 1893 quam
525 1837 617 1879 illos
637 1837 791 1878 habere
812 1851 889 1892 per
908 1835 1162 1877 maleficium
1184 1835 1341 1877 sinatis.
1405 1835 1505 1877 Non

108 1899 120 1918 ‘
134 1852 286 1951 ibquor
305 1895 419 1951 apud
440 1904 704 1936 recusantem
726 1895 835 1935 iusta
855 1893 964 1935 bella
988 1908 1043 1949 po
1061 1893 1193 1934 >ulum
1211 1909 1220 1942 3
1254 1893 1329 1934 sed
1351 1902 1506 1941 tamen,

107 1952 169 1993 ‘si
205 1952 471 1994 ostenderitis
506 1952 663 1993 auxilia
696 1960 845 2000 vestra,
883 1966 937 1992 ne
973 1950 1085 1991 belo
1122 1950 1295 2007 quidem
1331 1951 1509 1992 arbitror

108 2009 253 2050 ‘vobis
285 2024 390 2065 opus
422 2009 522 2050 fore.
588 2009 735 2064 Usque
769 2008 822 2049 ad
854 2023 930 2048 nos
962 2016 1229 2062 contemptus
1253 2007 1507 2048 Samnitium

109 2071 120 2089 ‘
194 2066 342 2114 rvenit,
360 2081 485 2121 supra
507 2080 592 2106 non
614 2064 813 2106 escendit.
870 2064 1017 2119 Itaque
1041 2064 1187 2104 umbra
1204 2065 1328 2104 vestri
1346 2064 1506 2112 auxilii,

109 2080 336 2171 ‘ffomanss
375 2123 458 2177 tegi
495 2137 740 2178 possumus:
787 2120 992 2177 quicquid
1027 2120 1183 2161 deinde
1225 2120 1506 2169 habuerimus,

108 2186 119 2203 ‘
168 2179 340 2236 uicquid
383 2180 459 2244 ipsi
495 2180 710 2228 fuerimus,
747 2187 928 2219 vestrum
971 2177 1014 2218 id
1055 2192 1179 2218 omne
1216 2177 1504 2218 existimaturi.

109 2194 269 2277 ‘iobis
302 2237 485 2278 aralntur
518 2252 617 2292 ager
651 2236 921 2292 Campanum
960 2235 1075 2276 vobis
1113 2235 1262 2291 Capua
1298 2235 1394 2275 urbs
1427 2235 1508 2276 fre-

109 2294 434 2359 ‘quentabiturz
480 2294 758 2341 conditorum,
793 2301 1035 2390 lparentum,
1077 2291 1251 2332 deorum
1294 2292 1507 2333 immorta-

109 2356 120 2375 ‘
138 2350 240 2392 hum
263 2366 439 2393 numero
461 2351 581 2392 nobis
601 2351 726 2392 critis.
823 2349 923 2391 'ulla
944 2349 1109 2390 colonia
1130 2359 1264 2390 vestra
1284 2349 1375 2397 erit,
1398 2365 1505 2405 quae

81 2432 92 2453 ι
110 2414 121 2432 ‘
138 2423 213 2450 nos
239 2409 441 2464 obsequio
469 2424 567 2463 erga
592 2424 664 2448 vos
690 2408 858 2463 fideque
888 2415 1066 2463 superet.
1133 2406 1338 2454 Annium,
1363 2406 1508 2447 Patres

155 2567 171 2597 7
191 2560 238 2590 Eo
254 2564 380 2590 ventum
397 2560 459 2597 cu]
480 2560 784 2598 encore-ymnorum
832 2562 953 2593 munet,
980 2564 1010 2587 ct
1040 2557 1125 2595 Virg.
1158 2557 1226 2588 Hel.
1254 2557 1295 2588 ix.
1329 2568 1378 2597 55.
1407 2558 1509 2594 citat:

111 2601 223 2632 Oratio
249 2611 300 2640 ηρ.
329 2601 478 2641 Thucy-d.
510 2601 528 2631 i.
559 2600 608 2639 36.
640 2602 698 2630 nub
730 2601 783 2631 fin.
831 2600 931 2629 “Sed
964 2605 1071 2629 tumen
1105 2599 1166 2629 ium
1197 2600 1271 2629 autin
1303 2602 1413 2630 referet
1449 2600 1506 2630 tibi

110 2643 196 2673 unde
213 2643 292 2672 haec
308 2653 458 2682 expressa
481 2653 548 2673 enoc
573 2643 635 2673 inm
661 2642 785 2672 monuit
831 2652 927 2680 nuc-pe
968 2642 1167 2672 Monuit-ass*
1228 2642 1382 2682 Ellipticu
1421 2642 1506 2673 haud

110 2684 268 2723 Sigonius.
296 2685 379 2715 ἷζεν.
830 2684 927 2713 (ΙιιΜυ
959 2683 1038 2713 lun-c
1065 2684 1178 2716 orati-¹,
1203 2695 1285 2722 quae
1313 2684 1396 2714 idem
1423 2686 1506 2716 vul-:t

153 2729 172 2757 8
204 2727 319 2764 Verbo]
347 2727 634 2762 Quemadmodum
662 2738 786 2762 nomen,
831 2737 868 2754 m·
893 2726 916 2755 ni
943 2726 1114 2759 dicon-tur.
1131 2726 1207 2756 nihil
1234 2737 1316 2766 opus
1341 2732 1386 2756 ent
1410 2732 1442 2757 ut
1467 2728 1509 2757 do

111 2773 146 2800 ut
161 2779 246 2808 supr.
267 2778 315 2809 39.
347 2770 447 2807 mayn}
471 2779 583 2798 nomen
600 2770 643 2798 ud
665 2770 786 2807 pmen'-
833 2767 892 2797 huc
922 2778 965 2802 rc.
993 2769 1086 2797 ven-lm
1114 2767 1280 2803 suciinnun,
1309 2779 1351 2799 oc.
1385 2775 1418 2799 ut
1447 2769 1508 2800 hoc

109 2813 211 2847 dium,
228 2811 271 2841 ius
288 2811 384 2841 etiam
403 2811 531 2841 verbum
550 2810 634 2840 haud
654 2821 723 2840 mro
740 2812 786 2841 rei
833 2810 954 2839 bollum
980 2809 1099 2839 iustum
1124 2821 1191 2840 cnse
1218 2811 1305 2841 vobis
1326 2812 1509 2851 probemus,

110 2853 170 2895 ipsi
196 2853 381 2893 opponitur.
418 2854 458 2883 cf.
487 2852 557 2883 infr.
590 2852 710 2883 xxxvii.
738 2862 788 2891 53.
834 2851 956 2900 quippe
978 2851 1001 2881 ni
1025 2852 1121 2882 modo
1141 2853 1265 2884 auxilia
1283 2859 1384 2885 vestm
1405 2859 1509 2885 osten-

110 2896 180 2927 cic.
200 2895 289 2926 Vct-r.
310 2896 351 2926 iii.
371 2896 420 2934 58.
833 2895 954 2930 denua,
971 2905 1010 2924 nt·
1027 2895 1113 2925 beno
1127 2895 1258 2934 quidem
1276 2906 1357 2936 opus
1373 2896 1479 2927 fucrit.

153 2948 172 2978 9
193 2939 255 2968 Sed
270 2938 393 2975 tamen]
420 2947 464 2968 sc.
481 2937 627 2972 Interim,
641 2943 674 2967 ut
692 2936 787 2968 noer.
881 2946 891 2966 ι
912 2938 1121 2973 Amanum...
1135 2943 1249 2969 nutum
1265 2949 1447 2980 numenque
1460 2950 1509 2969 ve-
