<?xml version="1.0" encoding="UTF-8"?>
<!DOCTYPE html PUBLIC "-//W3C//DTD XHTML 1.0 Transitional//EN"
    "http://www.w3.org/TR/xhtml1/DTD/xhtml1-transitional.dtd">
<html xmlns="http://www.w3.org/1999/xhtml" xml:lang="en" lang="en">
 <head>
  <title>
</title>
<meta http-equiv="Content-Type" content="text/html;charset=utf-8" />
  <meta name='ocr-system' content='tesseract 3.04.00' />
  <meta name='ocr-capabilities' content='ocr_page ocr_carea ocr_par ocr_line ocrx_word'/>
</head>
<body>
  <div class='ocr_page' id='page_1' title='image "./historiarumli01livyuoft_0129.png"; bbox 0 0 1934 3211; ppageno 0'>
   <div class='ocr_carea' id='block_1_1' title="bbox 563 209 1515 254">
    <p class='ocr_par' dir='ltr' id='par_1_1' title="bbox 563 209 1515 254">
     <span class='ocr_line' id='line_1_1' title="bbox 563 209 1515 254; baseline 0.002 -4"><span class='ocrx_word' id='word_1_1' title='bbox 563 209 687 250; x_wconf 91' lang='lat' dir='ltr'>LIB.</span> <span class='ocrx_word' id='word_1_2' title='bbox 728 209 784 250; x_wconf 93' lang='lat' dir='ltr'>II.</span> <span class='ocrx_word' id='word_1_3' title='bbox 828 209 974 252; x_wconf 84' lang='lat' dir='ltr'><strong>CAP.</strong></span> <span class='ocrx_word' id='word_1_4' title='bbox 1013 217 1080 254; x_wconf 78' lang='lat'>40.</span> <span class='ocrx_word' id='word_1_5' title='bbox 1440 212 1515 253; x_wconf 82' lang='lat'>117</span> 
     </span>
    </p>
   </div>
   <div class='ocr_carea' id='block_1_2' title="bbox 99 299 1718 1857">
    <p class='ocr_par' dir='ltr' id='par_1_2' title="bbox 99 299 1718 1857">
     <span class='ocr_line' id='line_1_2' title="bbox 135 299 1717 356; baseline -0.003 -15"><span class='ocrx_word' id='word_1_6' title='bbox 135 299 257 341; x_wconf 87' lang='lat' dir='ltr'>matri</span> <span class='ocrx_word' id='word_1_7' title='bbox 277 299 422 340; x_wconf 92' lang='lat' dir='ltr'>obviae</span> <span class='ocrx_word' id='word_1_8' title='bbox 443 299 723 356; x_wconf 88' lang='lat' dir='ltr'>complexum,</span> <span class='ocrx_word' id='word_1_9' title='bbox 741 299 892 341; x_wconf 89' lang='lat' dir='ltr'>mulier</span> <span class='ocrx_word' id='word_1_10' title='bbox 911 300 955 341; x_wconf 91' lang='lat' dir='ltr'>in</span> <span class='ocrx_word' id='word_1_11' title='bbox 976 300 1079 342; x_wconf 82' lang='lat' dir='ltr'>iram</span> <span class='ocrx_word' id='word_1_12' title='bbox 1101 315 1154 341; x_wconf 89' lang='lat' dir='ltr'>ex</span> <span class='ocrx_word' id='word_1_13' title='bbox 1175 301 1367 356; x_wconf 83' lang='lat' dir='ltr'>precibus</span> <span class='ocrx_word' id='word_1_14' title='bbox 1387 315 1515 349; x_wconf 84' lang='lat' dir='ltr'>versa,</span> <span class='ocrx_word' id='word_1_15' title='bbox 1533 309 1574 340; x_wconf 85' lang='lat' dir='ltr'>U.</span> <span class='ocrx_word' id='word_1_16' title='bbox 1591 308 1629 339; x_wconf 90' lang='lat' dir='ltr'>C.</span> <span class='ocrx_word' id='word_1_17' title='bbox 1647 304 1717 337; x_wconf 83' lang='lat'><strong>266.</strong></span> 
     </span>
     <span class='ocr_line' id='line_1_3' title="bbox 103 348 1718 414; baseline 0 -16"><span class='ocrx_word' id='word_1_18' title='bbox 103 362 149 398; x_wconf 89' lang='lat'>8‘</span> <span class='ocrx_word' id='word_1_19' title='bbox 166 356 278 406; x_wconf 90' lang='lat' dir='ltr'>Sine,</span> <span class='ocrx_word' id='word_1_20' title='bbox 299 356 542 413; x_wconf 87' lang='lat' dir='ltr'>priusquam</span> <span class='ocrx_word' id='word_1_21' title='bbox 572 356 839 414; x_wconf 86' lang='lat' dir='ltr'>complexum</span> <span class='ocrx_word' id='word_1_22' title='bbox 869 358 1041 414; x_wconf 89' lang='lat' dir='ltr'>accipio,</span> <span class='ocrx_word' id='word_1_23' title='bbox 1073 357 1227 407; x_wconf 85' lang='lat' dir='ltr'>sciam,&#39;</span> <span class='ocrx_word' id='word_1_24' title='bbox 1254 357 1404 413; x_wconf 91' lang='lat' dir='ltr'>inquit,</span> <span class='ocrx_word' id='word_1_25' title='bbox 1437 363 1449 380; x_wconf 92' lang='lat'>‘</span> <span class='ocrx_word' id='word_1_26' title='bbox 1465 357 1517 398; x_wconf 87' lang='lat' dir='ltr'>ad</span> <span class='ocrx_word' id='word_1_27' title='bbox 1530 353 1568 383; x_wconf 86' lang='lat' dir='ltr'>A.</span> <span class='ocrx_word' id='word_1_28' title='bbox 1593 351 1630 383; x_wconf 88' lang='lat' dir='ltr'>C.</span> <span class='ocrx_word' id='word_1_29' title='bbox 1647 348 1718 388; x_wconf 79' lang='lat'><strong>48⁶·</strong></span> 
     </span>
     <span class='ocr_line' id='line_1_4' title="bbox 135 413 1519 472; baseline -0.001 -17"><span class='ocrx_word' id='word_1_30' title='bbox 135 413 334 464; x_wconf 88' lang='lat' dir='ltr'>‘hostem,</span> <span class='ocrx_word' id='word_1_31' title='bbox 357 428 410 455; x_wconf 88' lang='lat' dir='ltr'>an</span> <span class='ocrx_word' id='word_1_32' title='bbox 431 413 484 455; x_wconf 91' lang='lat' dir='ltr'>ad</span> <span class='ocrx_word' id='word_1_33' title='bbox 503 413 651 464; x_wconf 89' lang='lat' dir='ltr'>filium,</span> <span class='ocrx_word' id='word_1_34' title='bbox 672 415 882 456; x_wconf 86' lang='lat' dir='ltr'>venerim:</span> <span class='ocrx_word' id='word_1_35' title='bbox 915 415 1079 472; x_wconf 88' lang='lat' dir='ltr'>captiva</span> <span class='ocrx_word' id='word_1_36' title='bbox 1105 423 1291 456; x_wconf 84' lang='lat' dir='ltr'>materne</span> <span class='ocrx_word' id='word_1_37' title='bbox 1312 415 1356 455; x_wconf 90' lang='lat' dir='ltr'>in</span> <span class='ocrx_word' id='word_1_38' title='bbox 1377 415 1519 455; x_wconf 88' lang='lat' dir='ltr'>castris</span> 
     </span>
     <span class='ocr_line' id='line_1_5' title="bbox 134 470 1517 527; baseline 0.001 -15"><span class='ocrx_word' id='word_1_39' title='bbox 134 470 241 512; x_wconf 88' lang='lat' dir='ltr'>‘tuis</span> <span class='ocrx_word' id='word_1_40' title='bbox 267 471 375 512; x_wconf 88' lang='lat' dir='ltr'>sim?</span> <span class='ocrx_word' id='word_1_41' title='bbox 435 471 486 512; x_wconf 91' lang='lat' dir='ltr'>In</span> <span class='ocrx_word' id='word_1_42' title='bbox 507 472 586 513; x_wconf 88' lang='lat' dir='ltr'>hoe</span> <span class='ocrx_word' id='word_1_43' title='bbox 607 487 674 513; x_wconf 89' lang='lat' dir='ltr'>me</span> <span class='ocrx_word' id='word_1_44' title='bbox 694 472 821 527; x_wconf 66' lang='lat' dir='ltr'>longa</span> <span class='ocrx_word' id='word_1_45' title='bbox 840 473 926 514; x_wconf 87' lang='lat' dir='ltr'>vita</span> <span class='ocrx_word' id='word_1_46' title='bbox 950 482 992 514; x_wconf 90' lang='lat' dir='ltr'>et</span> <span class='ocrx_word' id='word_1_47' title='bbox 1019 472 1165 514; x_wconf 85' lang='lat' dir='ltr'>infelix</span> <span class='ocrx_word' id='word_1_48' title='bbox 1190 481 1358 513; x_wconf 81' lang='lat' dir='ltr'>senecta</span> <span class='ocrx_word' id='word_1_49' title='bbox 1379 472 1517 521; x_wconf 86' lang='lat' dir='ltr'>traxit,</span> 
     </span>
     <span class='ocr_line' id='line_1_6' title="bbox 133 528 1519 585; baseline -0.001 -15"><span class='ocrx_word' id='word_1_50' title='bbox 133 533 147 552; x_wconf 86' lang='lat'>‘</span> <span class='ocrx_word' id='word_1_51' title='bbox 158 537 206 570; x_wconf 89' lang='lat' dir='ltr'>ut</span> <span class='ocrx_word' id='word_1_52' title='bbox 226 528 414 570; x_wconf 88' lang='lat' dir='ltr'>exsulem</span> <span class='ocrx_word' id='word_1_53' title='bbox 435 541 489 580; x_wconf 92' lang='lat' dir='ltr'>te,</span> <span class='ocrx_word' id='word_1_54' title='bbox 508 529 661 571; x_wconf 91' lang='lat' dir='ltr'>deinde</span> <span class='ocrx_word' id='word_1_55' title='bbox 683 530 846 572; x_wconf 81' lang='lat' dir='ltr'>hostem</span> <span class='ocrx_word' id='word_1_56' title='bbox 867 530 1085 572; x_wconf 83' lang='lat' dir='ltr'>viderem?</span> <span class='ocrx_word' id='word_1_57' title='bbox 1126 530 1306 572; x_wconf 84' lang='lat' dir='ltr'>Potuisti</span> <span class='ocrx_word' id='word_1_58' title='bbox 1327 528 1519 585; x_wconf 86' lang='lat' dir='ltr'>populari</span> 
     </span>
     <span class='ocr_line' id='line_1_7' title="bbox 133 585 1517 645; baseline 0 -18"><span class='ocrx_word' id='word_1_59' title='bbox 133 585 266 628; x_wconf 87' lang='lat' dir='ltr'>‘hanc</span> <span class='ocrx_word' id='word_1_60' title='bbox 306 595 470 637; x_wconf 80' lang='lat' dir='ltr'>terram,</span> <span class='ocrx_word' id='word_1_61' title='bbox 508 603 615 644; x_wconf 90' lang='lat' dir='ltr'>quae</span> <span class='ocrx_word' id='word_1_62' title='bbox 656 596 697 629; x_wconf 92' lang='lat' dir='ltr'>te</span> <span class='ocrx_word' id='word_1_63' title='bbox 738 588 885 644; x_wconf 86' lang='lat' dir='ltr'>genuit</span> <span class='ocrx_word' id='word_1_64' title='bbox 924 597 1050 645; x_wconf 80' lang='lat' dir='ltr'>atque</span> <span class='ocrx_word' id='word_1_65' title='bbox 1091 587 1226 629; x_wconf 84' lang='lat' dir='ltr'>aluit?</span> <span class='ocrx_word' id='word_1_66' title='bbox 1286 586 1388 629; x_wconf 91' lang='lat' dir='ltr'>Non</span> <span class='ocrx_word' id='word_1_67' title='bbox 1428 586 1517 636; x_wconf 90' lang='lat' dir='ltr'>tibi,</span> 
     </span>
     <span class='ocr_line' id='line_1_8' title="bbox 133 644 1518 702; baseline -0.001 -17"><span class='ocrx_word' id='word_1_68' title='bbox 133 644 345 700; x_wconf 84' lang='lat' dir='ltr'>‘quamvis</span> <span class='ocrx_word' id='word_1_69' title='bbox 378 644 528 686; x_wconf 82' lang='lat' dir='ltr'>infesto</span> <span class='ocrx_word' id='word_1_70' title='bbox 559 645 698 687; x_wconf 90' lang='lat' dir='ltr'>animo</span> <span class='ocrx_word' id='word_1_71' title='bbox 729 655 770 687; x_wconf 87' lang='lat' dir='ltr'>et</span> <span class='ocrx_word' id='word_1_72' title='bbox 802 646 955 688; x_wconf 86' lang='lat' dir='ltr'>minaci</span> <span class='ocrx_word' id='word_1_73' title='bbox 982 661 1241 702; x_wconf 71' lang='lat' dir='ltr'>perveneras,</span> <span class='ocrx_word' id='word_1_74' title='bbox 1264 644 1518 701; x_wconf 78' lang='lat' dir='ltr'>ingredienti</span> 
     </span>
     <span class='ocr_line' id='line_1_9' title="bbox 133 701 1516 761; baseline -0.001 -18"><span class='ocrx_word' id='word_1_75' title='bbox 133 701 262 744; x_wconf 87' lang='lat' dir='ltr'>‘fines</span> <span class='ocrx_word' id='word_1_76' title='bbox 297 702 358 744; x_wconf 88' lang='lat' dir='ltr'>ira</span> <span class='ocrx_word' id='word_1_77' title='bbox 391 703 573 744; x_wconf 86' lang='lat' dir='ltr'>cecidit?</span> <span class='ocrx_word' id='word_1_78' title='bbox 608 719 707 753; x_wconf 88' lang='lat' dir='ltr'>non,</span> <span class='ocrx_word' id='word_1_79' title='bbox 744 719 876 760; x_wconf 86' lang='lat' dir='ltr'>quum</span> <span class='ocrx_word' id='word_1_80' title='bbox 912 705 955 745; x_wconf 90' lang='lat' dir='ltr'>in</span> <span class='ocrx_word' id='word_1_81' title='bbox 991 713 1220 761; x_wconf 88' lang='lat' dir='ltr'>conspectu</span> <span class='ocrx_word' id='word_1_82' title='bbox 1253 702 1392 744; x_wconf 79' lang='lat' dir='ltr'>Roma</span> <span class='ocrx_word' id='word_1_83' title='bbox 1425 701 1516 752; x_wconf 90' lang='lat' dir='ltr'>fuit,</span> 
     </span>
     <span class='ocr_line' id='line_1_10' title="bbox 133 759 1517 818; baseline -0.001 -17"><span class='ocrx_word' id='word_1_84' title='bbox 133 760 382 802; x_wconf 78' lang='lat' dir='ltr'>‘succurritz</span> <span class='ocrx_word' id='word_1_85' title='bbox 416 760 526 802; x_wconf 86' lang='lat' dir='ltr'>intra</span> <span class='ocrx_word' id='word_1_86' title='bbox 551 760 622 802; x_wconf 85' lang='lat' dir='ltr'>illa</span> <span class='ocrx_word' id='word_1_87' title='bbox 647 762 814 803; x_wconf 88' lang='lat' dir='ltr'>moenia</span> <span class='ocrx_word' id='word_1_88' title='bbox 840 761 989 803; x_wconf 87' lang='lat' dir='ltr'>domus</span> <span class='ocrx_word' id='word_1_89' title='bbox 1021 777 1068 803; x_wconf 89' lang='lat' dir='ltr'>ac</span> <span class='ocrx_word' id='word_1_90' title='bbox 1092 771 1266 818; x_wconf 87' lang='lat' dir='ltr'>penates</span> <span class='ocrx_word' id='word_1_91' title='bbox 1293 759 1376 801; x_wconf 88' lang='lat' dir='ltr'>mei</span> <span class='ocrx_word' id='word_1_92' title='bbox 1406 769 1517 810; x_wconf 92' lang='lat' dir='ltr'>sunt,</span> 
     </span>
     <span class='ocr_line' id='line_1_11' title="bbox 132 818 1515 876; baseline 0 -17"><span class='ocrx_word' id='word_1_93' title='bbox 132 821 146 841; x_wconf 91' lang='lat'>‘</span> <span class='ocrx_word' id='word_1_94' title='bbox 156 826 301 867; x_wconf 88' lang='lat' dir='ltr'>mater,</span> <span class='ocrx_word' id='word_1_95' title='bbox 342 818 511 868; x_wconf 84' lang='lat' dir='ltr'>coniux,</span> <span class='ocrx_word' id='word_1_96' title='bbox 548 818 786 876; x_wconf 83' lang='lat' dir='ltr'>liberique?</span> <span class='ocrx_word' id='word_1_97' title='bbox 847 819 960 875; x_wconf 70' lang='lat' dir='ltr'>Ergo</span> <span class='ocrx_word' id='word_1_98' title='bbox 1002 835 1080 874; x_wconf 71' lang='lat' dir='ltr'>ego</span> <span class='ocrx_word' id='word_1_99' title='bbox 1125 819 1205 860; x_wconf 83' lang='lat' dir='ltr'>nisi</span> <span class='ocrx_word' id='word_1_100' title='bbox 1248 818 1515 876; x_wconf 88' lang='lat' dir='ltr'>peperissem,</span> 
     </span>
     <span class='ocr_line' id='line_1_12' title="bbox 132 874 1517 934; baseline 0 -18"><span class='ocrx_word' id='word_1_101' title='bbox 132 874 296 917; x_wconf 84' lang='lat' dir='ltr'>‘Roma</span> <span class='ocrx_word' id='word_1_102' title='bbox 322 891 409 918; x_wconf 91' lang='lat' dir='ltr'>non</span> <span class='ocrx_word' id='word_1_103' title='bbox 436 885 774 934; x_wconf 74' lang='lat' dir='ltr'>oppugnaretur3</span> <span class='ocrx_word' id='word_1_104' title='bbox 807 877 887 918; x_wconf 92' lang='lat' dir='ltr'>nisi</span> <span class='ocrx_word' id='word_1_105' title='bbox 917 877 1050 918; x_wconf 88' lang='lat' dir='ltr'>filium</span> <span class='ocrx_word' id='word_1_106' title='bbox 1080 877 1290 926; x_wconf 89' lang='lat' dir='ltr'>haberem,</span> <span class='ocrx_word' id='word_1_107' title='bbox 1312 876 1443 918; x_wconf 85' lang='lat' dir='ltr'>libera</span> <span class='ocrx_word' id='word_1_108' title='bbox 1472 875 1517 916; x_wconf 92' lang='lat' dir='ltr'>in</span> 
     </span>
     <span class='ocr_line' id='line_1_13' title="bbox 132 931 1515 999; baseline 0 -25"><span class='ocrx_word' id='word_1_109' title='bbox 132 937 146 956; x_wconf 92' lang='lat'>‘</span> <span class='ocrx_word' id='word_1_110' title='bbox 156 931 287 974; x_wconf 85' lang='lat' dir='ltr'>libera</span> <span class='ocrx_word' id='word_1_111' title='bbox 323 934 477 999; x_wconf 68' lang='lat' dir='ltr'>patria‘</span> <span class='ocrx_word' id='word_1_112' title='bbox 497 943 662 976; x_wconf 90' lang='lat' dir='ltr'>mortua</span> <span class='ocrx_word' id='word_1_113' title='bbox 700 949 844 976; x_wconf 87' lang='lat' dir='ltr'>essem.</span> <span class='ocrx_word' id='word_1_114' title='bbox 929 934 1013 976; x_wconf 85' lang='lat' dir='ltr'>Sed</span> <span class='ocrx_word' id='word_1_115' title='bbox 1043 950 1121 992; x_wconf 79' lang='lat' dir='ltr'>ego</span> <span class='ocrx_word' id='word_1_116' title='bbox 1160 934 1266 975; x_wconf 88' lang='lat' dir='ltr'>nihil</span> <span class='ocrx_word' id='word_1_117' title='bbox 1297 934 1380 975; x_wconf 89' lang='lat' dir='ltr'>iam</span> <span class='ocrx_word' id='word_1_118' title='bbox 1415 933 1515 991; x_wconf 90' lang='lat' dir='ltr'>pati,</span> 
     </span>
     <span class='ocr_line' id='line_1_14' title="bbox 132 991 1516 1049; baseline 0.001 -17"><span class='ocrx_word' id='word_1_119' title='bbox 132 995 236 1032; x_wconf 90' lang='lat' dir='ltr'>‘nec</span> <span class='ocrx_word' id='word_1_120' title='bbox 265 991 342 1033; x_wconf 90' lang='lat' dir='ltr'>tib1</span> <span class='ocrx_word' id='word_1_121' title='bbox 373 992 534 1048; x_wconf 85' lang='lat' dir='ltr'>turpius</span> <span class='ocrx_word' id='word_1_122' title='bbox 564 1007 691 1048; x_wconf 90' lang='lat' dir='ltr'>quam</span> <span class='ocrx_word' id='word_1_123' title='bbox 728 993 831 1034; x_wconf 88' lang='lat' dir='ltr'>mihi</span> <span class='ocrx_word' id='word_1_124' title='bbox 864 993 1066 1043; x_wconf 90' lang='lat' dir='ltr'>miserius,</span> <span class='ocrx_word' id='word_1_125' title='bbox 1101 1007 1292 1049; x_wconf 89' lang='lat' dir='ltr'>possum:</span> <span class='ocrx_word' id='word_1_126' title='bbox 1335 1007 1426 1042; x_wconf 90' lang='lat' dir='ltr'>nec,</span> <span class='ocrx_word' id='word_1_127' title='bbox 1469 1000 1516 1033; x_wconf 92' lang='lat' dir='ltr'>ut</span> 
     </span>
     <span class='ocr_line' id='line_1_15' title="bbox 132 1048 1514 1106; baseline 0 -16"><span class='ocrx_word' id='word_1_128' title='bbox 132 1048 233 1090; x_wconf 86' lang='lat' dir='ltr'>‘sim</span> <span class='ocrx_word' id='word_1_129' title='bbox 269 1049 511 1100; x_wconf 87' lang='lat' dir='ltr'>miserrima,</span> <span class='ocrx_word' id='word_1_130' title='bbox 544 1049 619 1091; x_wconf 86' lang='lat' dir='ltr'>diu</span> <span class='ocrx_word' id='word_1_131' title='bbox 658 1050 798 1092; x_wconf 88' lang='lat' dir='ltr'>futura</span> <span class='ocrx_word' id='word_1_132' title='bbox 829 1066 932 1092; x_wconf 83' lang='lat' dir='ltr'>sum.</span> <span class='ocrx_word' id='word_1_133' title='bbox 996 1050 1063 1092; x_wconf 94' lang='lat' dir='ltr'>Dc</span> <span class='ocrx_word' id='word_1_134' title='bbox 1092 1050 1157 1092; x_wconf 89' lang='lat' dir='ltr'>his</span> <span class='ocrx_word' id='word_1_135' title='bbox 1188 1049 1362 1091; x_wconf 79' lang='lat' dir='ltr'>videris:</span> <span class='ocrx_word' id='word_1_136' title='bbox 1396 1064 1514 1106; x_wconf 92' lang='lat' dir='ltr'>quos,</span> 
     </span>
     <span class='ocr_line' id='line_1_16' title="bbox 132 1106 1516 1165; baseline 0.001 -18"><span class='ocrx_word' id='word_1_137' title='bbox 132 1106 190 1147; x_wconf 88' lang='lat' dir='ltr'>‘si</span> <span class='ocrx_word' id='word_1_138' title='bbox 219 1107 370 1163; x_wconf 83' lang='lat' dir='ltr'>pergis,</span> <span class='ocrx_word' id='word_1_139' title='bbox 392 1116 465 1149; x_wconf 88' lang='lat' dir='ltr'>aut</span> <span class='ocrx_word' id='word_1_140' title='bbox 491 1108 713 1149; x_wconf 82' lang='lat' dir='ltr'>immatura</span> <span class='ocrx_word' id='word_1_141' title='bbox 742 1123 864 1159; x_wconf 72' lang='lat' dir='ltr'>mors,</span> <span class='ocrx_word' id='word_1_142' title='bbox 893 1118 965 1150; x_wconf 84' lang='lat' dir='ltr'>aut</span> <span class='ocrx_word' id='word_1_143' title='bbox 994 1108 1119 1165; x_wconf 77' lang='lat' dir='ltr'>longa</span> <span class='ocrx_word' id='word_1_144' title='bbox 1146 1108 1319 1149; x_wconf 89' lang='lat' dir='ltr'>servitus</span> <span class='ocrx_word' id='word_1_145' title='bbox 1349 1108 1516 1148; x_wconf 91' lang='lat' dir='ltr'>manet.’</span> 
     </span>
     <span class='ocr_line' id='line_1_17' title="bbox 132 1162 1516 1222; baseline 0 -17"><span class='ocrx_word' id='word_1_146' title='bbox 132 1162 254 1206; x_wconf 85' lang='lat' dir='ltr'>Uxor</span> <span class='ocrx_word' id='word_1_147' title='bbox 273 1163 427 1207; x_wconf 86' lang='lat' dir='ltr'>deinde</span> <span class='ocrx_word' id='word_1_148' title='bbox 456 1181 503 1207; x_wconf 88' lang='lat' dir='ltr'>ae</span> <span class='ocrx_word' id='word_1_149' title='bbox 532 1165 654 1206; x_wconf 91' lang='lat' dir='ltr'>liberi</span> <span class='ocrx_word' id='word_1_150' title='bbox 686 1165 892 1222; x_wconf 84' lang='lat' dir='ltr'>amplexi:</span> <span class='ocrx_word' id='word_1_151' title='bbox 926 1166 1131 1222; x_wconf 88' lang='lat' dir='ltr'>fletusque</span> <span class='ocrx_word' id='word_1_152' title='bbox 1165 1166 1216 1207; x_wconf 86' lang='lat' dir='ltr'>ab</span> <span class='ocrx_word' id='word_1_153' title='bbox 1248 1165 1363 1207; x_wconf 89' lang='lat' dir='ltr'>omni</span> <span class='ocrx_word' id='word_1_154' title='bbox 1395 1165 1516 1206; x_wconf 88' lang='lat' dir='ltr'>turba</span> 
     </span>
     <span class='ocr_line' id='line_1_18' title="bbox 130 1221 1514 1280; baseline 0.001 -18"><span class='ocrx_word' id='word_1_155' title='bbox 130 1221 355 1263; x_wconf 89' lang='lat' dir='ltr'>mulierum</span> <span class='ocrx_word' id='word_1_156' title='bbox 395 1231 521 1273; x_wconf 91' lang='lat' dir='ltr'>ortus,</span> <span class='ocrx_word' id='word_1_157' title='bbox 563 1232 606 1264; x_wconf 91' lang='lat' dir='ltr'>et</span> <span class='ocrx_word' id='word_1_158' title='bbox 645 1223 915 1280; x_wconf 79' lang='lat' dir='ltr'>comploratio</span> <span class='ocrx_word' id='word_1_159' title='bbox 955 1224 1018 1265; x_wconf 89' lang='lat' dir='ltr'>sui</span> <span class='ocrx_word' id='word_1_160' title='bbox 1058 1224 1313 1280; x_wconf 84' lang='lat' dir='ltr'>patriaeque,</span> <span class='ocrx_word' id='word_1_161' title='bbox 1353 1223 1514 1279; x_wconf 82' lang='lat' dir='ltr'>fregere</span> 
     </span>
     <span class='ocr_line' id='line_1_19' title="bbox 131 1279 1514 1338; baseline 0.001 -18"><span class='ocrx_word' id='word_1_162' title='bbox 131 1279 303 1322; x_wconf 89' lang='lat' dir='ltr'>tandem</span> <span class='ocrx_word' id='word_1_163' title='bbox 323 1281 470 1322; x_wconf 83' lang='lat' dir='ltr'>virum.</span> <span class='ocrx_word' id='word_1_164' title='bbox 535 1279 794 1338; x_wconf 74' lang='lat' dir='ltr'>Complexus</span> <span class='ocrx_word' id='word_1_165' title='bbox 821 1282 919 1323; x_wconf 89' lang='lat' dir='ltr'>inde</span> <span class='ocrx_word' id='word_1_166' title='bbox 948 1297 1043 1323; x_wconf 87' lang='lat' dir='ltr'>suos</span> <span class='ocrx_word' id='word_1_167' title='bbox 1063 1281 1258 1322; x_wconf 84' lang='lat' dir='ltr'>dimittit:</span> <span class='ocrx_word' id='word_1_168' title='bbox 1295 1280 1382 1337; x_wconf 90' lang='lat' dir='ltr'>ipse</span> <span class='ocrx_word' id='word_1_169' title='bbox 1403 1289 1514 1322; x_wconf 89' lang='lat' dir='ltr'>retro</span> 
     </span>
     <span class='ocr_line' id='line_1_20' title="bbox 131 1337 1516 1395; baseline 0.001 -17"><span class='ocrx_word' id='word_1_170' title='bbox 131 1337 183 1378; x_wconf 86' lang='lat' dir='ltr'>ab</span> <span class='ocrx_word' id='word_1_171' title='bbox 204 1337 306 1379; x_wconf 90' lang='lat' dir='ltr'>urbe</span> <span class='ocrx_word' id='word_1_172' title='bbox 327 1347 461 1379; x_wconf 84' lang='lat' dir='ltr'>castra</span> <span class='ocrx_word' id='word_1_173' title='bbox 481 1339 619 1380; x_wconf 85' lang='lat' dir='ltr'>movit.</span> <span class='ocrx_word' id='word_1_174' title='bbox 682 1339 890 1380; x_wconf 83' lang='lat' dir='ltr'>Abductis</span> <span class='ocrx_word' id='word_1_175' title='bbox 911 1339 1065 1381; x_wconf 89' lang='lat' dir='ltr'>deinde</span> <span class='ocrx_word' id='word_1_176' title='bbox 1087 1338 1322 1392; x_wconf 66' lang='lat' dir='ltr'>legionibus</span> <span class='ocrx_word' id='word_1_177' title='bbox 1343 1353 1395 1379; x_wconf 85' lang='lat' dir='ltr'>ex</span> <span class='ocrx_word' id='word_1_178' title='bbox 1417 1353 1516 1395; x_wconf 78' lang='lat' dir='ltr'>agro</span> 
     </span>
     <span class='ocr_line' id='line_1_21' title="bbox 99 1393 1516 1453; baseline 0.001 -18"><span class='ocrx_word' id='word_1_179' title='bbox 99 1393 339 1445; x_wconf 89' lang='lat' dir='ltr'>9Romano,</span> <span class='ocrx_word' id='word_1_180' title='bbox 361 1396 518 1437; x_wconf 89' lang='lat' dir='ltr'>invidia</span> <span class='ocrx_word' id='word_1_181' title='bbox 549 1397 607 1438; x_wconf 90' lang='lat' dir='ltr'>rei</span> <span class='ocrx_word' id='word_1_182' title='bbox 641 1412 882 1453; x_wconf 88' lang='lat' dir='ltr'>oppressum</span> <span class='ocrx_word' id='word_1_183' title='bbox 910 1396 1078 1453; x_wconf 90' lang='lat' dir='ltr'>periisse</span> <span class='ocrx_word' id='word_1_184' title='bbox 1108 1396 1304 1444; x_wconf 82' lang='lat' dir='ltr'>tradunt3</span> <span class='ocrx_word' id='word_1_185' title='bbox 1337 1395 1407 1436; x_wconf 88' lang='lat' dir='ltr'>alii</span> <span class='ocrx_word' id='word_1_186' title='bbox 1435 1395 1516 1437; x_wconf 86' lang='lat' dir='ltr'>alio</span> 
     </span>
     <span class='ocr_line' id='line_1_22' title="bbox 105 1451 1515 1510; baseline 0 -16"><span class='ocrx_word' id='word_1_187' title='bbox 105 1473 116 1494; x_wconf 90' lang='lat'>1</span> <span class='ocrx_word' id='word_1_188' title='bbox 131 1451 227 1494; x_wconf 90' lang='lat' dir='ltr'>leto.</span> <span class='ocrx_word' id='word_1_189' title='bbox 291 1453 420 1510; x_wconf 89' lang='lat' dir='ltr'>Apud</span> <span class='ocrx_word' id='word_1_190' title='bbox 442 1453 630 1503; x_wconf 90' lang='lat' dir='ltr'>Fabium,</span> <span class='ocrx_word' id='word_1_191' title='bbox 648 1454 770 1510; x_wconf 80' lang='lat' dir='ltr'>longe</span> <span class='ocrx_word' id='word_1_192' title='bbox 787 1454 1122 1510; x_wconf 81' lang='lat' dir='ltr'>antiquissimum</span> <span class='ocrx_word' id='word_1_193' title='bbox 1139 1462 1365 1503; x_wconf 85' lang='lat' dir='ltr'>auctorem,</span> <span class='ocrx_word' id='word_1_194' title='bbox 1383 1468 1515 1509; x_wconf 87' lang='lat' dir='ltr'>usque</span> 
     </span>
     <span class='ocr_line' id='line_1_23' title="bbox 101 1509 1517 1560; baseline 0.001 -10"><span class='ocrx_word' id='word_1_195' title='bbox 101 1527 118 1549; x_wconf 78' lang='lat'>2</span> <span class='ocrx_word' id='word_1_196' title='bbox 131 1509 185 1551; x_wconf 88' lang='lat' dir='ltr'>ad</span> <span class='ocrx_word' id='word_1_197' title='bbox 205 1519 462 1552; x_wconf 87' lang='lat' dir='ltr'>senectutem</span> <span class='ocrx_word' id='word_1_198' title='bbox 483 1511 633 1552; x_wconf 82' lang='lat' dir='ltr'>vixisse</span> <span class='ocrx_word' id='word_1_199' title='bbox 655 1511 838 1553; x_wconf 88' lang='lat' dir='ltr'>eundem</span> <span class='ocrx_word' id='word_1_200' title='bbox 859 1511 1039 1553; x_wconf 91' lang='lat' dir='ltr'>invenio.</span> <span class='ocrx_word' id='word_1_201' title='bbox 1094 1510 1241 1552; x_wconf 87' lang='lat' dir='ltr'>Refert</span> <span class='ocrx_word' id='word_1_202' title='bbox 1261 1520 1386 1560; x_wconf 88' lang='lat' dir='ltr'>certe,</span> <span class='ocrx_word' id='word_1_203' title='bbox 1409 1511 1517 1552; x_wconf 87' lang='lat' dir='ltr'>hanc</span> 
     </span>
     <span class='ocr_line' id='line_1_24' title="bbox 130 1568 1518 1626; baseline 0 -17"><span class='ocrx_word' id='word_1_204' title='bbox 130 1582 253 1625; x_wconf 84' lang='lat' dir='ltr'>saepe</span> <span class='ocrx_word' id='word_1_205' title='bbox 274 1583 372 1610; x_wconf 90' lang='lat' dir='ltr'>eum</span> <span class='ocrx_word' id='word_1_206' title='bbox 393 1578 539 1610; x_wconf 84' lang='lat' dir='ltr'>exacta</span> <span class='ocrx_word' id='word_1_207' title='bbox 558 1577 692 1610; x_wconf 87' lang='lat' dir='ltr'>aetate</span> <span class='ocrx_word' id='word_1_208' title='bbox 715 1584 930 1626; x_wconf 85' lang='lat' dir='ltr'>usurpasse</span> <span class='ocrx_word' id='word_1_209' title='bbox 952 1584 1110 1619; x_wconf 84' lang='lat' dir='ltr'>vocem,</span> <span class='ocrx_word' id='word_1_210' title='bbox 1142 1575 1153 1593; x_wconf 84' lang='lat'>‘</span> <span class='ocrx_word' id='word_1_211' title='bbox 1167 1568 1308 1610; x_wconf 88' lang='lat' dir='ltr'>Multo</span> <span class='ocrx_word' id='word_1_212' title='bbox 1329 1569 1518 1610; x_wconf 89' lang='lat' dir='ltr'>miserius</span> 
     </span>
     <span class='ocr_line' id='line_1_25' title="bbox 133 1625 1519 1669; baseline 0.001 -3"><span class='ocrx_word' id='word_1_213' title='bbox 133 1626 245 1667; x_wconf 91' lang='lat' dir='ltr'>‘seni</span> <span class='ocrx_word' id='word_1_214' title='bbox 267 1625 459 1667; x_wconf 87' lang='lat' dir='ltr'>exsilium</span> <span class='ocrx_word' id='word_1_215' title='bbox 481 1627 594 1668; x_wconf 89' lang='lat' dir='ltr'>csse.’</span> <span class='ocrx_word' id='word_1_216' title='bbox 655 1626 756 1668; x_wconf 93' lang='lat' dir='ltr'>Non</span> <span class='ocrx_word' id='word_1_217' title='bbox 777 1627 1019 1669; x_wconf 88' lang='lat' dir='ltr'>inviderunt</span> <span class='ocrx_word' id='word_1_218' title='bbox 1046 1626 1190 1668; x_wconf 83' lang='lat' dir='ltr'>laudes</span> <span class='ocrx_word' id='word_1_219' title='bbox 1218 1641 1311 1668; x_wconf 87' lang='lat' dir='ltr'>suas</span> <span class='ocrx_word' id='word_1_220' title='bbox 1332 1626 1519 1667; x_wconf 88' lang='lat' dir='ltr'>mulieri-</span> 
     </span>
     <span class='ocr_line' id='line_1_26' title="bbox 130 1683 1516 1741; baseline 0.003 -17"><span class='ocrx_word' id='word_1_221' title='bbox 130 1683 208 1724; x_wconf 93' lang='lat' dir='ltr'>bus</span> <span class='ocrx_word' id='word_1_222' title='bbox 235 1683 311 1725; x_wconf 87' lang='lat' dir='ltr'>viri</span> <span class='ocrx_word' id='word_1_223' title='bbox 342 1683 549 1725; x_wconf 87' lang='lat' dir='ltr'>Romani:</span> <span class='ocrx_word' id='word_1_224' title='bbox 583 1683 688 1726; x_wconf 83' lang='lat' dir='ltr'>adeo</span> <span class='ocrx_word' id='word_1_225' title='bbox 718 1685 806 1726; x_wconf 92' lang='lat' dir='ltr'>sinc</span> <span class='ocrx_word' id='word_1_226' title='bbox 838 1685 1139 1727; x_wconf 87' lang='lat' dir='ltr'>obtrectatione</span> <span class='ocrx_word' id='word_1_227' title='bbox 1169 1684 1325 1741; x_wconf 83' lang='lat' dir='ltr'>gloriae</span> <span class='ocrx_word' id='word_1_228' title='bbox 1357 1684 1516 1728; x_wconf 87' lang='lat' dir='ltr'>alienae</span> 
     </span>
     <span class='ocr_line' id='line_1_27' title="bbox 100 1740 1518 1799; baseline -0.001 -13"><span class='ocrx_word' id='word_1_229' title='bbox 100 1740 356 1786; x_wconf 84' lang='lat' dir='ltr'>3vivebatur.</span> <span class='ocrx_word' id='word_1_230' title='bbox 439 1741 723 1784; x_wconf 89' lang='lat' dir='ltr'>Monumento</span> <span class='ocrx_word' id='word_1_231' title='bbox 769 1759 936 1799; x_wconf 86' lang='lat' dir='ltr'>quoque</span> <span class='ocrx_word' id='word_1_232' title='bbox 983 1742 1097 1799; x_wconf 87' lang='lat' dir='ltr'>quod</span> <span class='ocrx_word' id='word_1_233' title='bbox 1148 1751 1267 1792; x_wconf 73' lang='lat' dir='ltr'>esset,</span> <span class='ocrx_word' id='word_1_234' title='bbox 1314 1742 1518 1799; x_wconf 88' lang='lat' dir='ltr'>templum</span> 
     </span>
     <span class='ocr_line' id='line_1_28' title="bbox 99 1797 1292 1857; baseline 0 -15"><span class='ocrx_word' id='word_1_235' title='bbox 99 1797 340 1842; x_wconf 86' lang='lat' dir='ltr'>4Fortunae</span> <span class='ocrx_word' id='word_1_236' title='bbox 363 1798 564 1842; x_wconf 78' lang='lat' dir='ltr'>Muliebri</span> <span class='ocrx_word' id='word_1_237' title='bbox 585 1800 850 1842; x_wconf 85' lang='lat' dir='ltr'>aedificatum</span> <span class='ocrx_word' id='word_1_238' title='bbox 872 1800 1197 1857; x_wconf 85' lang='lat' dir='ltr'>dedicatumque</span> <span class='ocrx_word' id='word_1_239' title='bbox 1219 1809 1292 1842; x_wconf 88' lang='lat' dir='ltr'>cst.</span> 
     </span>
    </p>
   </div>
   <div class='ocr_carea' id='block_1_3' title="bbox 131 1947 808 3008">
    <p class='ocr_par' dir='ltr' id='par_1_3' title="bbox 131 1947 806 2625">
     <span class='ocr_line' id='line_1_29' title="bbox 174 1947 802 1988; baseline -0.003 -9"><span class='ocrx_word' id='word_1_240' title='bbox 174 1948 194 1979; x_wconf 93' lang='lat'>8</span> <span class='ocrx_word' id='word_1_241' title='bbox 215 1948 309 1986; x_wconf 73' lang='lat' dir='ltr'>Sine]</span> <span class='ocrx_word' id='word_1_242' title='bbox 335 1948 463 1988; x_wconf 83' lang='lat' dir='ltr'>Operae</span> <span class='ocrx_word' id='word_1_243' title='bbox 490 1947 628 1988; x_wconf 88' lang='lat' dir='ltr'>pretium</span> <span class='ocrx_word' id='word_1_244' title='bbox 655 1951 703 1978; x_wconf 84' lang='lat' dir='ltr'>est</span> <span class='ocrx_word' id='word_1_245' title='bbox 729 1957 802 1978; x_wconf 81' lang='lat' dir='ltr'>con-</span> 
     </span>
     <span class='ocr_line' id='line_1_30' title="bbox 132 1989 804 2030; baseline -0.001 -9"><span class='ocrx_word' id='word_1_246' title='bbox 132 1990 212 2021; x_wconf 75' lang='lat' dir='ltr'>ferre</span> <span class='ocrx_word' id='word_1_247' title='bbox 234 1990 317 2021; x_wconf 83' lang='lat' dir='ltr'>inter</span> <span class='ocrx_word' id='word_1_248' title='bbox 342 2001 376 2022; x_wconf 82' lang='lat' dir='ltr'>sc</span> <span class='ocrx_word' id='word_1_249' title='bbox 398 1994 461 2021; x_wconf 82' lang='lat' dir='ltr'>tres</span> <span class='ocrx_word' id='word_1_250' title='bbox 484 1989 715 2030; x_wconf 84' lang='lat' dir='ltr'>pulcherrimas</span> <span class='ocrx_word' id='word_1_251' title='bbox 737 2000 804 2020; x_wconf 86' lang='lat' dir='ltr'>ora-</span> 
     </span>
     <span class='ocr_line' id='line_1_31' title="bbox 132 2032 802 2073; baseline -0.003 -9"><span class='ocrx_word' id='word_1_252' title='bbox 132 2032 246 2071; x_wconf 74' lang='lat' dir='ltr'>tiones,</span> <span class='ocrx_word' id='word_1_253' title='bbox 268 2044 347 2073; x_wconf 76' lang='lat' dir='ltr'>quas</span> <span class='ocrx_word' id='word_1_254' title='bbox 371 2038 435 2064; x_wconf 79' lang='lat' dir='ltr'>tres</span> <span class='ocrx_word' id='word_1_255' title='bbox 460 2033 629 2073; x_wconf 79' lang='lat' dir='ltr'>scriptores</span> <span class='ocrx_word' id='word_1_256' title='bbox 650 2033 802 2072; x_wconf 81' lang='lat' dir='ltr'>cloquen-</span> 
     </span>
     <span class='ocr_line' id='line_1_32' title="bbox 131 2075 802 2115; baseline -0.003 -9"><span class='ocrx_word' id='word_1_257' title='bbox 131 2075 244 2106; x_wconf 75' lang='lat' dir='ltr'>tissimi</span> <span class='ocrx_word' id='word_1_258' title='bbox 255 2076 295 2106; x_wconf 79' lang='lat' dir='ltr'>de</span> <span class='ocrx_word' id='word_1_259' title='bbox 309 2076 368 2106; x_wconf 85' lang='lat' dir='ltr'>hoc</span> <span class='ocrx_word' id='word_1_260' title='bbox 380 2076 492 2107; x_wconf 85' lang='lat' dir='ltr'>codem</span> <span class='ocrx_word' id='word_1_261' title='bbox 505 2079 694 2115; x_wconf 83' lang='lat' dir='ltr'>argumento</span> <span class='ocrx_word' id='word_1_262' title='bbox 706 2075 802 2115; x_wconf 81' lang='lat' dir='ltr'>scrip-</span> 
     </span>
     <span class='ocr_line' id='line_1_33' title="bbox 133 2117 802 2158; baseline -0.003 -9"><span class='ocrx_word' id='word_1_263' title='bbox 133 2122 254 2156; x_wconf 75' lang='lat' dir='ltr'>serunt,</span> <span class='ocrx_word' id='word_1_264' title='bbox 279 2122 432 2158; x_wconf 76' lang='lat' dir='ltr'>tanquam</span> <span class='ocrx_word' id='word_1_265' title='bbox 463 2130 481 2149; x_wconf 85' lang='lat' dir='ltr'>a</span> <span class='ocrx_word' id='word_1_266' title='bbox 511 2122 612 2148; x_wconf 80' lang='lat' dir='ltr'>matre</span> <span class='ocrx_word' id='word_1_267' title='bbox 639 2117 802 2148; x_wconf 79' lang='lat' dir='ltr'>Coriolani</span> 
     </span>
     <span class='ocr_line' id='line_1_34' title="bbox 134 2160 803 2198; baseline -0.001 -7"><span class='ocrx_word' id='word_1_268' title='bbox 134 2160 277 2191; x_wconf 75' lang='lat' dir='ltr'>habitas:</span> <span class='ocrx_word' id='word_1_269' title='bbox 302 2161 385 2191; x_wconf 86' lang='lat' dir='ltr'>hanc</span> <span class='ocrx_word' id='word_1_270' title='bbox 405 2160 498 2198; x_wconf 82' lang='lat' dir='ltr'>Livii,</span> <span class='ocrx_word' id='word_1_271' title='bbox 522 2160 803 2191; x_wconf 60' lang='lat' dir='ltr'>concitatissimum</span> 
     </span>
     <span class='ocr_line' id='line_1_35' title="bbox 134 2202 805 2243; baseline -0.001 -10"><span class='ocrx_word' id='word_1_272' title='bbox 134 2207 166 2234; x_wconf 80' lang='lat' dir='ltr'>et</span> <span class='ocrx_word' id='word_1_273' title='bbox 176 2203 330 2241; x_wconf 67' lang='lat' dir='ltr'>tragicum</span> <span class='ocrx_word' id='word_1_274' title='bbox 346 2213 427 2243; x_wconf 83' lang='lat' dir='ltr'>pene</span> <span class='ocrx_word' id='word_1_275' title='bbox 439 2203 629 2243; x_wconf 65' lang='lat' dir='ltr'>spirantem</span> <span class='ocrx_word' id='word_1_276' title='bbox 646 2202 805 2242; x_wconf 78' lang='lat' dir='ltr'>Dionysii,</span> 
     </span>
     <span class='ocr_line' id='line_1_36' title="bbox 135 2245 805 2286; baseline 0 -10"><span class='ocrx_word' id='word_1_277' title='bbox 135 2246 363 2286; x_wconf 75' lang='lat' dir='ltr'>placidiorem3</span> <span class='ocrx_word' id='word_1_278' title='bbox 398 2245 575 2282; x_wconf 72' lang='lat' dir='ltr'>Plutarchi,</span> <span class='ocrx_word' id='word_1_279' title='bbox 600 2256 638 2276; x_wconf 81' lang='lat' dir='ltr'>cx</span> <span class='ocrx_word' id='word_1_280' title='bbox 671 2250 805 2284; x_wconf 79' lang='lat' dir='ltr'>utroque</span> 
     </span>
     <span class='ocr_line' id='line_1_37' title="bbox 134 2289 804 2328; baseline -0.003 -9"><span class='ocrx_word' id='word_1_281' title='bbox 134 2289 252 2319; x_wconf 76' lang='lat' dir='ltr'>affectu</span> <span class='ocrx_word' id='word_1_282' title='bbox 267 2289 353 2319; x_wconf 78' lang='lat' dir='ltr'>velut</span> <span class='ocrx_word' id='word_1_283' title='bbox 369 2293 590 2328; x_wconf 78' lang='lat' dir='ltr'>temperatam.</span> <span class='ocrx_word' id='word_1_284' title='bbox 632 2289 705 2319; x_wconf 85' lang='lat' dir='ltr'>llac</span> <span class='ocrx_word' id='word_1_285' title='bbox 722 2292 804 2328; x_wconf 81' lang='lat' dir='ltr'>post-</span> 
     </span>
     <span class='ocr_line' id='line_1_38' title="bbox 135 2330 806 2371; baseline -0.001 -9"><span class='ocrx_word' id='word_1_286' title='bbox 135 2341 241 2362; x_wconf 87' lang='lat' dir='ltr'>remae</span> <span class='ocrx_word' id='word_1_287' title='bbox 262 2332 345 2362; x_wconf 84' lang='lat' dir='ltr'>duae</span> <span class='ocrx_word' id='word_1_288' title='bbox 360 2332 531 2371; x_wconf 81' lang='lat' dir='ltr'>quemdam</span> <span class='ocrx_word' id='word_1_289' title='bbox 552 2330 701 2362; x_wconf 68' lang='lat' dir='ltr'>historiae</span> <span class='ocrx_word' id='word_1_290' title='bbox 716 2331 806 2370; x_wconf 73' lang='lat' dir='ltr'>quasi</span> 
     </span>
     <span class='ocr_line' id='line_1_39' title="bbox 135 2374 803 2413; baseline 0 -9"><span class='ocrx_word' id='word_1_291' title='bbox 135 2374 273 2405; x_wconf 76' lang='lat' dir='ltr'>colorem</span> <span class='ocrx_word' id='word_1_292' title='bbox 298 2374 433 2405; x_wconf 78' lang='lat' dir='ltr'>retinere</span> <span class='ocrx_word' id='word_1_293' title='bbox 456 2374 555 2413; x_wconf 73' lang='lat' dir='ltr'>magis</span> <span class='ocrx_word' id='word_1_294' title='bbox 572 2375 703 2404; x_wconf 57' lang='lat' dir='ltr'>summa·</span> <span class='ocrx_word' id='word_1_295' title='bbox 722 2374 803 2404; x_wconf 70' lang='lat' dir='ltr'>vide-</span> 
     </span>
     <span class='ocr_line' id='line_1_40' title="bbox 135 2417 804 2448; baseline -0.001 0"><span class='ocrx_word' id='word_1_296' title='bbox 135 2417 268 2448; x_wconf 81' lang='lat' dir='ltr'>buntur:</span> <span class='ocrx_word' id='word_1_297' title='bbox 296 2417 429 2448; x_wconf 75' lang='lat' dir='ltr'>Liviana</span> <span class='ocrx_word' id='word_1_298' title='bbox 444 2418 600 2448; x_wconf 67' lang='lat' dir='ltr'>excelsior</span> <span class='ocrx_word' id='word_1_299' title='bbox 614 2428 680 2447; x_wconf 58' lang='lat' dir='ltr'>case</span> <span class='ocrx_word' id='word_1_300' title='bbox 693 2422 723 2447; x_wconf 81' lang='lat' dir='ltr'>ct</span> <span class='ocrx_word' id='word_1_301' title='bbox 741 2417 804 2447; x_wconf 80' lang='lat' dir='ltr'>Ro-</span> 
     </span>
     <span class='ocr_line' id='line_1_41' title="bbox 135 2459 803 2499; baseline 0.001 -10"><span class='ocrx_word' id='word_1_302' title='bbox 135 2468 231 2490; x_wconf 85' lang='lat' dir='ltr'>mana</span> <span class='ocrx_word' id='word_1_303' title='bbox 254 2465 355 2491; x_wconf 82' lang='lat' dir='ltr'>matre</span> <span class='ocrx_word' id='word_1_304' title='bbox 376 2459 507 2499; x_wconf 79' lang='lat' dir='ltr'>dignior.</span> <span class='ocrx_word' id='word_1_305' title='bbox 531 2461 637 2491; x_wconf 64' lang='lat' dir='ltr'>ctu-w.</span> <span class='ocrx_word' id='word_1_306' title='bbox 669 2460 708 2490; x_wconf 81' lang='lat' dir='ltr'>cf.</span> <span class='ocrx_word' id='word_1_307' title='bbox 729 2460 803 2490; x_wconf 72' lang='lat' dir='ltr'>Bre-</span> 
     </span>
     <span class='ocr_line' id='line_1_42' title="bbox 138 2500 804 2543; baseline 0 -10"><span class='ocrx_word' id='word_1_308' title='bbox 138 2500 184 2531; x_wconf 74' lang='lat' dir='ltr'>vis</span> <span class='ocrx_word' id='word_1_309' title='bbox 211 2502 267 2533; x_wconf 79' lang='lat' dir='ltr'>illa</span> <span class='ocrx_word' id='word_1_310' title='bbox 292 2502 392 2533; x_wconf 67' lang='lat' dir='ltr'>oratis·</span> <span class='ocrx_word' id='word_1_311' title='bbox 419 2513 471 2543; x_wconf 85' lang='lat' dir='ltr'>ap.</span> <span class='ocrx_word' id='word_1_312' title='bbox 496 2503 654 2533; x_wconf 81' lang='lat' dir='ltr'>Zonaram</span> <span class='ocrx_word' id='word_1_313' title='bbox 682 2502 731 2533; x_wconf 78' lang='lat' dir='ltr'>vii.</span> <span class='ocrx_word' id='word_1_314' title='bbox 759 2501 804 2533; x_wconf 74' lang='lat'>16.</span> 
     </span>
     <span class='ocr_line' id='line_1_43' title="bbox 137 2545 803 2585; baseline 0.003 -11"><span class='ocrx_word' id='word_1_315' title='bbox 137 2553 233 2583; x_wconf 72' lang='lat' dir='ltr'>quam</span> <span class='ocrx_word' id='word_1_316' title='bbox 251 2545 476 2577; x_wconf 73' lang='lat' dir='ltr'>Wachnmuth.</span> <span class='ocrx_word' id='word_1_317' title='bbox 499 2545 611 2576; x_wconf 79' lang='lat' dir='ltr'>merito</span> <span class='ocrx_word' id='word_1_318' title='bbox 635 2546 757 2581; x_wconf 83' lang='lat' dir='ltr'>laudat,</span> <span class='ocrx_word' id='word_1_319' title='bbox 773 2555 803 2585; x_wconf 84' lang='lat' dir='ltr'>p.</span> 
     </span>
     <span class='ocr_line' id='line_1_44' title="bbox 140 2595 208 2625; baseline 0.015 -9"><span class='ocrx_word' id='word_1_320' title='bbox 140 2595 208 2625; x_wconf 81' lang='lat'><strong>3¹²·</strong></span> 
     </span>
    </p>

    <p class='ocr_par' dir='ltr' id='par_1_4' title="bbox 139 2631 804 2798">
     <span class='ocr_line' id='line_1_45' title="bbox 180 2631 802 2671; baseline 0 -10"><span class='ocrx_word' id='word_1_321' title='bbox 180 2640 200 2669; x_wconf 73' lang='grc' dir='ltr'>ι)</span> <span class='ocrx_word' id='word_1_322' title='bbox 223 2631 416 2670; x_wconf 71' lang='lat' dir='ltr'>Uppreuum</span> <span class='ocrx_word' id='word_1_323' title='bbox 435 2632 583 2671; x_wconf 67' lang='lat' dir='ltr'>periisse]</span> <span class='ocrx_word' id='word_1_324' title='bbox 609 2634 629 2647; x_wconf 74' lang='lat'>‘⁶</span> <span class='ocrx_word' id='word_1_325' title='bbox 642 2632 802 2661; x_wconf 48' lang='lat' dir='ltr'>(stimuum</span> 
     </span>
     <span class='ocr_line' id='line_1_46' title="bbox 139 2670 804 2704; baseline 0.003 -3"><span class='ocrx_word' id='word_1_326' title='bbox 139 2670 322 2702; x_wconf 72' lang='lat' dir='ltr'>iracundiae</span> <span class='ocrx_word' id='word_1_327' title='bbox 344 2683 418 2703; x_wconf 74' lang='lat' dir='ltr'>nunc</span> <span class='ocrx_word' id='word_1_328' title='bbox 441 2679 542 2704; x_wconf 80' lang='lat' dir='ltr'>morte</span> <span class='ocrx_word' id='word_1_329' title='bbox 558 2674 713 2704; x_wconf 41' lang='lat' dir='ltr'>sedavit?</span> <span class='ocrx_word' id='word_1_330' title='bbox 736 2673 804 2703; x_wconf 80' lang='lat' dir='ltr'>Cic.</span> 
     </span>
     <span class='ocr_line' id='line_1_47' title="bbox 142 2713 804 2756; baseline 0.003 -12"><span class='ocrx_word' id='word_1_331' title='bbox 142 2713 232 2745; x_wconf 79' lang='lat' dir='ltr'>Brut.</span> <span class='ocrx_word' id='word_1_332' title='bbox 254 2723 298 2745; x_wconf 86' lang='grc' dir='ltr'>ιο.</span> <span class='ocrx_word' id='word_1_333' title='bbox 323 2714 406 2745; x_wconf 79' lang='lat' dir='ltr'>idem</span> <span class='ocrx_word' id='word_1_334' title='bbox 431 2721 535 2746; x_wconf 83' lang='lat' dir='ltr'>narrat</span> <span class='ocrx_word' id='word_1_335' title='bbox 562 2717 657 2747; x_wconf 78' lang='lat' dir='ltr'>Dion.</span> <span class='ocrx_word' id='word_1_336' title='bbox 676 2716 737 2746; x_wconf 80' lang='lat' dir='ltr'>viii.</span> <span class='ocrx_word' id='word_1_337' title='bbox 756 2724 804 2756; x_wconf 75' lang='lat'>59.</span> 
     </span>
     <span class='ocr_line' id='line_1_48' title="bbox 142 2756 752 2798; baseline 0.002 -11"><span class='ocrx_word' id='word_1_338' title='bbox 142 2757 228 2787; x_wconf 81' lang='lat' dir='ltr'>Pha.</span> <span class='ocrx_word' id='word_1_339' title='bbox 245 2756 364 2788; x_wconf 56' lang='lat' dir='ltr'>(foriol.</span> <span class='ocrx_word' id='word_1_340' title='bbox 390 2758 617 2790; x_wconf 46' lang='lat' dir='ltr'>&amp;Vachnmutln</span> <span class='ocrx_word' id='word_1_341' title='bbox 635 2769 663 2798; x_wconf 84' lang='lat' dir='ltr'>p.</span> <span class='ocrx_word' id='word_1_342' title='bbox 683 2768 752 2797; x_wconf 81' lang='lat'><strong>3¹3·</strong></span> 
     </span>
    </p>

    <p class='ocr_par' dir='ltr' id='par_1_5' title="bbox 138 2801 808 2917">
     <span class='ocr_line' id='line_1_49' title="bbox 188 2801 805 2838; baseline 0 -8"><span class='ocrx_word' id='word_1_343' title='bbox 188 2809 196 2830; x_wconf 90' lang='grc'>1</span> <span class='ocrx_word' id='word_1_344' title='bbox 226 2801 293 2829; x_wconf 71' lang='lat' dir='ltr'>Alii</span> <span class='ocrx_word' id='word_1_345' title='bbox 309 2801 372 2829; x_wconf 79' lang='lat' dir='ltr'>alio</span> <span class='ocrx_word' id='word_1_346' title='bbox 387 2801 463 2838; x_wconf 74' lang='lat' dir='ltr'>leta]</span> <span class='ocrx_word' id='word_1_347' title='bbox 492 2801 628 2831; x_wconf 74' lang='lat' dir='ltr'>Mora-m</span> <span class='ocrx_word' id='word_1_348' title='bbox 653 2801 709 2830; x_wconf 69' lang='lat' dir='ltr'>nihi</span> <span class='ocrx_word' id='word_1_349' title='bbox 734 2811 805 2831; x_wconf 88' lang='lat' dir='ltr'>con-</span> 
     </span>
     <span class='ocr_line' id='line_1_50' title="bbox 138 2842 808 2882; baseline 0.001 -10"><span class='ocrx_word' id='word_1_350' title='bbox 138 2842 276 2878; x_wconf 63' lang='lat' dir='ltr'>nivium,</span> <span class='ocrx_word' id='word_1_351' title='bbox 315 2842 444 2882; x_wconf 72' lang='lat' dir='ltr'>perinde</span> <span class='ocrx_word' id='word_1_352' title='bbox 480 2847 514 2873; x_wconf 78' lang='lat' dir='ltr'>ut</span> <span class='ocrx_word' id='word_1_353' title='bbox 544 2843 808 2880; x_wconf 69' lang='lat' dir='ltr'>Themistoclem,</span> 
     </span>
     <span class='ocr_line' id='line_1_51' title="bbox 139 2884 577 2917; baseline 0.002 -1"><span class='ocrx_word' id='word_1_354' title='bbox 139 2885 247 2916; x_wconf 70' lang='lat' dir='ltr'>scribit</span> <span class='ocrx_word' id='word_1_355' title='bbox 263 2884 333 2916; x_wconf 82' lang='lat' dir='ltr'>Cic.</span> <span class='ocrx_word' id='word_1_356' title='bbox 349 2885 390 2915; x_wconf 83' lang='lat' dir='ltr'>dc</span> <span class='ocrx_word' id='word_1_357' title='bbox 408 2885 510 2916; x_wconf 83' lang='lat' dir='ltr'>Amic.</span> <span class='ocrx_word' id='word_1_358' title='bbox 533 2895 577 2917; x_wconf 76' lang='grc' dir='ltr'>η.</span> 
     </span>
    </p>

    <p class='ocr_par' dir='ltr' id='par_1_6' title="bbox 142 2927 806 3008">
     <span class='ocr_line' id='line_1_52' title="bbox 183 2927 806 2966; baseline -0.002 -7"><span class='ocrx_word' id='word_1_359' title='bbox 183 2937 200 2959; x_wconf 79' lang='lat'>⁴2</span> <span class='ocrx_word' id='word_1_360' title='bbox 226 2929 279 2958; x_wconf 74' lang='lat' dir='ltr'>Ad</span> <span class='ocrx_word' id='word_1_361' title='bbox 300 2933 487 2959; x_wconf 67' lang='lat' dir='ltr'>senectutem</span> <span class='ocrx_word' id='word_1_362' title='bbox 512 2929 643 2966; x_wconf 51' lang='lat' dir='ltr'>virui-0]</span> <span class='ocrx_word' id='word_1_363' title='bbox 673 2928 723 2959; x_wconf 68' lang='lat' dir='ltr'>lm</span> <span class='ocrx_word' id='word_1_364' title='bbox 747 2927 806 2959; x_wconf 83' lang='lat' dir='ltr'>Zo-</span> 
     </span>
     <span class='ocr_line' id='line_1_53' title="bbox 142 2970 806 3008; baseline 0 -7"><span class='ocrx_word' id='word_1_365' title='bbox 142 2980 243 3008; x_wconf 74' lang='lat' dir='ltr'>nanu,</span> <span class='ocrx_word' id='word_1_366' title='bbox 275 2971 323 3001; x_wconf 73' lang='lat' dir='ltr'>vii.</span> <span class='ocrx_word' id='word_1_367' title='bbox 362 2970 404 3002; x_wconf 80' lang='lat'>16.</span> <span class='ocrx_word' id='word_1_368' title='bbox 441 2971 470 3002; x_wconf 91' lang='lat' dir='ltr'>in</span> <span class='ocrx_word' id='word_1_369' title='bbox 503 2970 592 3002; x_wconf 70' lang='lat' dir='ltr'>cuiun</span> <span class='ocrx_word' id='word_1_370' title='bbox 617 2970 806 3003; x_wconf 72' lang='lat' dir='ltr'>sententium</span> 
     </span>
    </p>
   </div>
   <div class='ocr_carea' id='block_1_4' title="bbox 847 1946 1523 3006">
    <p class='ocr_par' dir='ltr' id='par_1_7' title="bbox 847 1946 1320 1986">
     <span class='ocr_line' id='line_1_54' title="bbox 847 1946 1320 1986; baseline 0 -9"><span class='ocrx_word' id='word_1_371' title='bbox 847 1947 981 1978; x_wconf 82' lang='lat' dir='ltr'>discedit</span> <span class='ocrx_word' id='word_1_372' title='bbox 1000 1946 1134 1978; x_wconf 82' lang='lat' dir='ltr'>Nicbhr.</span> <span class='ocrx_word' id='word_1_373' title='bbox 1152 1946 1182 1977; x_wconf 89' lang='lat' dir='ltr'>ii.</span> <span class='ocrx_word' id='word_1_374' title='bbox 1200 1956 1230 1986; x_wconf 90' lang='lat' dir='ltr'>p.</span> <span class='ocrx_word' id='word_1_375' title='bbox 1248 1955 1320 1986; x_wconf 72' lang='lat'>2:40.</span> 
     </span>
    </p>

    <p class='ocr_par' dir='ltr' id='par_1_8' title="bbox 847 1988 1521 2753">
     <span class='ocr_line' id='line_1_55' title="bbox 892 1988 1519 2030; baseline 0.002 -11"><span class='ocrx_word' id='word_1_376' title='bbox 892 1999 909 2030; x_wconf 84' lang='lat'>3</span> <span class='ocrx_word' id='word_1_377' title='bbox 939 1990 1128 2027; x_wconf 80' lang='lat' dir='ltr'>Vivebatur]</span> <span class='ocrx_word' id='word_1_378' title='bbox 1146 1989 1297 2021; x_wconf 84' lang='lat' dir='ltr'>Cuiacius</span> <span class='ocrx_word' id='word_1_379' title='bbox 1308 1989 1439 2020; x_wconf 79' lang='lat' dir='ltr'>Observ.</span> <span class='ocrx_word' id='word_1_380' title='bbox 1452 1988 1519 2020; x_wconf 85' lang='lat' dir='ltr'>lxii.</span> 
     </span>
     <span class='ocr_line' id='line_1_56' title="bbox 847 2032 1519 2071; baseline 0 -9"><span class='ocrx_word' id='word_1_381' title='bbox 847 2042 896 2071; x_wconf 78' lang='lat'>²4·</span> <span class='ocrx_word' id='word_1_382' title='bbox 928 2032 989 2062; x_wconf 88' lang='lat' dir='ltr'>hoc</span> <span class='ocrx_word' id='word_1_383' title='bbox 1020 2033 1090 2062; x_wconf 85' lang='lat' dir='ltr'>loco</span> <span class='ocrx_word' id='word_1_384' title='bbox 1121 2032 1229 2062; x_wconf 84' lang='lat' dir='ltr'>inserit</span> <span class='ocrx_word' id='word_1_385' title='bbox 1260 2033 1354 2062; x_wconf 75' lang='lat' dir='ltr'>verba</span> <span class='ocrx_word' id='word_1_386' title='bbox 1383 2042 1469 2071; x_wconf 78' lang='lat' dir='ltr'>seqq.</span> <span class='ocrx_word' id='word_1_387' title='bbox 1500 2041 1519 2062; x_wconf 85' lang='lat' dir='ltr'>e</span> 
     </span>
     <span class='ocr_line' id='line_1_57' title="bbox 847 2075 1518 2114; baseline 0 -9"><span class='ocrx_word' id='word_1_388' title='bbox 847 2075 916 2105; x_wconf 87' lang='lat' dir='ltr'>cod.</span> <span class='ocrx_word' id='word_1_389' title='bbox 934 2085 1000 2105; x_wconf 78' lang='lat' dir='ltr'>sun.</span> <span class='ocrx_word' id='word_1_390' title='bbox 1034 2076 1123 2105; x_wconf 75' lang='lat' dir='ltr'>Tuae</span> <span class='ocrx_word' id='word_1_391' title='bbox 1145 2076 1229 2105; x_wconf 81' lang='lat' dir='ltr'>enim</span> <span class='ocrx_word' id='word_1_392' title='bbox 1248 2076 1389 2114; x_wconf 81' lang='lat' dir='ltr'>primum</span> <span class='ocrx_word' id='word_1_393' title='bbox 1415 2075 1518 2105; x_wconf 71' lang='lat' dir='ltr'>smmi-</span> 
     </span>
     <span class='ocr_line' id='line_1_58' title="bbox 847 2117 1519 2148; baseline 0 -1"><span class='ocrx_word' id='word_1_394' title='bbox 847 2121 913 2147; x_wconf 75' lang='lat' dir='ltr'>tum</span> <span class='ocrx_word' id='word_1_395' title='bbox 936 2122 982 2148; x_wconf 82' lang='lat' dir='ltr'>est</span> <span class='ocrx_word' id='word_1_396' title='bbox 1006 2122 1040 2147; x_wconf 84' lang='lat' dir='ltr'>ut</span> <span class='ocrx_word' id='word_1_397' title='bbox 1062 2117 1248 2148; x_wconf 67' lang='lat' dir='ltr'>mulieribus</span> <span class='ocrx_word' id='word_1_398' title='bbox 1266 2117 1304 2147; x_wconf 83' lang='lat' dir='ltr'>de</span> <span class='ocrx_word' id='word_1_399' title='bbox 1325 2118 1377 2146; x_wconf 76' lang='lat' dir='ltr'>via</span> <span class='ocrx_word' id='word_1_400' title='bbox 1397 2117 1519 2148; x_wconf 81' lang='lat' dir='ltr'>cedere-</span> 
     </span>
     <span class='ocr_line' id='line_1_59' title="bbox 847 2160 1521 2198; baseline -0.001 -8"><span class='ocrx_word' id='word_1_401' title='bbox 847 2164 913 2195; x_wconf 74' lang='lat' dir='ltr'>tur,</span> <span class='ocrx_word' id='word_1_402' title='bbox 929 2165 964 2190; x_wconf 80' lang='lat' dir='ltr'>nt</span> <span class='ocrx_word' id='word_1_403' title='bbox 980 2160 1152 2190; x_wconf 74' lang='lat' dir='ltr'>inauribus</span> <span class='ocrx_word' id='word_1_404' title='bbox 1166 2160 1285 2195; x_wconf 76' lang='lat' dir='ltr'>aureis,</span> <span class='ocrx_word' id='word_1_405' title='bbox 1302 2164 1336 2189; x_wconf 81' lang='lat' dir='ltr'>ut</span> <span class='ocrx_word' id='word_1_406' title='bbox 1349 2169 1521 2198; x_wconf 74' lang='lat' dir='ltr'>purpurea</span> 
     </span>
     <span class='ocr_line' id='line_1_60' title="bbox 848 2203 1521 2240; baseline 0.003 -9"><span class='ocrx_word' id='word_1_407' title='bbox 848 2207 942 2238; x_wconf 75' lang='lat' dir='ltr'>veste,</span> <span class='ocrx_word' id='word_1_408' title='bbox 970 2207 1005 2232; x_wconf 80' lang='lat' dir='ltr'>ut</span> <span class='ocrx_word' id='word_1_409' title='bbox 1036 2203 1145 2232; x_wconf 79' lang='lat' dir='ltr'>aureis</span> <span class='ocrx_word' id='word_1_410' title='bbox 1172 2203 1351 2240; x_wconf 63' lang='lat' dir='ltr'>seymenfis,</span> <span class='ocrx_word' id='word_1_411' title='bbox 1376 2206 1411 2231; x_wconf 75' lang='lat' dir='ltr'>ue</span> <span class='ocrx_word' id='word_1_412' title='bbox 1442 2212 1521 2233; x_wconf 84' lang='lat' dir='ltr'>novo</span> 
     </span>
     <span class='ocr_line' id='line_1_61' title="bbox 850 2245 1519 2276; baseline -0.001 -1"><span class='ocrx_word' id='word_1_413' title='bbox 850 2246 948 2276; x_wconf 76' lang='lat' dir='ltr'>vittae</span> <span class='ocrx_word' id='word_1_414' title='bbox 971 2245 1154 2275; x_wconf 78' lang='lat' dir='ltr'>discrimine</span> <span class='ocrx_word' id='word_1_415' title='bbox 1177 2249 1355 2275; x_wconf 79' lang='lat' dir='ltr'>uterentur.</span> <span class='ocrx_word' id='word_1_416' title='bbox 1400 2245 1519 2274; x_wconf 59' lang='lat' dir='ltr'>Alanu-</span> 
     </span>
     <span class='ocr_line' id='line_1_62' title="bbox 851 2286 1518 2335; baseline -0.001 -18"><span class='ocrx_word' id='word_1_417' title='bbox 851 2292 952 2319; x_wconf 79' lang='lat' dir='ltr'>menen</span> <span class='ocrx_word' id='word_1_418' title='bbox 974 2298 1108 2335; x_wconf 80' lang='lat' dir='ltr'>quoqne,</span> <span class='ocrx_word' id='word_1_419' title='bbox 1123 2292 1179 2318; x_wconf 82' lang='lat' dir='ltr'>etc.</span> <span class='ocrx_word' id='word_1_420' title='bbox 1196 2287 1249 2317; x_wconf 71' lang='lat' dir='ltr'>sed</span> <span class='ocrx_word' id='word_1_421' title='bbox 1274 2287 1314 2317; x_wconf 80' lang='lat' dir='ltr'>de</span> <span class='ocrx_word' id='word_1_422' title='bbox 1337 2286 1518 2317; x_wconf 85' lang='lat' dir='ltr'>huiusmodi</span> 
     </span>
     <span class='ocr_line' id='line_1_63' title="bbox 852 2329 1519 2370; baseline -0.001 -10"><span class='ocrx_word' id='word_1_423' title='bbox 852 2330 1011 2370; x_wconf 77' lang='lat' dir='ltr'>praemiis,</span> <span class='ocrx_word' id='word_1_424' title='bbox 1034 2341 1116 2369; x_wconf 80' lang='lat' dir='ltr'>quac</span> <span class='ocrx_word' id='word_1_425' title='bbox 1142 2329 1274 2369; x_wconf 70' lang='lat' dir='ltr'>priscam</span> <span class='ocrx_word' id='word_1_426' title='bbox 1302 2329 1413 2359; x_wconf 85' lang='lat' dir='ltr'>horum</span> <span class='ocrx_word' id='word_1_427' title='bbox 1440 2333 1519 2359; x_wconf 78' lang='lat' dir='ltr'>tcm-</span> 
     </span>
     <span class='ocr_line' id='line_1_64' title="bbox 850 2372 1520 2413; baseline -0.001 -10"><span class='ocrx_word' id='word_1_428' title='bbox 850 2383 961 2413; x_wconf 85' lang='lat' dir='ltr'>porum</span> <span class='ocrx_word' id='word_1_429' title='bbox 994 2372 1233 2412; x_wconf 76' lang='lat' dir='ltr'>simplicitatem</span> <span class='ocrx_word' id='word_1_430' title='bbox 1267 2381 1376 2411; x_wconf 86' lang='lat' dir='ltr'>parum</span> <span class='ocrx_word' id='word_1_431' title='bbox 1408 2381 1520 2411; x_wconf 74' lang='lat' dir='ltr'>sapere</span> 
     </span>
     <span class='ocr_line' id='line_1_65' title="bbox 851 2414 1518 2454; baseline -0.003 -8"><span class='ocrx_word' id='word_1_432' title='bbox 851 2415 1007 2450; x_wconf 73' lang='lat' dir='ltr'>videntur,</span> <span class='ocrx_word' id='word_1_433' title='bbox 1026 2415 1119 2445; x_wconf 68' lang='lat' dir='ltr'>silent</span> <span class='ocrx_word' id='word_1_434' title='bbox 1144 2414 1276 2454; x_wconf 71' lang='lat' dir='ltr'>Dionys.</span> <span class='ocrx_word' id='word_1_435' title='bbox 1298 2419 1329 2444; x_wconf 84' lang='lat' dir='ltr'>ct</span> <span class='ocrx_word' id='word_1_436' title='bbox 1356 2414 1518 2445; x_wconf 66' lang='lat' dir='ltr'>Plutarch.</span> 
     </span>
     <span class='ocr_line' id='line_1_66' title="bbox 851 2458 1519 2496; baseline -0.003 -7"><span class='ocrx_word' id='word_1_437' title='bbox 851 2458 1135 2489; x_wconf 47' lang='lat' dir='ltr'>1⁷)rakcnborcliius</span> <span class='ocrx_word' id='word_1_438' title='bbox 1145 2468 1273 2496; x_wconf 79' lang='lat' dir='ltr'>quoquc</span> <span class='ocrx_word' id='word_1_439' title='bbox 1286 2467 1358 2487; x_wconf 82' lang='lat' dir='ltr'>cum</span> <span class='ocrx_word' id='word_1_440' title='bbox 1370 2467 1434 2496; x_wconf 77' lang='lat' dir='ltr'>quo</span> <span class='ocrx_word' id='word_1_441' title='bbox 1447 2467 1519 2487; x_wconf 90' lang='lat' dir='ltr'>con·</span> 
     </span>
     <span class='ocr_line' id='line_1_67' title="bbox 848 2499 1520 2540; baseline -0.003 -9"><span class='ocrx_word' id='word_1_442' title='bbox 848 2501 943 2532; x_wconf 75' lang='lat' dir='ltr'>scutit</span> <span class='ocrx_word' id='word_1_443' title='bbox 959 2501 1081 2532; x_wconf 73' lang='lat' dir='ltr'>Duker.</span> <span class='ocrx_word' id='word_1_444' title='bbox 1097 2501 1258 2540; x_wconf 76' lang='lat' dir='ltr'>praeclare</span> <span class='ocrx_word' id='word_1_445' title='bbox 1270 2505 1391 2535; x_wconf 76' lang='lat' dir='ltr'>monet,</span> <span class='ocrx_word' id='word_1_446' title='bbox 1406 2502 1427 2515; x_wconf 72' lang='lat'>‘⁶</span> <span class='ocrx_word' id='word_1_447' title='bbox 1440 2499 1520 2530; x_wconf 84' lang='lat' dir='ltr'>hacc</span> 
     </span>
     <span class='ocr_line' id='line_1_68' title="bbox 849 2543 1519 2582; baseline -0.001 -9"><span class='ocrx_word' id='word_1_448' title='bbox 849 2544 956 2574; x_wconf 88' lang='lat' dir='ltr'>omnia</span> <span class='ocrx_word' id='word_1_449' title='bbox 986 2544 1094 2574; x_wconf 75' lang='lat' dir='ltr'>addita</span> <span class='ocrx_word' id='word_1_450' title='bbox 1126 2554 1145 2573; x_wconf 85' lang='lat' dir='ltr'>a</span> <span class='ocrx_word' id='word_1_451' title='bbox 1172 2548 1285 2572; x_wconf 56' lang='lat' dir='ltr'>nat-&lt;uto</span> <span class='ocrx_word' id='word_1_452' title='bbox 1312 2543 1450 2582; x_wconf 70' lang='lat' dir='ltr'>quodam</span> <span class='ocrx_word' id='word_1_453' title='bbox 1479 2553 1519 2573; x_wconf 84' lang='lat' dir='ltr'>cx</span> 
     </span>
     <span class='ocr_line' id='line_1_69' title="bbox 852 2585 1518 2624; baseline -0.002 -8"><span class='ocrx_word' id='word_1_454' title='bbox 852 2587 981 2617; x_wconf 75' lang='lat' dir='ltr'>Valerio</span> <span class='ocrx_word' id='word_1_455' title='bbox 1014 2586 1158 2617; x_wconf 80' lang='lat' dir='ltr'>Maximo</span> <span class='ocrx_word' id='word_1_456' title='bbox 1188 2590 1218 2615; x_wconf 80' lang='lat' dir='ltr'>ct</span> <span class='ocrx_word' id='word_1_457' title='bbox 1257 2585 1357 2624; x_wconf 81' lang='lat' dir='ltr'>primo</span> <span class='ocrx_word' id='word_1_458' title='bbox 1389 2585 1518 2624; x_wconf 78' lang='lat' dir='ltr'>quidem</span> 
     </span>
     <span class='ocr_line' id='line_1_70' title="bbox 849 2627 1519 2667; baseline -0.001 -8"><span class='ocrx_word' id='word_1_459' title='bbox 849 2634 973 2659; x_wconf 79' lang='lat' dir='ltr'>tantimi</span> <span class='ocrx_word' id='word_1_460' title='bbox 992 2629 1124 2666; x_wconf 63' lang='lat' dir='ltr'>margini</span> <span class='ocrx_word' id='word_1_461' title='bbox 1140 2627 1298 2667; x_wconf 57' lang='lat' dir='ltr'>adscripta</span> <span class='ocrx_word' id='word_1_462' title='bbox 1315 2627 1421 2664; x_wconf 71' lang='lat' dir='ltr'>fuisse,</span> <span class='ocrx_word' id='word_1_463' title='bbox 1437 2633 1519 2667; x_wconf 82' lang='lat' dir='ltr'>post-</span> 
     </span>
     <span class='ocr_line' id='line_1_71' title="bbox 849 2670 1521 2702; baseline -0.001 0"><span class='ocrx_word' id='word_1_464' title='bbox 849 2683 886 2702; x_wconf 76' lang='lat' dir='ltr'>ca</span> <span class='ocrx_word' id='word_1_465' title='bbox 909 2683 981 2702; x_wconf 78' lang='lat' dir='ltr'>vcro</span> <span class='ocrx_word' id='word_1_466' title='bbox 1005 2673 1034 2701; x_wconf 81' lang='lat' dir='ltr'>in</span> <span class='ocrx_word' id='word_1_467' title='bbox 1061 2671 1154 2701; x_wconf 69' lang='grc' dir='ltr'>ιιιιίιικ</span> <span class='ocrx_word' id='word_1_468' title='bbox 1178 2671 1226 2700; x_wconf 78' lang='lat' dir='ltr'>vel</span> <span class='ocrx_word' id='word_1_469' title='bbox 1250 2670 1382 2701; x_wconf 72' lang='lat' dir='ltr'>alterius</span> <span class='ocrx_word' id='word_1_470' title='bbox 1403 2670 1521 2701; x_wconf 80' lang='lat' dir='ltr'>codicis</span> 
     </span>
     <span class='ocr_line' id='line_1_72' title="bbox 851 2713 1250 2753; baseline -0.003 -9"><span class='ocrx_word' id='word_1_471' title='bbox 851 2720 1036 2744; x_wconf 80' lang='lat' dir='ltr'>contextum</span> <span class='ocrx_word' id='word_1_472' title='bbox 1055 2713 1250 2753; x_wconf 51' lang='lat' dir='ltr'>irre-psinacst&#39;</span> 
     </span>
    </p>

    <p class='ocr_par' dir='ltr' id='par_1_9' title="bbox 850 2756 1523 3006">
     <span class='ocr_line' id='line_1_73' title="bbox 894 2756 1519 2795; baseline 0 -8"><span class='ocrx_word' id='word_1_473' title='bbox 894 2770 911 2795; x_wconf 78' lang='lat'>4</span> <span class='ocrx_word' id='word_1_474' title='bbox 936 2759 1100 2787; x_wconf 76' lang='lat' dir='ltr'>For-turum</span> <span class='ocrx_word' id='word_1_475' title='bbox 1117 2756 1289 2793; x_wconf 41' lang='lat' dir='ltr'>illnla&#39;ebri]</span> <span class='ocrx_word' id='word_1_476' title='bbox 1322 2756 1443 2787; x_wconf 75' lang='lat' dir='ltr'>Aedem</span> <span class='ocrx_word' id='word_1_477' title='bbox 1467 2757 1519 2787; x_wconf 73' lang='lat' dir='ltr'>‹le-</span> 
     </span>
     <span class='ocr_line' id='line_1_74' title="bbox 850 2797 1521 2834; baseline -0.001 -5"><span class='ocrx_word' id='word_1_478' title='bbox 850 2800 990 2830; x_wconf 69' lang='lat' dir='ltr'>dit-atam</span> <span class='ocrx_word' id='word_1_479' title='bbox 1026 2798 1129 2830; x_wconf 71' lang='lat' dir='ltr'>Nonis</span> <span class='ocrx_word' id='word_1_480' title='bbox 1156 2797 1332 2834; x_wconf 70' lang='lat' dir='ltr'>Quint-tilis</span> <span class='ocrx_word' id='word_1_481' title='bbox 1360 2809 1435 2830; x_wconf 83' lang='lat' dir='ltr'>ann.</span> <span class='ocrx_word' id='word_1_482' title='bbox 1461 2798 1521 2830; x_wconf 73' lang='lat'>268</span> 
     </span>
     <span class='ocr_line' id='line_1_75' title="bbox 856 2841 1521 2881; baseline -0.005 -8"><span class='ocrx_word' id='word_1_483' title='bbox 856 2842 897 2873; x_wconf 80' lang='lat' dir='ltr'>U.</span> <span class='ocrx_word' id='word_1_484' title='bbox 914 2844 951 2873; x_wconf 66' lang='lat' dir='ltr'>(J.</span> <span class='ocrx_word' id='word_1_485' title='bbox 974 2847 1004 2872; x_wconf 85' lang='lat' dir='ltr'>ct</span> <span class='ocrx_word' id='word_1_486' title='bbox 1034 2841 1193 2872; x_wconf 73' lang='lat' dir='ltr'>Valeriam</span> <span class='ocrx_word' id='word_1_487' title='bbox 1220 2841 1353 2881; x_wconf 82' lang='lat' dir='ltr'>primam</span> <span class='ocrx_word' id='word_1_488' title='bbox 1378 2842 1521 2872; x_wconf 74' lang='lat' dir='ltr'>sacerdo-</span> 
     </span>
     <span class='ocr_line' id='line_1_76' title="bbox 852 2883 1521 2924; baseline 0 -9"><span class='ocrx_word' id='word_1_489' title='bbox 852 2890 916 2915; x_wconf 73' lang='lat' dir='ltr'>tt·m</span> <span class='ocrx_word' id='word_1_490' title='bbox 935 2885 1030 2915; x_wconf 67' lang='lat' dir='ltr'>fuim-</span> <span class='ocrx_word' id='word_1_491' title='bbox 1045 2895 1097 2924; x_wconf 59' lang='grc' dir='ltr'>κιρ.</span> <span class='ocrx_word' id='word_1_492' title='bbox 1119 2884 1212 2915; x_wconf 83' lang='lat' dir='ltr'>Dion.</span> <span class='ocrx_word' id='word_1_493' title='bbox 1231 2883 1292 2915; x_wconf 79' lang='lat' dir='ltr'>viii.</span> <span class='ocrx_word' id='word_1_494' title='bbox 1309 2883 1360 2924; x_wconf 71' lang='lat'>65.</span> <span class='ocrx_word' id='word_1_495' title='bbox 1379 2885 1521 2924; x_wconf 64' lang='lat' dir='ltr'>legimus.</span> 
     </span>
     <span class='ocr_line' id='line_1_77' title="bbox 854 2926 1523 2967; baseline -0.004 -9"><span class='ocrx_word' id='word_1_496' title='bbox 854 2928 928 2958; x_wconf 79' lang='lat' dir='ltr'>lure</span> <span class='ocrx_word' id='word_1_497' title='bbox 940 2927 1068 2967; x_wconf 83' lang='lat' dir='ltr'>quidem</span> <span class='ocrx_word' id='word_1_498' title='bbox 1085 2926 1327 2958; x_wconf 69' lang='lat' dir='ltr'>admirationem</span> <span class='ocrx_word' id='word_1_499' title='bbox 1344 2927 1523 2958; x_wconf 79' lang='lat' dir='ltr'>Nicbuhriu</span> 
     </span>
     <span class='ocr_line' id='line_1_78' title="bbox 853 2969 1521 3006; baseline -0.001 -5"><span class='ocrx_word' id='word_1_500' title='bbox 853 2976 970 3006; x_wconf 71' lang='lat' dir='ltr'>movet,</span> <span class='ocrx_word' id='word_1_501' title='bbox 983 2970 1006 3001; x_wconf 70' lang='lat' dir='ltr'>ni</span> <span class='ocrx_word' id='word_1_502' title='bbox 1024 2970 1119 3001; x_wconf 84' lang='lat' dir='ltr'>modo</span> <span class='ocrx_word' id='word_1_503' title='bbox 1136 2969 1214 3001; x_wconf 70' lang='lat' dir='ltr'>haec</span> <span class='ocrx_word' id='word_1_504' title='bbox 1229 2971 1324 3003; x_wconf 76' lang='lat' dir='ltr'>aedes</span> <span class='ocrx_word' id='word_1_505' title='bbox 1339 2971 1379 3001; x_wconf 84' lang='lat' dir='ltr'>ad</span> <span class='ocrx_word' id='word_1_506' title='bbox 1396 2970 1521 3001; x_wconf 73' lang='lat' dir='ltr'>felicem</span> 
     </span>
    </p>
   </div>
  </div>
 </body>
</html>
