1934 3211
404 194 487 231 344
926 187 1074 230 TITI
1112 186 1289 230 LIVII

201 287 244 317 U.
262 287 299 317 C.
318 287 389 328 365-
417 285 429 303 ‘
445 279 564 320 Haec
586 279 727 320 omnia
748 279 791 319 in
819 280 993 334 profano
1015 280 1151 320 deseri
1178 279 1315 333 placet
1335 294 1462 328 sacra,
1485 277 1677 335 aequalia
1704 276 1810 327 urbi,

199 331 238 360 A.
263 330 301 360 C.
319 332 391 372 387.
420 343 430 359 ‘
447 336 655 393 quaedam
676 337 902 377 vetustiora
929 337 1089 392 origine
1118 337 1264 377 urbis?
1326 336 1382 377 Et
1402 336 1555 386 videte,
1577 335 1681 391 quid
1701 335 1813 375 inter

420 398 524 435 ‘nos
556 409 603 435 ac
640 394 817 434 maiores
849 394 1024 434 intersit.
1099 393 1166 434 {lli
1200 408 1314 434 sacra
1349 393 1555 449 quaedam
1588 394 1632 433 in
1668 399 1811 432 monte

420 457 431 474 ‘
449 451 617 492 Albano
649 451 912 505 Lavinioque
944 451 1064 491 nobis
1094 450 1287 491 facienda
1316 450 1590 491 tradiderunt.
1654 450 1726 489 An
1757 462 1843 492 ex5

419 514 430 531 ‘
447 509 629 549 hostium
648 508 820 548 urbibus
843 507 1023 547 Romam
1046 507 1098 547 ad
1120 522 1195 548 nos
1209 508 1419 548 transferri
1440 522 1554 548 sacra
1569 506 1811 562 religiosum
1825 514 1845 546 6

420 571 429 588 ‘
444 566 544 606 fuit:
578 565 678 605 hinc
700 565 788 605 sine
810 564 976 619 piaculo
997 565 1041 603 in
1062 564 1245 604 hostium
1266 565 1414 605 urbem
1435 563 1564 605 Veios
1591 563 1813 604 transfere-

421 628 430 645 ‘
449 624 570 662 mus?
612 621 926 668 Recordamini,
950 620 1179 675 agitedum,
1197 620 1363 675 quoties
1383 635 1498 660 sacra
1513 620 1812 667 instaurentur,

420 685 430 701 ‘
448 679 547 734 quia
568 678 728 733 aliquid
749 692 801 717 ex
823 677 957 732 patrio
978 677 1062 717 ritu
1089 676 1349 731 negligentia
1373 691 1522 717 casuve
1550 676 1815 732 praetermis-

420 742 429 758 ‘
447 751 537 775 sum
567 743 639 775 est.
703 733 838 774 Modo
864 749 971 788 quae
1002 748 1080 783 res,
1114 743 1209 788 post
1233 733 1473 789 prodigium
1499 733 1657 774 Albani
1686 732 1812 782 lacus,

421 800 431 815 ‘
445 793 523 832 nisi
548 791 791 831 instauratio
813 805 1021 831 sacrorum
1049 790 1416 846 auspiciorumque
1439 791 1667 840 renovatio,
1690 790 1814 831 affec-

420 854 431 871 ‘
449 858 513 889 tae
543 848 716 888 Veienti
746 847 858 888 bello
889 847 1143 902 reipublicae
1175 847 1362 888 remedio
1391 847 1502 888 fuit?
1581 847 1642 888 At
1673 847 1813 896 etiam,

421 911 430 928 ‘
450 916 648 960 tanquam
670 913 861 945 veterum
882 904 1132 960 religionum
1154 920 1371 954 memores,
1390 913 1432 945 et
1451 905 1694 961 peregrinos
1714 904 1816 945 deos

421 970 430 985 ‘
446 962 733 1003 transtulimus
756 961 950 1011 Romam,
969 971 1011 1002 et
1031 961 1289 1002 instituimus
1309 977 1450 1003 novos.
1503 961 1612 1002 Iuno
1634 961 1814 1017 Regina,

420 1025 678 1060 ‘transvecta
698 1034 722 1059 a
741 1018 868 1067 Veiis,
891 1034 1026 1074 nuper
1046 1019 1088 1059 in
1108 1018 1323 1059 Aventino
1345 1033 1471 1074 quam
1493 1019 1648 1075 insigni
1669 1019 1722 1060 ob
1743 1033 1815 1060 ex-

421 1082 431 1098 ‘
448 1076 604 1117 cellens
633 1085 917 1117 matronarum
939 1075 1126 1116 studium
1152 1075 1390 1132 celebrique
1413 1076 1606 1117 dedicata
1627 1084 1689 1117 est
1716 1076 1817 1116 die?

420 1139 430 1156 ‘
449 1134 534 1174 Aio
556 1134 735 1174 Locutio
752 1132 968 1188 templum,
986 1142 1158 1188 propter
1173 1133 1396 1173 coelestem
1413 1148 1558 1174 vocem
1576 1132 1816 1174 exauditam

421 1196 431 1213 ⁶
453 1191 497 1230 in
520 1190 645 1231 Nova
664 1190 742 1239 via,
766 1190 961 1230 iussimus
982 1190 1095 1230 fieri:
1134 1189 1396 1246 Capitolinos
1416 1190 1538 1231 ludos
1559 1189 1817 1231 sollennibus

421 1247 535 1287 ‘aliis
564 1247 826 1296 addidimus3
861 1246 1170 1303 collegiumque
1200 1247 1254 1287 ad
1284 1247 1328 1288 id
1359 1262 1530 1296 novum,
1559 1255 1727 1288 auctore
1752 1261 1817 1287 se-

422 1311 431 1327 ‘
446 1313 560 1354 natu,
584 1304 861 1345 condidimus.
928 1304 1047 1352 Quid
1074 1305 1224 1345 horum
1247 1319 1351 1360 opus
1371 1303 1452 1345 fuit
1481 1304 1647 1360 suscipi,
1671 1304 1705 1344 si
1732 1318 1818 1344 una

421 1370 430 1384 ⁶
449 1377 545 1402 cum
571 1361 704 1402 Gallis
729 1362 876 1402 urbem
899 1361 1135 1402 Romanam
1158 1361 1343 1402 relicturi
1363 1361 1552 1402 fuimus?
1583 1361 1617 1402 si
1637 1376 1724 1402 non
1743 1376 1817 1401 vo-

421 1425 432 1441 ‘
446 1418 606 1459 luntate
629 1419 858 1459 mansimus
880 1418 924 1458 in
950 1417 1161 1474 Capitolio
1189 1434 1265 1474 per
1285 1427 1346 1459 tot
1367 1433 1532 1460 menses
1560 1417 1817 1460 obsidionis?

422 1475 481 1515 ‘si
510 1476 560 1515 ab
584 1476 771 1516 hostibus
800 1484 916 1516 metu
937 1476 1091 1516 retenti
1117 1476 1290 1517 sumus?
1351 1475 1419 1516 De
1450 1476 1575 1517 sacris
1605 1475 1819 1531 loquimur

424 1538 491 1571 ‘ct
511 1532 563 1572 de
587 1532 781 1587 templis:
816 1533 919 1587 quid
945 1532 1115 1573 tandem
1138 1533 1190 1574 de
1219 1532 1533 1574 sacerdotibus?
1594 1532 1751 1573 Nonne
1772 1532 1818 1572 in

424 1594 634 1629 ‘mentem
655 1589 784 1637 venit,
811 1597 1016 1643 quantum
1045 1590 1200 1645 piaculi
1226 1590 1544 1631 committatur?
1576 1588 1817 1630 Vestalibus

424 1652 434 1668 ‘
451 1661 603 1701 nempe
625 1660 710 1686 una
737 1645 807 1685 illa
828 1646 947 1686 sedes
968 1655 1043 1695 est,
1066 1661 1118 1686 ex
1141 1662 1225 1701 qua
1251 1662 1319 1687 eas
1340 1647 1446 1687 nihil
1474 1662 1675 1702 unquam,
1697 1661 1818 1702 prae-

424 1708 434 1724 ‘
453 1711 640 1758 terquam
670 1702 768 1742 urbs
789 1710 922 1757 capta,
945 1703 1085 1743 movit.
1149 1703 1328 1743 Flamini
1357 1703 1472 1743 Diali
1500 1712 1667 1744 noctem
1688 1718 1816 1743 unam

424 1764 435 1781 ‘
449 1774 618 1800 manere
641 1768 759 1800 extra
778 1760 926 1799 urbem
954 1758 1069 1799 nefas
1090 1767 1162 1799 est.
1226 1759 1319 1800 Hos
1341 1759 1542 1800 Veientes
1561 1775 1637 1815 pro
1660 1759 1818 1801 Roma-

425 1816 513 1856 ‘nis
543 1817 692 1857 facturi
723 1816 820 1856 estis
851 1815 1099 1865 sacerdotes,
1126 1825 1169 1856 et
1188 1815 1380 1856 Vestales
1411 1824 1505 1857 tuae
1534 1824 1575 1857 te
1607 1816 1816 1867 deserent,

424 1872 610 1913 ‘Vesta?
650 1882 693 1914 et
727 1873 880 1913 flamen
916 1887 1088 1928 peregre
1121 1873 1350 1913 habitando
1383 1873 1427 1913 in
1463 1873 1646 1929 singulas
1673 1882 1817 1915 noctes

425 1936 613 1970 ‘tantum
635 1930 713 1970 sibi
734 1930 879 1984 reique
901 1929 1092 1984 publicae
1115 1930 1267 1984 piaculi
1291 1930 1540 1970 contrahet?
1584 1930 1702 1978 Quid
1722 1930 1815 1980 alia,

424 1994 435 2009 ⁶
453 2002 559 2041 quae
592 1987 804 2042 auspicato
835 1986 996 2041 agimus
1023 1987 1163 2026 onmia
1192 1987 1278 2026 fere
1310 1987 1420 2027 intra
1446 1987 1721 2042 pomoerium,
1748 1988 1817 2028 cui

425 2044 663 2092 ‘oblivioni,
697 2052 769 2084 aut
801 2043 869 2083 cui
899 2043 1182 2098 negligentiae
1215 2043 1395 2083 damus?
1429 2043 1615 2084 ComitIa
1644 2044 1815 2094 curiata,

425 2106 435 2124 ‘
449 2116 556 2155 quae
579 2115 667 2140 rem
688 2100 910 2140 militarem
933 2100 1176 2149 continent3
1210 2100 1379 2141 comitia
1399 2101 1642 2150 centuriata,
1665 2101 1817 2157 quibus
1832 2113 1849 2145 7

424 2164 434 2181 ‘
452 2157 643 2199 consules
668 2157 941 2212 tribunosque
970 2156 1169 2198 militares
1197 2157 1357 2207 creatis,
1385 2158 1457 2198 ubi
1482 2158 1707 2214 auspicato,
1736 2158 1817 2199 nisi

424 2215 521 2255 ‘ubi
552 2214 744 2263 assolent,
776 2214 867 2254 fieri
899 2215 1102 2269 possunt?
1143 2214 1328 2255 Veiosne
1359 2214 1462 2255 haec
1494 2215 1817 2256 transferemus?

425 2278 434 2295 ‘
452 2287 504 2312 an
522 2272 787 2313 comitiorum
804 2286 926 2311 causa
941 2270 1121 2325 populus
1136 2280 1251 2312 tanto
1265 2271 1531 2312 incommodo
1547 2272 1590 2312 in
1608 2271 1816 2313 desertam

427 2336 436 2352 ‘
453 2329 561 2369 hanc
583 2329 634 2369 ab
655 2328 736 2369 diis
756 2327 1081 2382 hominibusque
1104 2328 1249 2368 urbem
1272 2328 1539 2369 conveniet?’

484 2392 495 2409 ⁶
514 2386 596 2426 Sed
619 2401 684 2426 res
705 2385 793 2441 ipsa
814 2384 925 2439 cogit
940 2393 1098 2424 vastam
1119 2384 1325 2425 incendiis
1341 2385 1556 2440 ruinisque
1577 2385 1814 2440 relinquere

424 2451 433 2466 ⁴
453 2443 612 2492 urbem,
636 2452 677 2483 et
699 2442 752 2482 ad
773 2442 936 2497 integra
956 2441 1098 2482 omnia
1119 2440 1247 2482 Veios
1268 2441 1457 2497 migrare,
1481 2456 1559 2482 nec
1580 2441 1649 2482 hic
1670 2442 1815 2484 aedifi-

421 2621 476 2659 (μα’
499 2622 628 2657 praeest
652 2617 739 2656 paci,
765 2620 794 2646 et
821 2616 909 2645 iura
935 2615 1094 2644 civitatem
1141 2612 1210 2643 Liv.
1227 2623 1312 2652 supr.
1330 2612 1349 2644 i.
1370 2623 1417 2652 13.
1443 2613 1558 2645 DRAK.

421 2662 545 2691 colitur.
590 2661 676 2690 Nam
698 2659 770 2689 belli
785 2659 883 2687 Alars
903 2661 996 2687 embra
1019 2656 1093 2686 civi·
1182 2654 1201 2685 6
1217 2656 1429 2694 Relatyiosum]
1451 2655 1615 2695 Religioni
1631 2656 1814 2696 habuimus,

423 2707 516 2732 tatem
534 2703 684 2741 templum
702 2701 824 2730 habuit.
850 2699 956 2730 Cum-zv,
1140 2697 1229 2727 nefas
1245 2707 1312 2727 esse
1328 2697 1490 2728 duximus.
1515 2698 1621 2729 ΟΜΝ.

466 2753 482 2782 5
506 2744 724 2783 Lavinioyue]
754 2742 864 2772 Huius
888 2739 1093 2771 constructio·
1186 2747 1201 2778 7
1227 2741 1317 2776 Quae
1332 2750 1397 2771 rem
1414 2740 1602 2778 militarem]
1625 2740 1712 2780 Lege
1722 2740 1811 2780 quip-

421 2786 469 2814 nis
495 2786 682 2823 exemplum
714 2785 809 2814 habet
840 2783 917 2813 Sall.
943 2783 983 2812 (le
1009 2782 1093 2812 Bell.
1141 2792 1180 2820 pc
1208 2781 1330 2811 curiata
1352 2782 1524 2821 imperium
1549 2782 1758 2812 dictatoribus
1780 2786 1813 2812 et

425 2827 492 2863 lug.
510 2827 621 2857 xxxiii.
668 2828 763 2857 Sacra
780 2826 859 2855 haec
877 2824 1002 2855 Lavim'i
1026 2834 1093 2863 per-
1141 2823 1325 2854 consulibus
1340 2824 1529 2854 mandatum
1547 2827 1604 2854 est.
1624 2823 1694 2854 infr.
1705 2823 1748 2853 ix.
1761 2824 1810 2862 38.

420 2869 543 2905 agenda
561 2869 619 2897 diis
637 2868 807 2906 penatibus
823 2870 979 2897 memorat
996 2867 1092 2897 Dion.
1140 2866 1208 2896 Cic.
1227 2866 1266 2895 de
1284 2866 1369 2904 Rep.
1385 2865 1415 2896 ii.
1439 2875 1484 2904 13.
1506 2872 1553 2903 17.
1571 2875 1620 2895 21.

420 2909 452 2938 ii.
481 2919 528 2947 52.
556 2914 584 2938 ct
614 2911 753 2939 sollenne
779 2910 971 2947 sacrificium
1003 2912 1092 2937 vocat
