1934 3211
585 171 713 216 LIB.
747 170 828 212 111.
876 171 1022 213 CAP.
1057 175 1123 215 71.
1476 177 1555 215 221

161 261 365 319 quamdiu
404 261 649 302 tenuissent.
712 260 779 302 Ibi
813 275 913 302 vero
949 260 1161 317 Sulpicius
1196 275 1365 317 negare,
1404 268 1416 286 ‘
1432 278 1560 304 cunc·
1575 268 1620 300 U.
1637 268 1675 300 c.
1694 278 1765 309 309·

163 319 309 361 ‘tandi
339 327 506 374 tempus
535 333 638 368 esse,
669 319 977 359 circumventos
1006 317 1339 374 interclusosque
1377 320 1429 360 ab
1459 312 1614 361 suis’A·
1638 312 1677 343 C.
1694 320 1767 350 443·

160 376 405 425 vociferans,
429 381 441 399 ‘
456 375 501 416 ni
526 383 721 432 equestre
745 374 955 432 proelium
979 375 1142 416 connisi
1171 376 1288 416 omni
1312 376 1354 416 vi
1384 377 1562 432 perfice-

162 439 293 474 ‘rent.
356 432 451 473 Nec
475 432 620 489 fugare
649 433 837 488 equitem
864 432 1077 488 integrum
1108 432 1205 473 satis
1230 447 1345 474 esse:
1380 433 1563 474 confice-

163 495 176 514 ‘
188 498 285 531 rent
299 504 431 545 equos
447 489 655 546 virosque,
673 505 726 530 ne
749 489 843 546 quis
863 490 1134 531 reveheretur
1153 489 1252 530 inde
1270 489 1324 530 ad
1340 489 1561 546 proelium,

163 552 265 588 ‘aut
304 546 534 603 integraret
572 562 782 604 pugnam:
825 562 912 588 non
951 561 1071 603 posse
1104 546 1197 588 illos
1241 547 1432 588 resistere
1469 547 1561 596 sibi,

164 604 342 661 ‘quibus
383 603 571 646 conferta
609 605 803 661 peditum
844 603 953 645 acies
985 603 1200 645 cessisset.'
1261 603 1394 645 Haud
1426 603 1563 645 surdis

162 661 332 704 auribus
361 661 497 703 dicta:
542 661 814 718 impressione
845 676 931 702 una
960 669 1096 702 totum
1133 660 1369 717 equitatum
1398 661 1561 710 fudere,

162 733 359 774 magnam
384 719 470 759 vim
498 734 551 760 ex
577 719 697 774 equis
724 718 1063 774 praecipitavere,
1093 718 1204 774 ipsos
1231 733 1448 775 equosque
1479 718 1564 774 spi-

163 776 268 818 culis
308 776 546 817 confodere.
611 775 653 818 Is
693 776 789 816 finis
828 790 994 832 pugnae
1028 775 1233 831 equestris
1267 776 1358 816 fuit.
1423 775 1561 825 Tunc,

163 833 298 875 adorti
325 833 519 890 peditum
548 833 695 883 aciem,
717 833 889 874 nuntios
914 832 967 874 ad
991 832 1183 874 consules
1210 833 1271 873 rei
1299 841 1440 889 gestae
1466 833 1565 873 mit-

163 899 273 940 tunt,
296 891 369 932 ubi
397 891 479 931 iam
501 890 781 932 inclinabatur
805 890 988 931 hostium
1010 890 1131 931 acies.
1195 889 1386 931 Nuntius
1407 889 1563 930 deinde

163 957 207 990 et
227 948 493 989 vincentibus
515 948 720 990 Romanis
740 947 902 988 animos
923 947 1053 996 auxit,
1072 955 1114 988 et
1134 946 1364 988 referentes
1384 947 1563 1003 gradum

163 1004 344 1062 perculit
365 1005 553 1061 Aequos.
615 1004 668 1045 In
696 1005 837 1046 media
856 1005 1039 1061 primurn
1061 1004 1149 1045 acie
1171 1004 1282 1045 vinci
1303 1004 1456 1060 coepti,
1480 1019 1565 1060 qua

163 1062 390 1119 permissus
411 1063 625 1118 equitatus
653 1062 893 1103 turbaverat
918 1061 1098 1103 ordines.
1164 1060 1387 1103 Sinistrum
1409 1061 1564 1102 deinde

163 1135 297 1161 cornu
317 1120 369 1161 ab
394 1119 601 1168 Quinctio
623 1119 794 1161 consule
815 1119 917 1175 pelli
937 1127 1135 1175 coeptum
1151 1134 1162 1168 3
1195 1118 1239 1158 in
1261 1118 1412 1160 dextro
1433 1118 1565 1175 pluri-

163 1191 280 1218 mum
315 1176 467 1218 laboris
498 1177 589 1218 fuit.
652 1177 719 1218 Ibi
760 1177 962 1233 Agrippa,
995 1184 1128 1217 aetate
1159 1176 1401 1232 viribusque
1431 1176 1564 1226 ferox,

163 1249 296 1290 quum
325 1235 441 1276 omni
468 1243 587 1290 parte
612 1249 779 1290 pugnae
806 1234 956 1274 melius
982 1248 1046 1275 res
1071 1233 1173 1289 geri,
1203 1248 1331 1289 quam
1362 1233 1476 1289 apud
1505 1248 1565 1282 se,

163 1291 339 1341 videret,
369 1301 541 1347 accepta
568 1292 688 1346 signa
717 1292 768 1331 ab
798 1290 1006 1346 signiferis
1036 1290 1124 1345 ipse.
1156 1290 1325 1339 inferre,
1357 1289 1565 1346 quaedam

136 1349 300 1390 7iacere
322 1349 449 1390 etiam
471 1350 516 1389 in
537 1349 744 1390 confertos
772 1347 912 1389 hostes
933 1347 1083 1402 coepit.
1150 1345 1286 1387 Cuius
1307 1346 1565 1402 ignominiae

166 1415 283 1447 metu
315 1405 515 1447 concitati
551 1405 717 1454 milites,
752 1405 938 1445 invasere
975 1404 1163 1445 hostem:
1203 1403 1262 1443 ita
1301 1412 1481 1458 aequata
1513 1418 1567 1444 ex

165 1463 281 1504 omni
314 1472 430 1519 parte
461 1463 635 1503 victoria
665 1471 738 1503 est.
802 1461 992 1502 Nuntius
1022 1469 1112 1501 tum
1144 1474 1168 1501 a
1202 1459 1405 1508 Quinctio
1437 1461 1566 1510 venit,

166 1520 367 1561 victorem
384 1521 465 1561 iam
487 1535 530 1561 se
548 1520 768 1560 imminere
785 1519 968 1560 hostiurn
990 1517 1153 1566 castris3
1187 1516 1300 1558 nolle
1318 1518 1567 1573 irrumpere,

167 1586 394 1634 antequam
419 1578 533 1626 sciat,
564 1576 821 1618 debellatum
849 1584 893 1617 et
921 1576 966 1616 in
996 1575 1163 1616 sinistro
1194 1589 1326 1616 cornu
1355 1589 1456 1616 esse.
1523 1573 1568 1616 Si

168 1635 250 1676 iam
278 1635 454 1676 fudisset
477 1634 630 1683 hostes,
654 1633 862 1675 conferret
889 1632 943 1674 ad
968 1647 1010 1674 se
1043 1632 1173 1688 signa,
1203 1640 1250 1672 ut
1279 1631 1404 1672 simul
1431 1631 1568 1673 omnis

168 1693 377 1734 exercitus
408 1691 564 1749 praeda
597 1691 814 1748 potiretur.
877 1689 1026 1731 Victor
1059 1689 1252 1746 Agrippa
1292 1704 1388 1730 cum
1422 1698 1570 1730 mutua

197 1749 446 1792 ratulatione
468 1749 522 1790 ad
542 1749 746 1790 victorem
768 1747 972 1804 collegam
990 1756 1206 1803 castraque
1229 1746 1413 1788 hostium
1435 1747 1565 1788 venit.

167 1764 235 1848 ibi
255 1807 399 1864 paucis
419 1807 757 1856 defendentibus,
776 1815 1076 1861 momentoque
1093 1804 1207 1854 fusis,
1231 1804 1320 1845 sine
1338 1804 1567 1845 certamine

136 1864 213 1906 8in
249 1865 505 1906 munitiones
541 1864 806 1920 irrumpunt:
850 1862 1090 1919 praedaque
1128 1862 1292 1918 ingenti
1327 1870 1567 1917 compotem

169 1922 415 1972 exercitum,
441 1922 526 1963 suis
554 1922 681 1962 etiam
710 1921 833 1962 rebus
860 1919 1127 1976 recuperatiS,
1158 1934 1266 1974 quac
1290 1918 1566 1975 populatione

169 1993 365 2036 agrorum
396 1979 569 2020 amissae
601 1987 733 2027 erant,
757 1977 978 2018 reducunt.
1042 1976 1327 2031 Triumphum
1353 1990 1432 2016 nec
1458 1976 1568 2031 ipsos

171 2036 412 2092 postulasse,
445 2051 523 2076 nec
548 2034 735 2076 delatum
764 2034 813 2074 iis
843 2034 895 2074 ab
926 2041 1087 2081 senatu,
1114 2033 1298 2097 accipio:
1332 2047 1410 2073 nec
1440 2032 1568 2073 tradi-

173 2102 241 2133 tur
261 2108 384 2133 causa
404 2093 531 2148 spreti
553 2101 625 2132 aut
647 2106 732 2131 non
761 2090 914 2146 sperati
935 2089 1116 2129 honoris.
1182 2088 1218 2128 L
1249 2104 1274 2128 o
1295 2098 1502 2143 quantum
1523 2089 1567 2129 in

174 2157 291 2190 tanto
324 2148 541 2190 intervallo
573 2158 810 2204 temporum
842 2146 1032 2195 coniicio,
1066 2160 1197 2201 quum
1220 2104 1403 2185 &salerio
1439 2154 1567 2201 atquc

175 2205 354 2247 Horatio
383 2205 636 2254 consulibus,
659 2205 732 2261 qui
758 2213 924 2269 praeter
944 2202 1120 2244 Volscos
1148 2211 1190 2243 ct
1213 2202 1390 2258 Aequos
1422 2202 1566 2243 Sabini

173 2264 299 2305 ctiam
332 2264 430 2305 belli
462 2263 637 2320 perfecti
665 2262 840 2318 gloriam
862 2270 1124 2318 pepererant,
1147 2268 1324 2314 negatus
1346 2260 1397 2300 ab
1419 2269 1567 2301 senatu

174 2321 298 2362 trium
333 2321 411 2362 hus
436 2330 557 2370 esset,
581 2319 857 2361 verecundiae
884 2319 962 2359 fuit
984 2334 1059 2374 pro
1084 2326 1201 2374 parte
1224 2317 1400 2358 dimidia
1427 2332 1567 2358 rerum

172 2337 412 2420 consulibus
442 2388 584 2435 petere
616 2377 900 2433 triumphum3
940 2392 992 2417 ne
1024 2376 1164 2424 etiam,
1197 2375 1230 2415 si
1262 2375 1566 2430 impetrassent,

174 2451 229 2477 m.
273 2436 305 2476 is
326 2436 546 2477 hominnm
569 2436 685 2485 ratio,
709 2450 835 2491 quam
859 2433 1115 2483 meritorum,
1139 2432 1280 2473 habita
1302 2431 1526 2473 videretur.

220 2452 463 2535 q&ictoriam
486 2494 717 2541 honestam,
740 2508 792 2533 ex
823 2492 1010 2532 hostibus
1038 2500 1212 2547 partam,
1236 2498 1356 2545 turpe
1378 2489 1492 2530 domi
1514 2489 1567 2531 de
1652 2496 1719 2536 71,

176 2550 329 2591 finibus
355 2551 561 2592 sociorum
592 2550 793 2591 iudicium
822 2548 966 2605 populi
992 2547 1250 2589 deformavit.
1316 2547 1478 2587 Aricini
1507 2556 1569 2588 at·
1581 2550 1693 2591 Turpe
1710 2553 1755 2583 iu-

144 2632 164 2663 9
176 2623 258 2664 que
282 2607 488 2650 Ardeates
508 2608 560 2649 de
575 2608 771 2664 ambiguo
791 2622 890 2663 agro
907 2621 1038 2662 quum
1059 2621 1182 2661 saepe
1200 2603 1311 2646 bello
1327 2613 1567 2656 certassent,
1582 2594 1740 2668 ‘ffjfilss'ftde

1583 2689 1742 2710 sociorum

228 2752 244 2783 7
273 2743 376 2773 Fufius
407 2744 616 2782 iynominiac]
665 2742 795 2781 Nempe
827 2741 852 2771 ni
898 2742 1010 2780 lin-mm
1045 2741 1122 2769 satis
1152 2744 1331 2779 compotem.
1389 2738 1497 2769 Huius
1527 2739 1571 2769 lo-
1585 2723 1710 2754 ‘'mimi'‘

178 2786 294 2817 amiam
309 2791 406 2825 utque
422 2786 462 2815 nb
481 2785 623 2815 hostibus
636 2790 732 2824 captu
748 2789 854 2814 cnm-nt
898 2782 1016 2822 quemli
1042 2784 1161 2813 somme
1186 2781 1343 2812 rarissimu
1367 2786 1441 2812 sunt
1464 2792 1570 2813 exem-

179 2829 277 2867 sigim.
303 2829 444 2859 Srnorn.
900 2826 963 2865 plu.

228 2873 247 2902 8
276 2872 469 2911 Praedaque
506 2871 630 2910 iraycnei
665 2869 851 2909 compotem]
984 2869 1142 2906 Ambiyuo
1157 2868 1251 2907 aym]
1279 2868 1363 2907 Ager
1386 2865 1438 2897 hic
1462 2871 1573 2907 postea

181 2913 234 2945 Sic
261 2913 444 2952 Sallustius,
473 2923 576 2954 neque
605 2913 724 2951 animo,
754 2922 855 2952 neque
900 2878 1000 2942 trissun
1016 2909 1167 2951 Scaptiae
1183 2914 1261 2942 erat.
1307 2912 1421 2946 Quum
1442 2909 1502 2949 illi,
1518 2909 1573 2949 qui
