1934 3211
579 157 704 218 ΠΒ.
739 175 792 217 V.
843 174 990 217 CAP.
1023 181 1092 218 42.
1456 182 1539 220 333

140 266 260 317 Inde,
276 266 441 308 modico
461 265 607 307 relicto
627 265 848 322 praesidio,
863 265 937 321 (ne
959 266 1054 321 quis
1074 267 1118 306 in
1135 266 1355 323 dissipatos
1371 281 1424 308 ex
1446 283 1538 309 arce
1554 276 1598 308 U.
1615 276 1654 307 C.
1673 275 1744 315 365-

140 334 213 366 aut
247 323 459 379 Capitolio
499 323 682 379 impetus
714 322 853 377 fieret)
886 322 1035 378 dilapsi
1071 323 1125 363 ad
1165 324 1364 379 praedam
1399 325 1540 365 vacuis
1554 319 1655 391 gli?
1672 319 1745 390 38⁵7.

141 395 316 423 occursu
343 380 563 421 hominum
586 380 675 428 viis,
697 395 792 436 pars
823 380 866 420 in
888 380 1081 435 proxima
1109 396 1302 436 quaeque
1336 390 1541 422 tectorum
1555 371 1646 442 Ρῑῖῃζ
1662 370 1734 432 {1¹2

141 438 308 495 agmine
322 447 470 486 ruunt3
503 452 597 493 pars
610 437 770 486 ultima,
785 436 900 478 velut
914 451 963 477 ea
976 437 1149 478 demum
1166 438 1323 479 intacta
1336 448 1379 479 et
1392 438 1541 479 referta
1554 446 1638 476 bem.

141 495 308 553 praeda,
331 504 493 551 petunt.
557 493 664 535 Inde
696 509 837 535 rursus
867 494 957 549 ipsa
986 494 1213 536 solitudine
1245 495 1466 545 absterriti,
1489 511 1542 536 ne

141 568 227 609 qua
251 552 363 593 fraus
390 551 551 593 hostilis
578 566 704 608 vagos
732 551 958 607 exciperet,
988 553 1032 592 in
1061 552 1199 593 forum
1227 567 1274 593 ac
1306 553 1545 609 propinqua

140 610 231 651 foro
251 609 343 650 loca
355 609 594 665 conglobati
613 608 828 650 redibant:
862 609 934 649 ubi
955 623 1039 658 eos,
1054 609 1187 665 plebis
1203 609 1406 651 aedificiis
1426 610 1544 651 obse-

142 668 254 716 ratis,
287 667 528 722 patentibus
565 666 679 707 atriis
716 666 970 722 principum,
1002 667 1134 707 maior
1170 682 1301 723 prope
1332 667 1546 708 cunctatio

143 725 326 773 tenebat,
349 733 503 780 aperta,
527 738 655 779 quam
684 723 836 772 clausa,
859 723 1112 764 invadendi:
1147 724 1252 765 adeo
1283 724 1399 765 haud
1427 739 1546 765 secus

143 797 270 838 quam
326 781 614 822 venerabundi
672 781 946 821 intuebantur
1001 781 1065 821 in'
1104 781 1273 822 aedium
1330 781 1546 823 vestibulis

142 839 338 881 sedentes
358 839 481 888 viros,
499 848 665 894 praeter
677 847 873 879 ornatum
895 838 1171 894 habitumque
1193 839 1380 879 humano
1394 853 1546 895 augus-

145 897 307 945 tiorem,
329 896 544 937 maiestate
578 896 718 945 etiam,
742 910 868 951 quain
891 895 1030 936 vultus
1050 896 1314 951 gravitasque
1344 896 1426 937 oris
1446 911 1545 952 prae

145 969 188 995 se
219 954 390 1002 ferebat,
422 953 654 993 simillimos
685 953 776 993 diis.
842 952 913 992 Ad
943 968 1014 993 eos
1044 953 1160 994 velut
1190 953 1410 994 simulacra
1439 953 1545 994 versi

119 1030 129 1050 1
146 1025 278 1067 quum
307 1020 476 1057 starent,
502 1009 563 1050 M.
580 1010 772 1065 Papirius
798 1025 908 1050 unus
936 1025 989 1051 ex
1021 1010 1086 1050 his
1111 1010 1265 1051 dicitur
1293 1010 1430 1060 Gallo,
1452 1011 1546 1051 bar-

147 1069 241 1109 bam
263 1083 394 1115 suam,
428 1077 475 1108 ut
516 1076 605 1108 tum
642 1067 836 1108 omuibus
876 1067 1078 1123 promissa
1112 1076 1214 1117 erat,
1251 1067 1544 1123 permulcenti,

146 1125 333 1181 scipione
363 1125 549 1166 eburneo
571 1125 614 1164 in
637 1135 761 1179 caput
792 1124 956 1165 incusso
979 1125 1081 1165 iram
1104 1125 1279 1165 movisse
1294 1140 1304 1173 ;
1338 1133 1464 1180 atque
1493 1125 1545 1166 ab

147 1198 198 1224 eo
219 1182 387 1223 initium
409 1182 548 1223 caedis
576 1191 728 1230 ortum,
751 1191 910 1222 eeteros
936 1182 979 1221 in
1001 1182 1169 1223 sedibus
1198 1182 1282 1222 suis
1304 1182 1542 1223 trucidatos.
1686 1224 1691 1230 ,

148 1240 250 1282 Post
270 1240 508 1296 principum
532 1239 702 1280 caedem
719 1238 822 1279 nulli
837 1238 991 1280 deinde
1013 1239 1251 1280 mortalium
1274 1240 1400 1295 parci,
1419 1239 1546 1296 diripi
1559 1224 1741 1297 {f’ffif‘ffg

148 1307 272 1346 tecta,
293 1297 506 1337 exhaustis
527 1297 643 1337 iniici
664 1297 791 1350 ignes.
1559 1320 1740 1340 manorum.

209 1355 425 1398 Ceterum,
448 1369 522 1394 seu
544 1369 628 1394 non
646 1354 841 1394 omnibus
857 1353 1062 1395 delendae
1077 1354 1190 1395 urbis
1204 1354 1335 1395 libido
1357 1363 1458 1404 erat,
1474 1369 1548 1395 seu
1629 1355 1698 1392 42.

150 1413 208 1453 ita
237 1412 451 1468 placuerat
481 1411 741 1467 principibus
775 1410 1009 1460 Gallorum,
1032 1420 1075 1452 et
1105 1412 1305 1452 ostentari
1337 1411 1546 1467 quaedam

150 1469 347 1511 incendia
377 1469 543 1510 terroris
564 1483 699 1516 causa,
721 1468 754 1508 si
786 1467 980 1523 compelli
1011 1468 1064 1508 ad
1085 1468 1345 1509 deditionem
1377 1469 1547 1510 caritate

149 1527 311 1568 sedium
343 1541 509 1567 suarum
538 1525 693 1566 obsessi
724 1535 907 1581 possent,
929 1534 972 1565 et
1002 1540 1088 1565 nou
1119 1526 1261 1566 omnia
1291 1527 1548 1567 concremari

150 1593 271 1633 tecta,
294 1593 353 1632 ut,
376 1583 661 1639 quodeunque
692 1591 926 1637 superesset
957 1582 1084 1631 urbis,
1112 1582 1155 1623 id
1186 1583 1339 1638 pignus
1370 1583 1423 1624 ad
1449 1584 1549 1624 flec-

150 1641 300 1683 tendos
343 1640 527 1681 hostium
573 1640 733 1680 animos
778 1639 1009 1688 haberent3
1061 1655 1330 1695 nequaquam
1371 1640 1547 1696 perinde

150 1708 275 1754 atque
298 1699 341 1739 in
362 1707 484 1753 capta
509 1697 611 1738 urbe
637 1697 770 1753 prima
792 1696 860 1738 die
889 1706 962 1737 aut
990 1697 1143 1753 passim
1172 1706 1245 1738 aut
1273 1697 1354 1738 late
1376 1706 1549 1754 vagatus

119 1766 212 1801 2est
245 1756 364 1811 ignis.
430 1755 626 1803 Romani,
653 1769 706 1795 ex
735 1769 828 1795 arce
861 1754 1030 1810 plenam
1063 1754 1247 1795 hostium
1282 1756 1429 1796 urbem
1460 1770 1550 1796 cer-

150 1821 311 1862 nenteS,
337 1827 546 1868 vagosque
574 1827 650 1868 per
676 1812 763 1852 vias
791 1826 937 1853 omnes
964 1826 1121 1861 cursus,
1151 1827 1283 1868 quum
1312 1812 1392 1853 alia
1422 1821 1548 1868 atque

119 1870 231 1917 3alia
249 1879 366 1926 parte
393 1885 501 1911 nova
525 1869 666 1925 aliqua
692 1869 830 1911 clades
859 1870 1050 1919 oriretur,
1073 1885 1159 1910 non
1182 1870 1394 1911 mentibus
1415 1870 1549 1911 solum

150 1928 385 1984 concipere,
403 1927 476 1968 sed
494 1942 546 1968 ne
564 1927 732 1967 auribus
748 1926 920 1982 quidem
939 1936 1065 1982 atque
1088 1927 1220 1968 oeulis
1241 1927 1338 1968 satis
1360 1936 1549 1968 constare

150 1994 355 2041 poterant.
421 1984 691 2039 Quocunque
723 1984 878 2024 clamor
910 1983 1106 2029 hostium,
1141 1984 1364 2025 mulierum
1398 2000 1551 2040 puero-

151 2057 330 2097 rumque
358 2040 555 2097 ploratus,
584 2041 744 2080 sonitus
775 2041 979 2088 flammae,
1006 2049 1047 2080 et
1078 2041 1216 2093 fragor
1245 2041 1456 2082 ruentium
1490 2051 1551 2082 te—

121 2109 316 2149 4ctorum
348 2098 603 2145 advertisset,
631 2107 832 2152 paventes
862 2096 915 2136 ad
946 2097 1099 2145 onmia,
1130 2097 1290 2137 animos
1321 2113 1476 2153 oraque
1508 2109 1549 2139 et

153 2155 296 2197 oculos
331 2155 568 2202 flectebant,
606 2154 720 2194 velut
755 2153 808 2194 ad
844 2153 1128 2209 spectaculum
1166 2169 1189 2194 a
1224 2154 1391 2194 fortuna
1426 2155 1549 2210 positi

154 2212 384 2254 occidentis
417 2211 586 2267 patriae,
613 2226 690 2252 nec
724 2211 848 2251 ullius
882 2225 1018 2251 rerum
1052 2226 1219 2251 suarum
1255 2211 1401 2259 relicti,
1431 2227 1550 2267 prae—

155 2280 345 2326 terquam
379 2283 613 2324 corporum,
646 2268 857 2309 vindices:
905 2277 1021 2309 tanto
1055 2278 1151 2308 ante
1186 2268 1287 2308 alios
1325 2269 1548 2310 miserandi

154 2343 297 2383 magis,
320 2327 393 2383 qui
425 2341 611 2382 unquam
644 2326 798 2366 obsessi
830 2335 940 2373 suut,
970 2325 1084 2381 quod
1119 2325 1331 2366 interclusi
1363 2341 1387 2366 a
1418 2327 1551 2382 patria

202 2461 210 2481 Ι
241 2453 289 2481 M.
308 2451 483 2490 Papirius]
514 2450 611 2480 llum·
632 2449 661 2478 in
685 2449 827 2478 sncordo-
873 2448 1011 2479 Codices
1035 2449 1213 2487 concipere.
1237 2448 1291 2477 sod
1320 2449 1485 2487 consipere
1511 2458 1550 2478 ex

155 2498 223 2523 tum
249 2503 382 2523 numero
403 2493 498 2522 suim-
524 2496 615 2531 putat
638 2491 771 2521 Niehhr.
797 2491 827 2521 il.
873 2490 1100 2520 enwndatione
1135 2490 1234 2528 Lipsii
1270 2490 1370 2520 Uruk.
1398 2495 1429 2520 et
1457 2491 1551 2520 (ἴτον.

156 2545 186 2565 n.
205 2544 292 2573 ¹²05.
307 2540 341 2564 ut
355 2535 445 2565 cuiun
459 2545 574 2564 nomen
591 2535 620 2564 in
637 2535 719 2564 Vtut.
731 2535 828 2563 cons.
876 2539 1098 2572 reposuerunt,
1111 2538 1143 2562 et
1161 2532 1298 2562 nokkor.
1312 2532 1452 2562 retinuit.
1491 2532 1551 2563 Mi-

156 2587 312 2615 nunquum
330 2577 476 2607 occurrit.
877 2576 906 2605 hi
921 2575 1050 2614 quidem
1067 2575 1165 2612 magis
1177 2575 1294 2604 arridet
1309 2577 1484 2613 consipere,
1495 2575 1513 2605 i.
1525 2585 1552 2605 e.

201 2629 216 2649 2
244 2620 446 2653 ltnuimn',e.r
461 2630 535 2649 arec
549 2620 677 2658 plenum
695 2619 830 2648 hostium
878 2628 939 2647 non
972 2618 1074 2647 wluin
1109 2617 1264 2646 mentium
1294 2622 1460 2655 compotes
1489 2627 1552 2647 nnn

150 2663 263 2691 «urbem
283 2663 464 2699 cernentem}
491 2662 530 2690 cs.
552 2661 699 2690 Eximius
716 2661 771 2690 ille
790 2662 830 2690 lo-
877 2671 957 2694 ense,
973 2661 1026 2689 ⁸011
1052 2670 1090 2689 ne
1109 2670 1201 2689 aures
1217 2659 1347 2697 quidem
1365 2664 1463 2698 utque
1479 2670 1552 2690 ocu-

157 2715 213 2734 cm«
237 2704 266 2733 in
295 2703 357 2733 vitu
385 2703 563 2733 licum-unt.
584 2702 704 2733 wollini
728 2703 745 2733 i.
772 2712 797 2741 7.
814 2714 833 2732 n
880 2703 926 2732 los
949 2702 1023 2731 natis
1040 2702 1215 2734 cominu-rc.
1232 2713 1273 2732 nc.
1298 2702 1338 2731 ud
1364 2702 1441 2732 tulin
1465 2702 1553 2732 nudi-

157 2747 262 2786 seipso
283 2746 395 2776 lutlice
414 2745 543 2784 scripta.
560 2745 612 2774 ubi
637 2755 674 2774 ex
700 2746 834 2774 eum-11«,
879 2745 961 2774 endu
979 2750 1009 2773 vt
1031 2744 1175 2774 »iat-ndu.

158 2790 188 2820 S.
210 2788 321 2825 Anat-li
345 2788 494 2817 vit-torem
519 2788 689 2817 Gallorum
715 2787 832 2816 exerci-
929 2799 945 2824 ⁴
977 2787 1190 2824 fidvor-linet]
1235 2786 1284 2816 ltn
1310 2796 1365 2825 pro
1389 2788 1554 2817 aver-tissa

158 2836 226 2861 tum
259 2841 315 2870 per
344 2831 481 2860 Romam
509 2835 705 2866 grnwnntem
734 2829 834 2859 oculi„
879 2839 917 2858 ex
940 2829 1066 2858 emend.
1085 2829 1227 2859 Gronov.
1250 2829 1390 2868 reposuit
1415 2829 1554 2860 Bekker.

160 2874 330 2913 perlustrat
348 2873 504 2903 Collinum.
883 2871 1012 2910 Nempe
1024 2872 1136 2901 oculo»
1151 2876 1182 2902 et
1200 2877 1343 2902 mentem
1358 2870 1555 2903 advocans-et.

203 2926 219 2954 3
246 2918 319 2945 Nan
345 2916 501 2945 mentibus
525 2915 624 2944 mlum
650 2915 832 2953 concipere}
