1934 3211
371 198 424 235 38
886 195 1033 237 ΤῘΤΙ
1074 194 1253 236 LIVII

429 284 559 326 Haud
587 285 645 326 ita
672 285 804 326 multo
832 294 925 342 post
955 286 1193 342 pestilentia
1222 285 1453 326 laboratum
1489 292 1562 325 est.
1627 281 1753 324 Unde

370 358 501 399 quum
531 343 698 399 pigritia
732 342 938 384 militandi
974 344 1176 392 oriretur3
1220 342 1336 384 nulla
1370 350 1511 383 tamen
1547 341 1598 382 ab
1633 339 1756 381 armis

370 400 489 457 quies
517 401 693 441 dabatur
720 402 771 442 ab
798 400 995 443 bellicoso
1026 416 1137 458 rege,
1159 400 1385 441 salubriora
1412 400 1537 441 etiam
1558 397 1756 440 credente

370 458 556 508 militiae,
590 473 716 514 quam
748 458 875 509 domi,
911 459 1111 500 iuvenum
1143 472 1315 514 corpora
1349 472 1462 498 esse:
1501 456 1636 497 donec
1667 455 1755 512 ipse

154 531 243 562 Tulli
259 542 339 562 mor·
370 531 538 572 quoque
559 516 790 572 longinquo
818 517 963 558 morbo
984 525 1046 557 est
1066 516 1303 572 implicitus.
1366 514 1490 555 Tunc
1512 513 1617 554 adeo
1637 511 1756 554 fracti

152 575 356 607 busetmors.
370 574 494 615 simul
523 589 619 615 cum
645 588 815 630 corpore
843 583 941 615 sunt
971 574 1136 630 spiritus
1168 573 1228 613 illi
1257 573 1427 621 feroces,
1457 580 1515 622 ut,
1548 570 1621 627 qui
1650 568 1758 610 nihil

370 641 466 673 ante
502 640 614 673 ratus
649 640 756 673 esset
791 632 928 673 minus
963 632 1136 688 regium,
1169 645 1294 687 quam
1325 630 1449 670 sacris
1479 629 1632 671 dedere
1668 625 1759 668 ani-

370 704 499 740 mum,
528 697 701 746 repente
730 690 922 730 omnibus
955 689 1114 745 magnis
1144 688 1363 745 parvisque
1395 684 1758 743 superstitionibus

371 746 576 788 obnoxius
597 747 781 803 degeret,
804 746 1158 803 religionibusque
1180 746 1306 787 etiam
1326 745 1529 801 populum
1550 741 1755 798 impleret.

370 804 511 862 Vulgo
539 805 622 846 iam
657 805 860 853 homines,
892 819 989 845 eum
1021 812 1175 845 statum
1210 818 1362 853 rerum,
1395 802 1468 858 qui
1502 802 1578 843 sub
1615 799 1759 841 Numa

370 877 468 919 rege
508 862 655 911 fuerat,
696 862 969 918 requirentes,
1011 877 1138 902 unam
1182 876 1305 918 opem
1345 860 1478 916 aegris
1517 857 1759 915 corporibus

370 920 569 969 relictam,
592 919 626 960 si
646 934 729 975 pax
747 920 949 975 veniaque
971 919 1022 960 ab
1044 919 1123 960 diis
1139 919 1359 975 impetrata
1374 926 1493 967 esset,
1516 915 1756 958 credebant.

370 976 515 1033 Ipsum
550 992 703 1033 regem,
737 977 920 1027 tradunt,
952 976 1189 1018 volventem
1224 975 1544 1019 commentarios
1575 973 1758 1022 Numae,

370 1050 501 1090 quum
532 1034 590 1076 ibi
625 1034 832 1090 quaedam
863 1034 1026 1076 occulta
1049 1033 1253 1076 sollennia
1281 1033 1482 1075 sacrificia
1505 1032 1597 1074 Iovi
1623 1029 1758 1072 Elicio

368 1093 477 1134 facta
505 1092 743 1142 invenisset,
766 1101 982 1148 operatum
1006 1091 1071 1132 his
1098 1091 1221 1133 sacris
1250 1107 1293 1133 se
1315 1091 1544 1133 abdidisse:
1577 1089 1652 1131 sed
1672 1102 1758 1129 non

369 1150 447 1191 rite
468 1150 620 1191 initum
641 1158 713 1190 aut
733 1158 923 1191 curatum
944 1148 988 1189 id
1009 1163 1171 1189 sacrum
1191 1165 1279 1191 esse
1296 1165 1306 1198 3
1339 1163 1418 1189 nec
1438 1148 1573 1189 solum
1600 1145 1758 1188 nullam

369 1209 409 1250 ei
431 1207 610 1248 oblatam
627 1207 869 1249 coelestium
890 1206 1084 1263 speciem,
1101 1206 1176 1248 sed
1191 1207 1253 1248 ira
1264 1206 1386 1255 Iovis,
1404 1205 1613 1247 sollicitati
1632 1218 1760 1260 prava

369 1265 583 1321 religione,
611 1264 787 1306 fulmine
818 1265 948 1305 ictum
980 1279 1076 1305 cum
1107 1264 1232 1306 domo
1263 1263 1547 1319 conflagrasse.
1609 1261 1759 1303 Tullus

369 1338 520 1379 magna
539 1322 671 1379 gloria
690 1322 789 1364 belli
810 1321 998 1379 regnavit
1019 1337 1150 1363 annos
1170 1322 1275 1363 duos
1295 1329 1338 1363 et
1358 1320 1539 1377 triginta.

221 1393 287 1431 32,
426 1380 600 1422 Mortuo
631 1379 771 1430 Tullo,
806 1395 882 1429 res,
924 1388 972 1420 ut
1011 1379 1250 1421 institutum
1292 1379 1375 1420 iam
1410 1378 1509 1419 inde
1545 1378 1597 1419 ab
1637 1376 1759 1418 initio

152 1448 196 1479 U.
213 1448 251 1480 C.
272 1458 339 1487 114.
367 1448 468 1489 erat,
497 1438 552 1480 ad
579 1438 725 1479 Patres
752 1437 953 1479 redierat:
989 1436 1118 1492 hique
1146 1438 1398 1493 interregem
1428 1436 1756 1477 nominaverant.

151 1492 190 1564 2·
214 1489 339 1564 031}ss-
371 1496 469 1545 Quo
505 1496 674 1537 comitia
712 1495 907 1545 habente,
945 1495 1115 1536 Ancum
1157 1495 1367 1536 Marcium
1401 1509 1544 1550 regem
1579 1491 1759 1549 populus

151 1543 289 1606 cjssffisgx
308 1543 355 1563 ar·
367 1554 546 1595 creavit:
595 1553 741 1594 Patres
780 1553 895 1594 fuere
939 1560 1136 1594 auctores.
1201 1552 1367 1593 Numae
1410 1550 1609 1607 Pompilii
1649 1549 1791 1606 regis8

150 1619 282 1650 electus.
367 1627 510 1668 nepos,
552 1610 638 1652 filia
677 1619 802 1660 ortus,
845 1610 992 1651 Ancus
1033 1609 1219 1652 Marcius
1258 1618 1356 1651 erat.
1438 1608 1537 1658 Qui,
1578 1615 1626 1649 ut
1664 1622 1759 1664 reg—

367 1685 467 1711 nare
498 1669 650 1725 coepit,
684 1676 728 1710 et
763 1668 894 1709 avitae
929 1667 1085 1724 gloriae
1114 1682 1286 1717 memor,
1316 1675 1358 1708 et
1386 1665 1485 1722 quia
1518 1665 1757 1722 proximum

368 1742 557 1784 regnum,
594 1735 733 1768 cetera
767 1726 994 1782 egregium,
1027 1726 1078 1766 ab
1114 1740 1199 1767 una
1227 1733 1342 1781 parte
1373 1723 1486 1765 haud
1516 1723 1613 1764 satis
1641 1737 1758 1780 pros-

368 1800 516 1841 perum
546 1785 692 1834 fuerat,
714 1792 787 1825 aut
813 1783 1014 1840 neglectis
1044 1783 1325 1840 religionibus,
1355 1790 1427 1823 aut
1455 1796 1581 1837 prave
1610 1780 1755 1830 cultis3

152 1855 249 1886 Sacra
265 1855 324 1886 rite
368 1843 491 1899 longe
533 1842 867 1898 antiquissimum
906 1849 1031 1891 ratus,
1068 1856 1183 1882 sacra
1220 1840 1398 1897 publica,
1435 1848 1482 1880 ut
1521 1839 1572 1880 ab
1614 1838 1759 1880 Numa

152 1898 288 1928 colenda
303 1909 355 1929 cu·
368 1900 559 1941 instituta
593 1909 724 1949 erant,
760 1900 922 1948 facere3
960 1899 1100 1941 omnia
1134 1913 1184 1940 ea
1217 1913 1271 1939 ex
1306 1896 1615 1939 commentariis
1650 1896 1758 1952 regis

151 1945 208 1971 rat.
367 1958 611 2014 pontificem
647 1957 691 1998 in
726 1957 866 1998 album
905 1957 1045 2006 relata,
1079 1971 1311 2013 proponere
1347 1956 1391 1996 in
1422 1953 1592 2011 publico
1626 1954 1755 1995 iubet.

369 2015 475 2056 Inde
511 2024 553 2056 et
585 2015 743 2056 civibus
778 2015 852 2056 otii
882 2015 1058 2071 cupidiS,
1091 2022 1133 2055 et
1167 2013 1357 2054 finitimis
1387 2011 1622 2053 civitatibus
1650 2011 1759 2052 facta

368 2088 474 2129 spes,
496 2073 540 2114 in
562 2073 626 2114 avi
654 2088 789 2114 mores
809 2081 934 2128 atque
956 2072 1147 2113 instituta
1172 2085 1313 2127 regem
1341 2070 1561 2111 abiturum.
1623 2068 1759 2125 Igitur

370 2131 524 2181 Latini,
547 2145 643 2172 cum
665 2130 828 2186 quibus,
847 2129 973 2171 Tullo
994 2137 1209 2186 regnante,
1231 2129 1360 2170 ictum
1381 2127 1528 2169 foedus
1549 2134 1648 2177 erat,
1670 2141 1758 2167 sus-

369 2188 551 2230 tulerant
566 2189 743 2229 animos:
777 2196 830 2237 et,
849 2203 981 2244 quum
996 2187 1276 2229 incursionem
1293 2186 1338 2226 in
1354 2199 1499 2242 agrum
1516 2184 1757 2226 Romanum

368 2246 575 2296 fecissent,
616 2246 901 2302 repetentibus
940 2260 1005 2286 res
1054 2245 1256 2286 Romanis
1296 2244 1472 2299 superbe
1511 2256 1758 2299 responsum

368 2303 574 2353 reddunt;
612 2303 800 2344 desidem
833 2303 1073 2344 Romanum
1103 2317 1245 2358 regern
1275 2301 1386 2342 inter
1415 2299 1564 2341 sacella
1595 2307 1639 2341 et
1668 2314 1757 2340 aras

368 2369 558 2402 acturum
574 2376 662 2402 esse
679 2375 855 2416 regnum
871 2360 959 2401 rati.
1013 2359 1208 2400 Medium
1222 2366 1310 2399 erat
1326 2358 1370 2398 in
1387 2357 1510 2398 Anco
1526 2357 1755 2412 ingenium,

369 2428 412 2460 et
443 2418 623 2468 Numae,
653 2426 696 2459 et
729 2417 900 2459 Romuli
933 2432 1118 2458 memor:
1152 2425 1206 2466 et,
1229 2424 1519 2472 praeterquam
1547 2413 1662 2469 quod
1691 2413 1756 2454 avi

370 2491 499 2533 regno
526 2476 657 2532 magis
687 2475 960 2516 necessariam
989 2474 1112 2515 fuisse
1141 2488 1286 2530 pacem
1315 2472 1523 2521 credebat,
1550 2486 1681 2528 quum
1711 2471 1755 2512 in

371 2549 492 2584 novo,
511 2542 600 2575 tum
620 2533 747 2574 feroci
768 2531 942 2589 populo;
975 2532 1113 2581 etiam,
1136 2530 1251 2587 quod
1271 2530 1331 2571 illi
1347 2529 1588 2586 contigisset
1609 2528 1754 2578 otium,

371 2592 459 2633 sine
481 2591 633 2632 iniuria
652 2590 696 2631 id
711 2605 754 2632 se
770 2589 884 2631 haud
903 2588 1023 2630 facile
1044 2588 1306 2630 habiturum:
1340 2587 1491 2628 tentari
1510 2586 1754 2642 patientiam

372 2658 414 2689 et
433 2657 636 2690 tentatam
657 2647 896 2689 contemni:
930 2655 1201 2703 temporaque
1223 2660 1310 2686 esse
1332 2643 1458 2685 Tullo
1473 2644 1561 2700 regi
1582 2644 1754 2700 aptiora,

373 2720 497 2761 quam
515 2706 694 2747 Numae.
739 2705 800 2746 Ut
812 2714 966 2754 tamen,
984 2704 1182 2761 quoniam
1200 2702 1344 2743 Numa
1358 2702 1401 2743 in
1417 2717 1519 2758 pace
1535 2701 1756 2758 religiones

371 2763 628 2813 instituisset,
664 2779 689 2804 a
727 2778 770 2804 se
810 2761 983 2804 bellicae
1019 2760 1293 2803 caerimoniae
1333 2760 1635 2816 proderentur3
1677 2773 1755 2800 nec

415 2909 434 2938 8
456 2908 572 2948 Regem
585 2909 723 2947 populus
737 2909 874 2946 creavit]
900 2909 920 2923 “
933 2908 1005 2938 Rex
1022 2918 1042 2937 a
1084 2906 1225 2947 itemque
1241 2907 1280 2937 de
1299 2905 1432 2946 imperio
1455 2915 1512 2936 suo
1532 2905 1633 2944 legem
1654 2901 1753 2933 curia-

374 2951 494 2990 populo
508 2954 555 2980 est
567 2950 675 2980 Ancus
686 2950 826 2980 Marcius
839 2950 1040 2987 constitutus,
1085 2953 1150 2980 tam
1167 2949 1275 2980 tulit.”
1299 2949 1366 2980 Cic.
1383 2948 1423 2978 de
1441 2948 1524 2986 Rep.
1541 2946 1571 2976 ii.
1594 2946 1639 2976 18.
