1934 3211
562 198 688 240 LIB.
728 197 761 239 Ι.
804 197 951 239 CAP.
990 203 1058 241 49.
1453 204 1506 245 57

123 289 230 331 malo
277 289 397 345 regni
440 288 647 344 principio
690 287 846 329 similes
884 288 1130 344 propediem
1175 290 1314 330 exitus
1359 305 1510 347 seque-

122 355 276 388 rentur.

179 403 266 445 Ser.
300 402 467 445 Tullius
505 403 696 460 regnavit
734 418 866 444 annos
905 412 1104 459 quattuor
1142 411 1186 445 et
1220 404 1508 460 quadraginta,
1524 416 1623 448 Servii
1640 417 1718 448 laus.

119 461 177 503 ita
210 469 257 502 ut
287 461 399 502 bono
431 461 556 502 etiam
593 460 892 517 moderatoque
933 461 1176 502 succedenti
1210 462 1300 518 regi
1333 462 1512 503 difficilis

119 518 343 560 aemulatio
372 527 492 560 esset.
557 517 759 560 Ceterum
785 518 829 559 id
851 533 1019 574 quoque
1042 519 1096 560 ad
1125 519 1300 576 gloriam
1326 520 1511 569 accessit,

119 575 235 632 quod
250 591 347 618 cum
368 575 439 617 illo
455 576 576 617 simul
600 576 707 617 iusta
723 591 769 618 ac
785 575 972 633 legitima
992 591 1121 633 regna
1141 577 1398 618 occiderunt.
1461 577 1513 618 Id

118 633 257 690 ipsum
278 643 363 675 tam
391 634 492 675 mite
513 649 561 675 ac
586 643 671 675 tam
696 634 959 675 moderatum
984 634 1208 691 imperium
1237 643 1391 685 tamen,
1415 635 1515 691 quia

89 691 245 732 3unius
284 699 404 741 esset,
441 691 654 748 deponere
696 707 794 733 eum
834 691 879 732 in
919 692 1059 734 animo
1094 692 1302 743 habuisse,
1339 693 1512 749 quidam

119 757 308 791 auctores
328 757 451 799 sunt3
484 750 529 790 ni
550 749 683 791 scelus
705 749 950 791 intestinum
972 749 1211 792 liberandae
1232 751 1391 808 patriae
1414 766 1514 792 con-

118 805 211 848 silia
230 807 404 864 agitanti
425 807 727 849 intervenisset.

87 878 108 906 4
176 863 283 906 Inde
314 864 364 906 L.
395 864 653 921 Tarquinius
677 880 850 922 regnare
883 865 1059 922 occepit,
1094 866 1162 907 cui
1196 865 1386 923 Superbo
1416 881 1513 922 eog-
1594 866 1665 905 49.

117 936 274 964 nomen
313 922 422 964 facta
461 922 721 973 indiderunt,
763 923 862 979 quia
900 938 1090 964 socerum
1130 939 1260 980 gener
1299 923 1513 981 sepultura
1528 920 1571 952 U·
1589 921 1627 952 C.
1646 931 1718 952 ²²0·

117 979 344 1036 prohibuit,
364 986 376 1004 ‘
393 980 623 1022 Romulum
641 996 810 1037 quoque
831 980 1087 1037 insepultum
1108 982 1275 1038 perisse’
1296 982 1508 1023 dictitans:
1526 964 1721 1046 iirssfflssffiss

118 1037 320 1094 primores
350 1038 536 1088 Patrum,
559 1054 664 1095 quos
688 1037 819 1080 Servii
840 1039 963 1080 rebus
983 1039 1129 1081 favisse
1151 1039 1362 1090 credebat,
1385 1040 1512 1081 inter-
1525 1050 1688 1089 Superbus

118 1095 240 1137 fecit:
263 1096 454 1138 conscius
475 1096 642 1146 deinde,
665 1096 773 1137 male
795 1097 1024 1152 quaerendi
1046 1098 1164 1153 regni
1190 1098 1241 1139 ab
1263 1113 1306 1139 se
1328 1098 1418 1154 ipso
1438 1097 1512 1138 ad·
1526 1096 1648 1133 regnat.

118 1168 260 1196 versus
298 1169 341 1196 se
377 1154 619 1211 exemplum
652 1154 743 1210 capi
778 1169 911 1210 posse,
948 1155 1115 1196 armatis
1150 1170 1300 1212 corpus
1335 1156 1514 1197 circum-

118 1212 283 1268 saepsit.
347 1211 501 1268 Neque
533 1212 647 1253 enim
675 1211 729 1252 ad
756 1212 820 1253 ius
844 1213 961 1267 regni
986 1213 1212 1269 quicquam
1240 1222 1405 1269 praeter
1428 1213 1513 1254 vim

119 1268 328 1319 habebat3
372 1279 418 1311 ut
459 1270 531 1325 qui
573 1285 712 1325 neque
752 1270 897 1326 populi
934 1270 1060 1320 iussu,
1097 1286 1235 1326 neque
1277 1271 1516 1313 auctoribus

121 1325 316 1368 Patribus
351 1337 554 1384 regnaret.
620 1326 682 1368 Eo
719 1327 956 1377 accedebat,
992 1336 1039 1368 ut
1074 1328 1119 1368 in
1155 1329 1327 1369 caritate
1361 1329 1515 1370 civium

120 1383 226 1424 nihil
251 1386 338 1441 spei
364 1385 583 1442 reponenti
616 1394 731 1426 metu
761 1400 938 1441 regnum
970 1385 1193 1426 tutandum
1224 1394 1354 1427 esset:
1388 1401 1515 1442 quem
1531 1401 1624 1431 Metu
1641 1411 1705 1440 reg-

121 1450 169 1483 ut
200 1441 389 1498 pluribus
425 1443 645 1491 incuteret,
679 1442 941 1498 cognitiones
977 1442 1218 1499 capitalium
1251 1458 1390 1484 rerum
1427 1444 1516 1484 sine
1530 1444 1735 1474 numfirmat.

121 1499 302 1541 consiliis
330 1516 405 1557 per
425 1516 468 1541 se
496 1499 607 1541 solus
634 1500 880 1541 exercebat:
914 1515 1073 1556 perque
1096 1515 1187 1542 eam
1216 1516 1383 1542 eausam
1408 1502 1517 1543 oeci-

120 1557 234 1607 dere,
268 1558 312 1598 in
344 1557 537 1599 exsilium
570 1572 706 1613 agere,
745 1558 867 1598 bonis
900 1557 1076 1599 multare
1143 1567 1277 1599 oterat
1307 1574 1393 1600 non
1430 1574 1518 1600 sus-

121 1624 262 1671 pectos
284 1615 409 1657 modo
431 1624 501 1656 aut
524 1614 688 1664 invisos,
712 1615 785 1656 sed
814 1615 926 1657 unde
956 1615 1063 1656 nihil
1090 1573 1216 1667 aliud,
1240 1632 1366 1672 quam
1398 1632 1518 1673 prae-

119 1671 229 1722 dam,
261 1688 426 1730 sperare
455 1681 606 1729 posset.
671 1672 736 1714 Ita
768 1673 943 1714 Patrum
973 1674 1197 1730 praecipue
1231 1689 1407 1716 numero
1440 1675 1517 1716 im-

119 1730 296 1781 minuto,
334 1731 478 1773 statuit
509 1730 645 1772 nullos
675 1731 719 1771 in
748 1730 894 1773 Patres
924 1731 1087 1788 legere3
1122 1747 1206 1788 quo
1237 1733 1518 1789 contemptior

118 1788 326 1844 paucitate
349 1789 438 1846 ipsa
457 1788 560 1830 ordo
587 1798 709 1839 esset,
735 1789 960 1845 minusque
987 1805 1064 1846 per
1084 1805 1126 1831 se
1148 1790 1255 1831 nihil
1283 1790 1349 1846 agi
1378 1790 1518 1847 indig-

89 1855 328 1888 snarentur.
392 1846 477 1888 Hic
510 1847 622 1887 enim
656 1862 802 1902 regum
835 1847 994 1903 primus
1030 1847 1228 1889 traditum
1259 1864 1283 1889 a
1310 1849 1517 1904 prioribus

119 1918 278 1946 morem
306 1904 359 1946 de
385 1904 580 1946 omnibus
611 1915 802 1946 senatum
827 1905 1074 1946 consulendi
1102 1905 1247 1947 solvit:
1278 1906 1518 1948 domesticis

117 1962 299 2004 consiliis
312 1962 615 2020 rempublicam
629 1962 950 2004 administravit:
975 1963 1144 2013 bellum,
1160 1979 1319 2020 pacem,
1334 1964 1515 2015 foedera,

118 2020 337 2062 societates
357 2036 433 2077 per
452 2036 494 2061 se
518 2021 619 2077 ipsc,
649 2035 744 2062 cum
767 2021 919 2076 quibus
939 2021 1083 2071 voluit,
1114 2022 1272 2062 iniussu
1293 2021 1437 2078 populi
1469 2037 1516 2064 ac

118 2087 299 2127 senatus,
321 2078 420 2120 feeit
439 2078 706 2134 diremitque.
770 2078 1016 2119 Latinorum
1042 2079 1118 2120 sibi
1142 2079 1322 2121 maxime
1344 2089 1514 2134 gentem
1531 2096 1662 2127 Latinos
1677 2097 1736 2127 sibi

119 2135 380 2186 conciliabat,
410 2145 456 2177 ut
486 2136 716 2192 peregrinis
745 2151 913 2192 quoque
940 2137 1090 2192 opibus
1120 2137 1248 2178 tutior
1276 2137 1386 2178 inter
1406 2137 1515 2179 cives
1529 2139 1687 2170 conciliat.

118 2202 244 2234 esset:
280 2209 419 2250 neque
453 2193 632 2249 hospitia
663 2193 792 2234 modo
827 2209 922 2234 cum
958 2194 1212 2250 primoribus
1252 2210 1410 2244 eorum,
1442 2195 1514 2236 sed

119 2251 340 2293 affinitates
361 2267 543 2308 quoque,
568 2252 777 2307 iungebat.
842 2251 1018 2293 Octavio
1042 2251 1234 2293 Mamilio
1260 2252 1514 2303 Tusculano,

119 2309 173 2363 (is
194 2309 317 2366 longe
346 2310 540 2366 princeps
563 2309 703 2351 Latini
733 2309 914 2349 nominis
942 2319 1041 2356 erat,
1068 2310 1101 2350 si
1133 2310 1265 2351 firmae
1294 2310 1515 2360 eredimus,

88 2367 171 2408 6ab
205 2367 332 2409 Ulixe
360 2367 524 2424 deaque
556 2367 680 2408 Circe
709 2367 931 2422 oriundus)
961 2368 998 2408 ei
1028 2367 1220 2408 Mamilio
1253 2367 1378 2408 filiam
1408 2383 1517 2425 nup-

163 2505 181 2536 3
204 2497 389 2538 Deponere]
418 2497 494 2528 lluc
520 2503 665 2537 spectare
703 2502 796 2538 putat

123 2538 269 2575 Niebhr.,
281 2541 365 2579 quod
387 2540 427 2571 de
449 2539 686 2570 commentariis
709 2542 795 2571 Serv.

121 2580 222 2612 Tullii
236 2582 306 2613 infr.
319 2581 370 2614 60.
385 2583 535 2621 legimmu
550 2583 683 2618 scilicet,
696 2584 795 2613 conni-

123 2624 200 2654 lium
225 2625 331 2655 iniiune
347 2626 491 2656 Servium
511 2626 678 2666 imperium
698 2627 792 2665 ‹lepo-

123 2667 218 2698 nendi
235 2672 266 2697 et
283 2669 486 2707 permittendi
506 2669 638 2708 populo,
655 2673 689 2698 nt
707 2679 795 2708 prae-

123 2714 206 2740 toreu
227 2710 307 2740 ‹lnon
328 2711 358 2740 in
375 2711 516 2748 singulo„
531 2721 632 2741 numm
648 2717 779 2741 crearet.

164 2765 181 2791 4
199 2753 601 2793 (ῙηὶδηρσνὺοῙ,ςιφονὸιω
615 2754 697 2784 idem
715 2764 797 2793 pror-

120 2806 175 2825 sus
199 2795 356 2825 interdum
377 2796 472 2830 valet,
488 2797 572 2835 qnod
595 2797 634 2825 ab
650 2797 797 2826 humaui-

123 2843 186 2869 mec
210 2839 392 2869 mmmm-m.
442 2838 604 2875 Virgilium,
620 2850 683 2877 quo
705 2849 799 2869 nemo

124 2881 349 2921 proprietatem
371 2880 474 2911 Latini
491 2881 645 2910 wrmnniu
657 2885 711 2911 nut
726 2892 794 2918 eog-

124 2924 211 2954 novit
234 2924 425 2957 accuratius.
448 2929 500 2953 unt
527 2924 673 2955 servm-n,
696 2924 742 2952 his
766 2924 794 2953 in

126 2968 203 2998 Aen.
224 2967 284 2997 viii.
304 2967 362 2996 hm·
385 2976 499 2996 nomen
521 2978 571 3000 vo,
591 2977 685 3004 «μη-ιη
711 2967 791 2996 votur

841 2508 923 2533 mus,
945 2508 1038 2528 sensu
1056 2498 1231 2538 {imin-pavit.
1277 2500 1362 2536 Quos
1378 2500 1426 2529 im·
1439 2500 1517 2530 hello

840 2542 993 2580 ynosuyos
1037 2552 1128 2580 were
1171 2542 1316 2581 superba.
1353 2545 1385 2572 et
1427 2543 1516 2572 Fori-

841 2585 961 2624 bnsqm·
976 2585 1074 2621 nffisa
1091 2585 1246 2623 superbis.
1272 2586 1377 2615 (Ὶικν.

883 2636 900 2664 5
926 2628 990 2656 llic
1011 2628 1112 2663 enim]
1150 2627 1245 2657 l’luru
1272 2626 1322 2656 hic
1351 2626 1518 2663 invem-rin,

839 2679 921 2707 quae
950 2668 1078 2699 Aristot.
1108 2669 1138 2698 in
1172 2670 1238 2699 1¹01.
1269 2680 1296 2700 v.
1326 2680 1355 2710 9.
1386 2675 1417 2699 et
1447 2670 1516 2700 Mn-

840 2711 1029 2741 ehinvelliun
1063 2711 1152 2741 illum
1185 2717 1347 2742 auctorem
1379 2717 1517 2747 wcutus,

844 2754 1030 2793 tyrannulos
1056 2754 1230 2784 firmandae
1259 2762 1429 2795 praecepta
1452 2755 1516 2785 edi-

843 2797 968 2827 derunt.
1016 2797 1176 2835 Aequales
1198 2797 1307 2828 habuit
1325 2797 1518 2837 Tarquinius

843 2843 996 2878 tyrannos
1026 2839 1223 2870 l'inintmtum
1249 2841 1335 2880 apud
1364 2841 1518 2877 Athenas.

847 2882 1047 2921 l'olycrutem
1067 2882 1096 2911 in
1115 2883 1223 2916 Samo.
1239 2888 1336 2922 atque
1351 2883 1430 2913 ulios
1448 2884 1515 2924 pln-

842 2934 889 2954 res
904 2928 924 2939 ‘⁸
939 2924 1068 2954 minaria
1084 2926 1240 2956 nb‹›l¹no”
1254 2937 1271 2956 n
1300 2927 1339 2956 ud
1363 2926 1477 2956 Ionio..

883 2966 903 2995 (ι
928 2969 976 2997 ΑΙ»
997 2969 1108 3005 ΙνἸῦιοΙ
1135 2978 1177 2999 κς.
1205 2969 1229 2999 Α
1287 2969 1432 3008 vlt-gono,
1449 2968 1515 2999 ('ir-
