1934 3211
244 299 307 374 03³

324 354 343 382 -ῐὶ
325 309 340 330 to

348 309 363 383 &1⁸1

370 352 385 383 «ι
367 310 394 340 §.11

275 758 343 797 49.

930 203 1077 244 ΤΙΤΙ
1121 203 1300 244 LIVII

424 300 435 318 ‘
450 294 606 336 Veiens
627 303 733 351 eget.
797 293 884 335 Vos
905 293 984 335 alia
1004 294 1114 335 bella
1133 303 1292 335 curate:
1328 293 1477 335 Fabios
1498 294 1636 336 hostes
1657 294 1697 335 V
1699 295 1815 336 eien-

389 367 395 374 ·
425 358 436 376 ‘
450 352 560 394 tibus
576 352 685 393 date.
736 352 944 393 Auctores
960 367 1114 401 sumuS,
1132 361 1265 393 tutam
1281 351 1338 393 ibi
1356 352 1612 393 maiestatem
1631 352 1814 393 Romani
1830 366 1846 398 7

425 409 629 451 ‘nominis
660 410 757 451 fore.
821 409 1025 450 Nostrum
1056 409 1099 449 id
1128 409 1247 450 nobis
1274 408 1389 450 velut
1415 409 1617 450 familiare
1641 409 1813 460 bellum,

425 473 437 491 ‘
449 468 609 523 privato
631 476 801 523 sumptu
821 482 964 523 gerere
986 467 1030 507 in
1052 467 1192 507 animo
1214 476 1285 507 est.
1341 467 1597 523 Respublica
1617 476 1660 508 et
1680 467 1813 508 milite

425 525 533 566 ‘illic
562 534 604 566 et
624 525 804 581 pecunia
831 525 976 565 vacet.'
1039 523 1210 565 Gratiae
1240 524 1431 580 ingentes
1459 533 1586 566 actae.
1652 524 1814 566 Consul

424 598 446 624 e
468 583 583 624 curia
603 597 802 638 egressus,
826 581 1050 622 comitante
1082 581 1304 622 Fabiorum
1326 582 1506 637 agmine,
1529 582 1602 637 qui
1623 582 1668 623 in
1688 582 1814 633 vestiff

423 640 523 681 bulo
551 640 701 688 curiae,
732 638 1139 680 senatusconsultum
1164 647 1467 695 exspectantes,
1497 647 1709 688 steterant,
1738 639 1815 680 do-

424 713 539 738 mum
573 697 706 738 rediit.
770 696 876 737 Iussi
912 696 1059 736 armati
1090 705 1257 751 postero
1287 696 1355 737 die
1387 696 1440 736 ad
1472 696 1603 737 limen
1633 696 1815 738 consulis

424 755 580 804 adesse,
613 754 758 795 domos
789 752 887 794 inde
920 753 1152 795 discedunt.
1215 753 1366 794 Manat
1396 762 1483 794 tota
1513 754 1615 795 urbe
1646 769 1810 795 rumor:

425 812 573 853 Fabios
593 811 646 851 ad
666 810 830 852 coelum
850 810 1042 851 laudibus
1061 810 1211 852 ferunt.
1274 810 1491 851 Familiam
1508 826 1636 852 unam
1656 811 1814 853 subisse
1826 814 1846 844 8

424 869 600 910 civitatis
649 883 779 909 onus:
833 867 992 909 Veiens
1038 868 1197 909 bellum
1236 869 1281 909 in
1327 869 1530 924 privatam
1571 884 1727 919 curam,
1768 864 1846 910 in9

423 926 583 982 privata
603 941 718 966 arma
732 940 908 966 versum.
973 925 1017 967 Si
1039 926 1122 966 sint
1138 926 1244 967 duae
1266 926 1424 967 roboris
1438 926 1626 967 eiusdem
1649 926 1694 966 in
1710 927 1813 968 urbe

423 992 593 1039 gentes3
627 983 867 1039 deposcant,
889 983 993 1024 haec
1015 982 1189 1024 Volscos
1210 983 1301 1033 sibi,
1324 983 1394 1024 illa
1422 983 1623 1040 Aequos:
1657 983 1814 1040 populo

426 1041 619 1082 Romano
641 1040 911 1096 tranquillam
931 1055 1077 1096 pacem
1099 1050 1262 1096 agente,
1286 1056 1430 1082 omnes
1457 1041 1658 1083 finitimos
1678 1041 1814 1098 subigi

423 1097 600 1154 populos
620 1113 751 1154 posse.
815 1098 933 1138 Fabii
960 1106 1126 1154 postero
1148 1098 1216 1139 die
1238 1113 1352 1138 arma
1372 1099 1566 1155 capiunt:
1602 1114 1686 1155 quo
1713 1099 1814 1140 iussi

423 1164 554 1205 erant,
584 1156 853 1197 conveniunt.
919 1154 1092 1204 Consul,
1115 1155 1336 1211 paludatus
1364 1156 1595 1211 egrediens,
1617 1157 1663 1197 in
1689 1156 1815 1198 vesti-
1830 1171 1842 1192 1

422 1213 522 1254 bulo
543 1222 715 1269 gentem
747 1228 916 1254 omnem
936 1228 1054 1253 suam
1078 1213 1281 1253 instructo
1304 1213 1468 1268 agmine
1496 1214 1633 1255 videt:
1667 1229 1816 1270 accep-

424 1280 490 1312 tus
525 1271 570 1311 in
610 1270 810 1320 medium,
847 1270 965 1326 signa
1003 1270 1101 1311 ferri
1141 1270 1268 1311 iubet.
1332 1269 1565 1326 Nunquam
1606 1272 1816 1312 exercitus

424 1344 562 1384 neque
594 1328 730 1369 minor
760 1343 949 1377 numero,
982 1343 1120 1384 neque
1152 1327 1299 1368 clarior
1328 1327 1438 1369 fama
1468 1337 1510 1369 et
1539 1328 1813 1370 admiratione

424 1386 657 1435 hominum,
694 1401 770 1441 per
804 1387 951 1427 urbem
991 1385 1170 1426 incessit.
1236 1384 1320 1426 Sex
1356 1394 1399 1426 et
1435 1386 1612 1427 trecenti
1648 1386 1846 1436 milites,2

425 1458 570 1484 omnes
609 1443 786 1498 patricii,
828 1458 975 1484 omnes
1015 1443 1139 1483 unius
1186 1442 1338 1498 gentis,
1381 1458 1560 1499 quorum
1600 1444 1814 1485 neminem

425 1501 577 1541 ducem
605 1509 819 1556 sperneret
846 1500 1037 1556 egregius
1066 1499 1322 1556 quibuslibet
1350 1501 1606 1556 temporibus
1633 1510 1814 1551 senatus,

426 1558 554 1607 ibant,
578 1558 702 1598 unius
728 1557 908 1598 familiae
936 1558 1092 1598 viribus
1120 1557 1292 1598 Veienti
1320 1558 1476 1614 populo
1503 1567 1664 1614 pestem
1692 1559 1816 1599 mini-

427 1624 572 1656 tantes.
639 1614 901 1670 Sequebatur
921 1615 1053 1664 turba,
1076 1615 1244 1670 propria
1264 1614 1345 1655 alia
1372 1626 1644 1671 cognatorum
1664 1615 1816 1657 sodali-

426 1688 596 1728 umque,
619 1673 724 1713 nihil
753 1672 953 1721 medium,
977 1687 1053 1713 nec
1075 1687 1205 1728 spem,
1228 1687 1305 1712 nec
1333 1687 1488 1722 curam,
1511 1673 1585 1714 sed
1611 1673 1818 1715 immensa

426 1731 567 1771 onmia
596 1730 854 1771 volventium
883 1730 1046 1779 animo;
1079 1729 1159 1770 alia
1188 1729 1367 1785 publica,
1391 1730 1670 1772 sollicitudine
1701 1731 1816 1772 exci-

427 1796 524 1837 tata,
546 1788 684 1829 favore
706 1797 748 1828 et
775 1787 1048 1828 admiratione
1080 1795 1265 1842 stupens,
1290 1787 1376 1828 ‘ire
1397 1787 1535 1837 fortes,
1559 1788 1618 1829 ire
1647 1787 1816 1839 felices,'

426 1845 584 1894 iubent,
610 1845 811 1901 ‘inceptis
832 1854 1005 1885 eventus
1026 1859 1144 1900 pares
1165 1844 1361 1885 reddere:
1395 1845 1633 1886 consulatus
1648 1845 1747 1887 inde
1768 1861 1817 1888 ac

428 1908 440 1926 ‘
453 1903 699 1959 triumphos,
722 1902 863 1943 onmia
894 1902 1080 1958 praemia
1104 1902 1154 1942 ab
1176 1917 1232 1951 se,
1255 1917 1399 1943 omnes
1419 1902 1599 1944 honores
1625 1904 1817 1959 sperare.'

427 1960 799 2001 Praetereuntibus
824 1959 1082 2016 Capitolium
1104 1974 1325 2015 arcemque
1348 1969 1391 2001 et
1411 1959 1492 2001 alia
1508 1960 1675 2017 templa,
1697 1961 1818 2016 quic-

429 207 506 245 128

478 2113 493 2143 7
522 2107 677 2136 Aue-tores
706 2105 832 2142 sumus]
886 2104 1098 2144 Spondemus.

426 2146 497 2178 infr.
510 2147 553 2178 ix.
572 2157 620 2177 20.

469 2190 487 2220 8
510 2191 681 2220 Familiam
697 2191 813 2228 unam]
852 2189 953 2220 Haud
972 2189 1038 2220 seio
1058 2200 1099 2220 an

426 2232 508 2262 hanc
535 2242 645 2262 vocem
672 2231 704 2262 111
731 2232 902 2262 annalibus
927 2236 1100 2272 repertam,

425 2285 507 2314 quae
524 2275 641 2305 Fabios
662 2285 728 2304 una
751 2285 824 2304 cum
845 2275 1018 2305 clientibus
1037 2275 1102 2305 suis

425 2322 457 2348 et
473 2317 569 2348 servis
585 2317 686 2347 exisse
701 2317 904 2357 significaret,
915 2317 1102 2357 imprudens

426 2370 483 2399 pro
495 2365 590 2400 yente
607 2359 718 2390 Livius
733 2359 944 2399 usurpaverit.

473 2412 492 2443 9
521 2403 648 2433 Subi-sse
674 2403 813 2433 civitatis
839 2403 936 2440 onus]
977 2402 1099 2433 Contra

427 2445 562 2475 Nicbhr.
588 2445 689 2475 visum
712 2448 771 2482 est,
795 2444 913 2475 Fabios
936 2455 1001 2474 una
1025 2455 1098 2474 cum

425 2487 556 2517 familiis
586 2487 650 2517 suis
679 2497 719 2517 ex
753 2488 830 2517 urbe
864 2486 1039 2524 secessisse,
1065 2491 1097 2517 et

426 2530 584 2560 coloniam
615 2530 657 2560 ad
683 2530 869 2560 Cremeram
896 2529 1095 2560 condidisse:

426 2573 546 2612 quippe
568 2583 619 2612 ap.
642 2572 729 2603 Serv.
751 2572 783 2602 in
804 2572 884 2602 Aen.
901 2571 920 2602 i.
942 2581 988 2602 12.
1013 2572 1096 2601 colo-

426 2615 494 2644 nias
515 2614 688 2654 aliquando
705 2625 744 2644 ex
761 2614 937 2645 secessione
953 2614 1097 2644 conditas

427 2657 570 2696 legimus.
617 2657 782 2696 Quicquid
798 2657 849 2693 sit,
861 2657 948 2687 haud
965 2657 1099 2687 dubium

427 2704 484 2734 cst,
508 2700 583 2738 quin
607 2700 778 2731 Cremerae
800 2700 833 2730 in
858 2699 967 2736 Veios,
990 2709 1099 2738 quem-

427 2741 600 2771 admodum
629 2742 791 2773 Deceleae
820 2742 853 2772 in
880 2742 1037 2779 Athenas,
1066 2741 1100 2771 id

426 2792 525 2821 genus
536 2784 788 2824 praesidii‚quod
796 2784 920 2815 Graece
930 2785 1097 2822 ἐπιτειχισ-

425 2823 481 2860 μὺς
517 2827 712 2864 appellatur,
745 2827 940 2857 collocatum
977 2826 1042 2864 sit„
1066 2830 1097 2856 et

427 2866 548 2896 bellum
565 2877 652 2897 more
668 2869 827 2899 latrocinii
847 2869 1010 2900 assiduum
1032 2879 1098 2909 ges-

427 2912 495 2937 tum
509 2908 613 2939 fuerit.
635 2910 913 2952 Niebh.ii.p.192.
932 2911 1097 2942 lVachsm.

429 2961 458 2989 p.
478 2959 547 2990 390.

1191 2114 1202 2134 1
1229 2105 1429 2142 Paludatus]
1464 2105 1700 2136 Paludamento
1723 2104 1816 2136 indu-

1143 2151 1204 2178 tus.
1244 2147 1516 2177 Paludamentum
1532 2147 1660 2187 proprie
1671 2148 1820 2188 chlamys

1143 2189 1357 2229 imperatoria.
1411 2190 1521 2221 Livius
1549 2193 1659 2221 tamen
1685 2201 1816 2231 usurpa-

1144 2232 1200 2269 vit,
1216 2232 1236 2263 i.
1255 2231 1303 2263 26.
1327 2242 1385 2272 pro
1407 2236 1493 2263 veste
1515 2232 1646 2263 militari
1669 2232 1818 2272 Curiatii,

1145 2274 1199 2314 qui
1214 2285 1279 2304 non
1294 2275 1356 2305 fuit
1371 2275 1555 2314 imperator.
1582 2276 1688 2307 ΟΜΝ.

1189 2327 1205 2347 2
1230 2318 1293 2348 Serv
1315 2322 1346 2348 et
1368 2319 1499 2348 trecenti
1521 2318 1653 2356 milites]
1681 2318 1734 2348 Ex
1757 2317 1815 2348 Di-

1143 2359 1253 2399 onysio
1266 2359 1308 2390 ix.
1318 2369 1368 2397 22,
1383 2363 1487 2390 totum
1500 2370 1615 2399 agmen
1631 2370 1649 2390 e
1665 2363 1816 2399 quattuor

1142 2402 1207 2432 fere
1223 2401 1390 2432 hominum
1412 2401 1555 2432 millibus
1570 2403 1757 2433 constabat:
1782 2406 1816 2433 at

1142 2444 1245 2474 maior
1269 2454 1343 2484 pars
1365 2454 1382 2474 e
1405 2443 1576 2474 clientibus
1598 2448 1631 2475 et
1653 2444 1816 2475 sodalibus

1142 2486 1314 2516 Fabiorum
1331 2490 1398 2517 erat
1413 2499 1421 2523 ;
1444 2496 1461 2516 e
1478 2486 1580 2517 Fabia
1601 2490 1697 2527 gente
1712 2497 1767 2518 sex
1783 2491 1816 2518 et

1141 2529 1276 2559 trecenti
1307 2528 1373 2559 viri.
1431 2528 1614 2560 Perizonius
1643 2528 1814 2561 Animadv.

1143 2571 1229 2602 Hist.
1248 2580 1275 2611 5.
1301 2571 1394 2601 variis
1419 2581 1479 2601 nec
1505 2571 1638 2602 fortasse
1665 2582 1814 2612 spemen-

1141 2614 1189 2644 dis
1203 2613 1399 2653 argumentis
1415 2614 1595 2645 convellere
1610 2614 1723 2645 nititur
1737 2625 1815 2645 una-

1143 2656 1263 2687 nimem
1283 2656 1473 2696 scriptorum
1490 2657 1634 2687 omnium
1650 2657 1690 2688 de
1710 2667 1766 2687 sex
1782 2660 1815 2687 et

1143 2698 1293 2729 trecentis
1316 2698 1424 2729 Fabiis
1447 2709 1657 2730 consensum:
1689 2703 1721 2730 et
1743 2709 1814 2739 pro-

1142 2741 1290 2772 babiliter
1312 2742 1487 2772 admodum
1510 2742 1690 2782 suspicatur
1709 2745 1814 2772 totum

1142 2794 1255 2824 agmen
1286 2794 1341 2814 sex
1372 2788 1404 2814 et
1433 2788 1649 2815 trecentorum
1675 2783 1814 2815 virorum

1140 2826 1248 2863 fuisse,
1278 2827 1333 2857 sed
1364 2836 1498 2866 quorum
1535 2828 1638 2858 multo
1672 2825 1813 2856 maxima

1143 2879 1216 2908 pars
1238 2880 1256 2900 e
1279 2869 1448 2900 clientibus
1471 2873 1503 2900 et
1523 2869 1684 2901 sodalibus
1698 2867 1813 2899 Fabio-

1142 2922 1212 2942 rum
1230 2915 1320 2943 esset.
1346 2912 1451 2942 szv.
