1934 3211
559 179 686 221 LIB.
720 178 820 220 VII.
867 180 1015 222 CAP.
1050 185 1088 222 6.
1251 165 1256 174 '
1440 186 1524 226 405

131 267 193 310 M.
222 268 432 317 Curtium,
469 268 666 309 iuvenem
706 267 817 309 bello
856 269 1087 325 egregium,
1124 271 1343 326 castigasse
1383 272 1525 313 ferunt
1539 281 1583 314 U.
1601 281 1639 314 c.
1658 290 1729 322 393·

97 326 381 374 sdubitantes,
404 339 459 365 an
483 324 617 366 ullum
643 325 774 381 magis
797 324 1040 367 Romanum
1067 326 1240 376 bonum,
1263 342 1390 383 quam
1412 343 1526 370 arma
1538 324 1578 356 Α·
1601 324 1640 356 C.
1658 333 1730 365 359-

126 382 354 438 virtusque,
383 390 503 423 esset.
569 381 747 424 Silentio
774 382 897 432 facto,
925 383 1081 439 templa
1108 383 1284 425 deorum
1312 384 1525 436 immorta-
1539 367 1586 439 {¹1¹
1596 376 1731 440 08ῑῇῗῇ

125 439 242 489 lium,
275 453 383 495 quae
419 439 509 480 foro
544 439 780 489 imminent,
818 439 1164 497 Capitoliumque
1198 441 1451 491 intuentem,
1483 451 1696 484 etimmittit.

125 511 274 538 manus
301 511 416 538 nunc
441 496 486 537 in
507 496 686 547 eoelum,
709 512 824 538 nunc
852 498 896 538 in
924 506 1116 554 patentes
1144 507 1277 539 terrae
1307 498 1445 540 hiatus
1473 500 1527 541 ad

124 553 226 596 deos
247 552 400 595 Manes
426 555 725 610 porrigentem,
747 570 791 596 se
813 554 1054 596 devovisse:
1089 571 1200 611 equo
1221 555 1377 597 deinde
1399 571 1527 612 quarn

123 620 288 677 poterat
303 611 486 653 maxime
504 620 707 654 exornato
723 612 992 663 insidentem,
1008 622 1216 654 armatum
1232 628 1275 654 se
1292 613 1337 654 in
1353 628 1526 670 specum

123 669 355 719 immisisse,
379 669 574 726 donaque
601 685 648 711 ae
673 670 812 725 fruges
839 685 965 726 super
992 685 1090 712 eum
1118 686 1142 712 a
1169 670 1442 712 multitudine
1465 671 1527 712 vi-

122 741 263 769 rorum
289 742 336 769 ac
357 727 581 768 mulierum
603 737 847 782 congestas3
880 727 1102 784 lacumque
1127 728 1338 778 Curtium,
1361 743 1448 770 non
1472 729 1524 770 ab

91 785 298 842 6antiquo
326 784 398 826 illo
426 785 477 826 T.
497 785 611 826 Tatii
640 785 771 826 milite
797 785 948 827 Curtio
971 785 1123 835 Metto,
1153 785 1227 826 sed
1257 786 1308 827 ab
1340 786 1420 828 hoe
1451 801 1525 843 ap-

122 842 337 900 pellatum.
403 842 520 884 Cura
550 858 637 883 non
666 842 841 892 deesset,
870 843 903 883 si
926 858 1010 898 qua
1039 843 1093 884 ad
1119 858 1264 884 verum
1289 844 1356 884 via
1383 844 1525 900 inqui—

123 909 288 942 rentem
308 900 459 942 ferret:
494 916 608 942 nunc
636 900 747 941 fama
773 915 912 941 rerum
941 900 1137 941 standum
1166 910 1241 950 est,
1265 901 1337 942 ubi
1366 910 1525 942 certam

123 958 299 1014 derogat
319 966 502 999 vetustas
523 958 678 1007 fidem3
712 967 755 1000 et
782 957 897 999 lacus
925 973 1081 999 nomen
1109 958 1161 999 ab
1186 957 1264 999 hac
1290 959 1524 1001 recentiore

123 1016 363 1072 insignitius
383 1015 523 1057 fabula
543 1025 616 1057 est.
1096 1039 1164 1049 ἢ

182 1073 285 1115 Post
311 1074 416 1114 tanti
441 1073 622 1130 prodigii
646 1074 998 1130 procurationem,
1022 1073 1173 1115 eodem
1201 1089 1312 1116 anno
1334 1074 1387 1115 de
1411 1073 1523 1115 Her·
1536 1081 1668 1112 Bellum

123 1131 228 1173 nicis
249 1131 464 1172 consultus
485 1141 666 1181 senatuS‚
684 1146 815 1187 quum
836 1131 996 1174 fetiales
1017 1131 1071 1172 ad
1092 1147 1156 1173 res
1178 1132 1427 1188 repetendas
1448 1147 1523 1173 ne-
1535 1134 1609 1172 ⁰9¹¹}
1627 1124 1710 1155 Her-

154 1188 350 1245 uicquam
368 1189 557 1238 misisset,
606 1189 710 1229 rimo
727 1203 896 1245 quoque
914 1189 982 1229 die
999 1189 1221 1230 ferendum
1243 1189 1296 1230 ad
1317 1189 1523 1245 populum
1536 1176 1625 1199 mffl'

122 1203 176 1287 de
197 1246 309 1287 bello
330 1246 558 1288 indicendo
575 1204 780 1287 lilernicis
801 1246 965 1288 censuit
978 1262 988 1295 ;
1012 1246 1278 1303 populusque
1300 1247 1344 1287 id
1366 1246 1523 1288 bellum

121 1303 320 1360 frequens
361 1304 490 1345 iussit.
565 1303 615 1344 L.
643 1303 838 1345 Genucio
873 1303 1035 1345 consuli
1075 1319 1125 1345 ea
1164 1304 1380 1360 provincia
1414 1312 1523 1346 sorte

122 1361 274 1403 evenit.
338 1361 389 1402 Iu
418 1377 491 1403 exs
508 1362 730 1403 metatione
756 1361 900 1402 civitas
928 1370 1029 1411 erat,
1052 1361 1168 1417 quod
1192 1362 1353 1418 primus
1378 1361 1447 1402 ille
1469 1361 1523 1403 de

122 1418 245 1475 plebe
272 1418 418 1460 consul
443 1377 601 1460 bellum
629 1419 714 1460 suis
742 1418 937 1474 auspiciis
964 1428 1157 1475 gesturus
1178 1428 1313 1467 esset3
1345 1418 1522 1474 perinde

121 1485 171 1518 ut
205 1477 394 1518 eveniret
424 1491 501 1526 res,
537 1477 595 1518 ita
624 1476 954 1517 communicatos
986 1476 1168 1517 honores
1203 1491 1279 1532 pro
1309 1476 1418 1517 bene
1450 1484 1524 1517 aut

121 1549 241 1576 secus
261 1533 453 1575 consulto
475 1534 678 1575 habitura.
723 1533 847 1574 Forte
870 1533 927 1573 ita
949 1533 1043 1574 tulit
1064 1547 1195 1582 caSUS,
1218 1541 1265 1574 ut
1289 1532 1521 1583 Genucius,
1537 1542 1705 1575 Genucius

121 1592 175 1633 ad
197 1591 336 1633 hostes
358 1607 509 1648 magno
530 1600 684 1633 conatu
705 1590 928 1647 profectus,
947 1590 991 1630 in
1011 1590 1183 1631 insidias
1203 1590 1498 1647 praecipitaret
1511 1606 1520 1640 3
1535 1586 1621 1634 male
1637 1596 1705 1617 “³¹¹¹

121 1649 356 1706 legionibus
378 1649 631 1705 necopinato
656 1663 808 1704 pavore
830 1647 943 1697 fusis,
966 1647 1113 1689 consul
1139 1648 1450 1689 circumventus
1471 1649 1523 1690 ab
1534 1633 1626 1670 gent.

120 1707 273 1757 insciis,
311 1722 439 1764 quem
479 1706 798 1755 interfecissent,
835 1705 1108 1747 occideretur.
1187 1705 1318 1754 Quod
1354 1706 1426 1747 ubi
1462 1715 1526 1748 est

122 1763 304 1807 Romam
326 1764 581 1814 nuntiatum,
604 1778 874 1820 nequaquam
903 1771 1067 1804 tantum
1096 1762 1265 1820 publiea
1289 1763 1525 1805 calamitate

120 1823 268 1864 maesti
317 1822 477 1872 Patres,
521 1831 727 1878 quantum
761 1821 920 1862 feroces
956 1820 1114 1862 infelici
1150 1820 1333 1862 consulis
1368 1820 1525 1877 plebeii

120 1879 265 1930 ductu,
287 1880 472 1921 fremunt
492 1879 687 1921 omnibus
708 1878 835 1920 locis:
869 1884 880 1902 ‘
898 1877 1027 1928 Irent,
1046 1888 1237 1920 crearent
1257 1877 1449 1920 consules
1470 1893 1524 1920 ex

121 1943 135 1962 ‘
179 1937 286 1988 lebe,
323 1937 595 1978 transferrent
631 1936 828 1992 auspicia,
866 1951 952 1991 quo
988 1935 1105 1977 nefas
1141 1944 1261 1977 esset.
1330 1935 1523 1978 Potuisse

123 2000 135 2019 ‘
149 1953 298 2036 {atres
321 1994 540 2050 plebiscito
562 1993 661 2049 pelli
684 1993 914 2034 honoribus
935 1993 1045 2033 suis:
1083 2008 1186 2033 num
1209 1993 1335 2034 etiam
1357 1993 1402 2033 in
1423 1992 1524 2034 deos

123 2051 407 2093 ‘immortales
457 2051 760 2106 inauspicatam
806 2049 942 2103 legem
985 2049 1194 2090 valuisse?
1274 2048 1523 2091 Vindicasse

123 2109 262 2165 ‘ipsos
294 2123 415 2149 suum
451 2122 622 2156 numen,
648 2122 723 2147 sua
755 2106 964 2162 auspicia:
999 2121 1107 2161 quae
1142 2115 1189 2146 ut
1213 2105 1397 2161 primum
1422 2121 1524 2147 con-

124 2172 136 2190 ‘
153 2175 262 2207 tacta
282 2166 366 2206 sint
386 2165 438 2206 ab
459 2180 522 2214 eo,
541 2180 565 2205 a
585 2179 671 2220 quo
693 2179 771 2204 nec
794 2164 857 2204 ius
879 2178 957 2203 nec
980 2163 1039 2203 fas
1060 2163 1197 2211 fuerit,
1215 2162 1404 2203 deletum
1425 2177 1523 2204 curn

123 2223 259 2264 ‘duce
300 2222 533 2264 exercitum
575 2221 831 2262 documento
872 2220 1012 2269 fuisse,
1051 2235 1103 2261 ne
1145 2219 1316 2269 deinde,
1355 2220 1522 2261 turbato

93 2281 341 2337 7‘gcntium
372 2280 473 2328 iure,
500 2279 668 2320 comitia
697 2278 975 2319 hal›erentur.’
1037 2277 1117 2318 llis
1139 2277 1309 2318 vocibus
1336 2277 1453 2319 curia
1479 2286 1521 2318 et
1535 2286 1663 2327 Appius

122 2338 259 2380 forum
295 2347 501 2394 personat.
566 2336 647 2392 Ap.
676 2335 918 2385 Claudium,
948 2335 1048 2391 quia
1083 2335 1333 2375 dissuaserat
1369 2330 1693 2403 lcgem,ffi¹{¹¹¹d³¹¹³

123 2396 279 2437 maiore
306 2411 419 2436 nunc
445 2394 692 2436 auctoritate
722 2403 921 2435 eventum
948 2392 1190 2448 reprehensi
1217 2392 1268 2432 ab
1289 2407 1332 2432 sc
1358 2391 1520 2433 consilii
1568 2377 1681 2405 ttator.

124 2453 398 2502 incusantem,
442 2452 690 2493 dictatorcm
741 2466 948 2491 consensu
998 2449 1269 2506 patriciorum
1323 2448 1524 2490 Servilius

124 2510 270 2552 consul
290 2510 405 2561 dicit,
427 2509 700 2567 delectusque
722 2518 764 2550 et
786 2508 989 2549 iustitium
1013 2507 1231 2549 indictum.

169 2680 184 2710 5
212 2671 416 2705 Duln'taemeer,
433 2669 494 2707 an]
538 2669 628 2699 Adeo
652 2668 800 2702 incertos,
844 2666 977 2704 intelligi
1010 2665 1201 2706 niinpicntur,
1228 2665 1319 2696 cuiun
1345 2665 1519 2706 spiramen-

126 2719 160 2743 ut
174 2723 272 2752 prope
282 2713 457 2742 crederent.
476 2711 631 2741 Similiter
643 2712 744 2740 nescia
755 2721 799 2740 nn
844 2715 912 2739 tum
932 2709 1110 2739 mutatione
1123 2709 1261 2748 quinium
1279 2709 1337 2738 noli
1353 2709 1518 2740 occlusum

127 2766 183 2796 pro
197 2765 297 2795 prope
312 2759 418 2784 certus
433 2764 513 2783 mm.
542 2753 665 2783 lemn.
844 2757 901 2782 est.

168 2797 189 2829 6
216 2798 298 2828 'l'aem‘i
316 2798 430 2834 milite]
454 2798 562 2831 Quem
581 2805 697 2825 nomen
716 2795 800 2825 lucui
895 2803 911 2832 7
936 2795 1086 2824 (lanitium
1117 2794 1204 2831 iure]
1248 2793 1323 2824 Iure
1350 2804 1389 2824 ne
1415 2793 1523 2824 discri-

126 2840 277 2872 indidim-
292 2840 365 2870 Piso
377 2845 489 2869 auctor
500 2843 556 2868 eut.
575 2838 614 2867 cs.
626 2847 710 2876 ninpr.
723 2836 741 2866 i.
756 2846 800 2874 ¹3-
847 2836 932 2866 mim·
955 2836 1080 2876 gent-riu
1101 2841 1133 2867 ct
1157 2835 1366 2874 familiarum,
1382 2841 1418 2867 ut
1436 2847 1524 2877 supr.

128 2883 224 2915 Dion.
237 2882 268 2914 ii.
280 2892 330 2921 42.
360 2881 508 2921 Heyniun
520 2881 550 2912 in
568 2884 688 2919 Upunc.
704 2880 804 2910 Amul.
850 2879 889 2910 iv.
912 2888 936 2911 1.

126 2926 168 2958 iii.
195 2936 225 2966 p.
255 2927 321 2957 118.
346 2924 556 2965 milpbureum
584 2922 720 2953 halitum
753 2921 804 2952 hic
