<?xml version="1.0" encoding="UTF-8"?>
<!DOCTYPE html PUBLIC "-//W3C//DTD XHTML 1.0 Transitional//EN"
    "http://www.w3.org/TR/xhtml1/DTD/xhtml1-transitional.dtd">
<html xmlns="http://www.w3.org/1999/xhtml" xml:lang="en" lang="en">
 <head>
  <title>
</title>
<meta http-equiv="Content-Type" content="text/html;charset=utf-8" />
  <meta name='ocr-system' content='tesseract 3.04.00' />
  <meta name='ocr-capabilities' content='ocr_page ocr_carea ocr_par ocr_line ocrx_word'/>
</head>
<body>
  <div class='ocr_page' id='page_1' title='image "./historiarumli01livyuoft_0062.png"; bbox 0 0 1934 3211; ppageno 0'>
   <div class='ocr_carea' id='block_1_1' title="bbox 948 217 1314 259">
    <p class='ocr_par' dir='ltr' id='par_1_1' title="bbox 948 217 1314 259">
     <span class='ocr_line' id='line_1_1' title="bbox 948 217 1314 259; baseline 0 0"><span class='ocrx_word' id='word_1_1' title='bbox 948 217 1096 259; x_wconf 93' lang='grc' dir='ltr'><strong>ΤΙΤΙ</strong></span> <span class='ocrx_word' id='word_1_2' title='bbox 1137 217 1314 259; x_wconf 91' lang='lat' dir='ltr'>LIVII</span> 
     </span>
    </p>
   </div>
   <div class='ocr_carea' id='block_1_2' title="bbox 439 307 1862 1804">
    <p class='ocr_par' dir='ltr' id='par_1_2' title="bbox 439 307 1862 1804">
     <span class='ocr_line' id='line_1_2' title="bbox 439 307 1820 366; baseline -0.002 -14"><span class='ocrx_word' id='word_1_3' title='bbox 439 313 622 360; x_wconf 89' lang='lat' dir='ltr'>iuvenes,</span> <span class='ocrx_word' id='word_1_4' title='bbox 639 319 687 351; x_wconf 89' lang='lat' dir='ltr'>ut</span> <span class='ocrx_word' id='word_1_5' title='bbox 706 310 802 351; x_wconf 81' lang='lat' dir='ltr'>foris</span> <span class='ocrx_word' id='word_1_6' title='bbox 822 309 932 351; x_wconf 84' lang='lat' dir='ltr'>bella</span> <span class='ocrx_word' id='word_1_7' title='bbox 951 318 1156 366; x_wconf 85' lang='lat' dir='ltr'>ger·.e1ent</span> <span class='ocrx_word' id='word_1_8' title='bbox 1218 310 1351 350; x_wconf 75' lang='lat' dir='ltr'>Alma</span> <span class='ocrx_word' id='word_1_9' title='bbox 1371 309 1434 350; x_wconf 87' lang='lat' dir='ltr'>his</span> <span class='ocrx_word' id='word_1_10' title='bbox 1456 309 1667 365; x_wconf 89' lang='lat' dir='ltr'>imperata,</span> <span class='ocrx_word' id='word_1_11' title='bbox 1690 307 1820 364; x_wconf 85' lang='lat' dir='ltr'>galea,</span> 
     </span>
     <span class='ocr_line' id='line_1_3' title="bbox 440 366 1822 433; baseline -0.003 -23"><span class='ocrx_word' id='word_1_12' title='bbox 440 370 634 426; x_wconf 90' lang='lat' dir='ltr'>clipeum,</span> <span class='ocrx_word' id='word_1_13' title='bbox 671 383 829 433; x_wconf 81' lang='lat' dir='ltr'>ocreae,</span> <span class='ocrx_word' id='word_1_14' title='bbox 863 368 1012 417; x_wconf 83' lang='grc'>101163;</span> <span class='ocrx_word' id='word_1_15' title='bbox 1050 368 1189 408; x_wconf 87' lang='grc'>01111113</span> <span class='ocrx_word' id='word_1_16' title='bbox 1218 382 1272 409; x_wconf 83' lang='lat' dir='ltr'>ex</span> <span class='ocrx_word' id='word_1_17' title='bbox 1306 382 1410 408; x_wconf 87' lang='grc'>3616.</span> <span class='ocrx_word' id='word_1_18' title='bbox 1475 366 1594 408; x_wconf 88' lang='lat' dir='ltr'>Haec</span> <span class='ocrx_word' id='word_1_19' title='bbox 1624 375 1671 407; x_wconf 88' lang='lat' dir='ltr'>ut</span> <span class='ocrx_word' id='word_1_20' title='bbox 1703 374 1822 422; x_wconf 88' lang='lat' dir='ltr'>tegu-</span> 
     </span>
     <span class='ocr_line' id='line_1_4' title="bbox 440 423 1820 489; baseline -0.003 -22"><span class='ocrx_word' id='word_1_21' title='bbox 440 436 582 467; x_wconf 87' lang='lat' dir='ltr'>menta</span> <span class='ocrx_word' id='word_1_22' title='bbox 601 426 782 481; x_wconf 64' lang='grc'>60190118</span> <span class='ocrx_word' id='word_1_23' title='bbox 803 434 962 466; x_wconf 83' lang='lat' dir='ltr'><strong>essent.</strong></span> <span class='ocrx_word' id='word_1_24' title='bbox 996 425 1108 466; x_wconf 89' lang='lat' dir='ltr'>tela</span> <span class='ocrx_word' id='word_1_25' title='bbox 1098 440 1143 465; x_wconf 88' lang='grc'>111</span> <span class='ocrx_word' id='word_1_26' title='bbox 1162 425 1337 474; x_wconf 80' lang='lat' dir='ltr'><strong>hostem,</strong></span> <span class='ocrx_word' id='word_1_27' title='bbox 1359 425 1559 489; x_wconf 83' lang='lat' dir='ltr'>hastaque</span> <span class='ocrx_word' id='word_1_28' title='bbox 1585 432 1627 465; x_wconf 91' lang='lat' dir='ltr'>et</span> <span class='ocrx_word' id='word_1_29' title='bbox 1647 423 1820 488; x_wconf 80' lang='lat' dir='ltr'>gladius.</span> 
     </span>
     <span class='ocr_line' id='line_1_5' title="bbox 442 480 1856 537; baseline -0.003 -11"><span class='ocrx_word' id='word_1_30' title='bbox 442 484 627 525; x_wconf 87' lang='lat' dir='ltr'>Additae</span> <span class='ocrx_word' id='word_1_31' title='bbox 649 483 747 524; x_wconf 91' lang='lat' dir='ltr'>huic</span> <span class='ocrx_word' id='word_1_32' title='bbox 768 483 885 524; x_wconf 83' lang='lat' dir='ltr'>classi</span> <span class='ocrx_word' id='word_1_33' title='bbox 906 483 1012 524; x_wconf 84' lang='lat' dir='ltr'>duae</span> <span class='ocrx_word' id='word_1_34' title='bbox 1033 482 1195 524; x_wconf 82' lang='lat' dir='ltr'>fabrum</span> <span class='ocrx_word' id='word_1_35' title='bbox 1216 482 1440 532; x_wconf 83' lang='lat' dir='ltr'>centuriae,</span> <span class='ocrx_word' id='word_1_36' title='bbox 1463 497 1569 537; x_wconf 90' lang='lat' dir='ltr'>quae</span> <span class='ocrx_word' id='word_1_37' title='bbox 1591 482 1679 522; x_wconf 89' lang='lat' dir='ltr'>sine</span> <span class='ocrx_word' id='word_1_38' title='bbox 1701 480 1856 522; x_wconf 88' lang='lat' dir='ltr'>armis4</span> 
     </span>
     <span class='ocr_line' id='line_1_6' title="bbox 441 537 1824 598; baseline -0.003 -15"><span class='ocrx_word' id='word_1_39' title='bbox 441 542 650 598; x_wconf 88' lang='lat' dir='ltr'>stipendia</span> <span class='ocrx_word' id='word_1_40' title='bbox 680 541 885 582; x_wconf 74' lang='lat' dir='ltr'>facerent.</span> <span class='ocrx_word' id='word_1_41' title='bbox 929 540 1072 581; x_wconf 89' lang='lat' dir='ltr'>datum</span> <span class='ocrx_word' id='word_1_42' title='bbox 1108 555 1271 589; x_wconf 90' lang='lat' dir='ltr'>munus,</span> <span class='ocrx_word' id='word_1_43' title='bbox 1307 547 1352 580; x_wconf 92' lang='lat' dir='ltr'>ut</span> <span class='ocrx_word' id='word_1_44' title='bbox 1383 540 1595 580; x_wconf 87' lang='lat' dir='ltr'>machinas</span> <span class='ocrx_word' id='word_1_45' title='bbox 1630 539 1675 579; x_wconf 89' lang='lat' dir='ltr'>in</span> <span class='ocrx_word' id='word_1_46' title='bbox 1713 537 1824 580; x_wconf 86' lang='lat' dir='ltr'>bello</span> 
     </span>
     <span class='ocr_line' id='line_1_7' title="bbox 441 596 1824 652; baseline -0.003 -12"><span class='ocrx_word' id='word_1_47' title='bbox 441 599 607 640; x_wconf 77' lang='lat' dir='ltr'>seirent.</span> <span class='ocrx_word' id='word_1_48' title='bbox 673 597 866 639; x_wconf 86' lang='lat' dir='ltr'>Secunda</span> <span class='ocrx_word' id='word_1_49' title='bbox 895 597 1031 638; x_wconf 89' lang='lat' dir='ltr'>classis</span> <span class='ocrx_word' id='word_1_50' title='bbox 1059 598 1167 638; x_wconf 89' lang='lat' dir='ltr'>intra</span> <span class='ocrx_word' id='word_1_51' title='bbox 1193 605 1363 638; x_wconf 90' lang='lat' dir='ltr'>centum</span> <span class='ocrx_word' id='word_1_52' title='bbox 1392 612 1523 652; x_wconf 91' lang='lat' dir='ltr'>usque</span> <span class='ocrx_word' id='word_1_53' title='bbox 1553 596 1606 637; x_wconf 89' lang='lat' dir='ltr'>ad</span> <span class='ocrx_word' id='word_1_54' title='bbox 1636 596 1824 652; x_wconf 89' lang='lat' dir='ltr'>quinque</span> 
     </span>
     <span class='ocr_line' id='line_1_8' title="bbox 442 653 1826 720; baseline -0.003 -23"><span class='ocrx_word' id='word_1_55' title='bbox 442 666 486 698; x_wconf 89' lang='lat' dir='ltr'>et</span> <span class='ocrx_word' id='word_1_56' title='bbox 506 656 768 720; x_wconf 78' lang='lat' dir='ltr'>septuaginta</span> <span class='ocrx_word' id='word_1_57' title='bbox 788 655 964 696; x_wconf 87' lang='lat' dir='ltr'>millium</span> <span class='ocrx_word' id='word_1_58' title='bbox 984 670 1154 696; x_wconf 91' lang='lat' dir='ltr'>censum</span> <span class='ocrx_word' id='word_1_59' title='bbox 1175 654 1386 703; x_wconf 84' lang='lat' dir='ltr'>instituta3</span> <span class='ocrx_word' id='word_1_60' title='bbox 1420 663 1461 695; x_wconf 87' lang='lat' dir='ltr'>et</span> <span class='ocrx_word' id='word_1_61' title='bbox 1482 669 1535 695; x_wconf 85' lang='lat' dir='ltr'>ex</span> <span class='ocrx_word' id='word_1_62' title='bbox 1555 654 1631 703; x_wconf 91' lang='lat' dir='ltr'>his,</span> <span class='ocrx_word' id='word_1_63' title='bbox 1654 653 1826 694; x_wconf 88' lang='lat' dir='ltr'>seniori-</span> 
     </span>
     <span class='ocr_line' id='line_1_9' title="bbox 442 711 1826 769; baseline -0.003 -14"><span class='ocrx_word' id='word_1_64' title='bbox 442 715 518 756; x_wconf 92' lang='lat' dir='ltr'>bus</span> <span class='ocrx_word' id='word_1_65' title='bbox 546 713 871 769; x_wconf 85' lang='lat' dir='ltr'>iunioribusque,</span> <span class='ocrx_word' id='word_1_66' title='bbox 893 713 1042 768; x_wconf 86' lang='lat' dir='ltr'>viginti</span> <span class='ocrx_word' id='word_1_67' title='bbox 1062 713 1316 768; x_wconf 83' lang='lat' dir='ltr'>conscriptae</span> <span class='ocrx_word' id='word_1_68' title='bbox 1345 711 1582 752; x_wconf 84' lang='lat' dir='ltr'>centuriae.</span> <span class='ocrx_word' id='word_1_69' title='bbox 1616 726 1729 751; x_wconf 88' lang='lat' dir='ltr'>arma</span> <span class='ocrx_word' id='word_1_70' title='bbox 1747 711 1826 751; x_wconf 89' lang='lat' dir='ltr'>im-</span> 
     </span>
     <span class='ocr_line' id='line_1_10' title="bbox 443 768 1856 828; baseline -0.004 -16"><span class='ocrx_word' id='word_1_71' title='bbox 443 780 597 828; x_wconf 89' lang='lat' dir='ltr'>perata,</span> <span class='ocrx_word' id='word_1_72' title='bbox 620 780 783 812; x_wconf 90' lang='lat' dir='ltr'>scutum</span> <span class='ocrx_word' id='word_1_73' title='bbox 803 786 878 826; x_wconf 88' lang='lat' dir='ltr'>pro</span> <span class='ocrx_word' id='word_1_74' title='bbox 900 770 1045 826; x_wconf 86' lang='lat' dir='ltr'>clipeo,</span> <span class='ocrx_word' id='word_1_75' title='bbox 1069 779 1111 810; x_wconf 91' lang='lat' dir='ltr'>et</span> <span class='ocrx_word' id='word_1_76' title='bbox 1131 778 1295 825; x_wconf 81' lang='lat' dir='ltr'>piaeter</span> <span class='ocrx_word' id='word_1_77' title='bbox 1314 769 1484 810; x_wconf 89' lang='lat' dir='ltr'>loricam</span> <span class='ocrx_word' id='word_1_78' title='bbox 1505 768 1645 810; x_wconf 89' lang='lat' dir='ltr'>omnia</span> <span class='ocrx_word' id='word_1_79' title='bbox 1664 768 1822 809; x_wconf 89' lang='lat' dir='ltr'>eadem.</span> <span class='ocrx_word' id='word_1_80' title='bbox 1840 774 1856 807; x_wconf 89' lang='lat'>5</span> 
     </span>
     <span class='ocr_line' id='line_1_11' title="bbox 446 826 1823 884; baseline -0.002 -14"><span class='ocrx_word' id='word_1_81' title='bbox 446 829 613 870; x_wconf 87' lang='lat' dir='ltr'>Tertiae</span> <span class='ocrx_word' id='word_1_82' title='bbox 636 828 803 869; x_wconf 89' lang='grc'>6138818</span> <span class='ocrx_word' id='word_1_83' title='bbox 794 843 836 868; x_wconf 88' lang='grc'>111</span> <span class='ocrx_word' id='word_1_84' title='bbox 859 827 1162 884; x_wconf 82' lang='lat' dir='ltr'>quinquaginta</span> <span class='ocrx_word' id='word_1_85' title='bbox 1182 827 1358 867; x_wconf 88' lang='lat' dir='ltr'>millium</span> <span class='ocrx_word' id='word_1_86' title='bbox 1380 841 1551 867; x_wconf 87' lang='lat' dir='ltr'>censum</span> <span class='ocrx_word' id='word_1_87' title='bbox 1572 841 1659 868; x_wconf 90' lang='lat' dir='ltr'>esse</span> <span class='ocrx_word' id='word_1_88' title='bbox 1679 826 1823 867; x_wconf 87' lang='lat' dir='ltr'>voluit.</span> 
     </span>
     <span class='ocr_line' id='line_1_12' title="bbox 447 884 1824 940; baseline -0.002 -13"><span class='ocrx_word' id='word_1_89' title='bbox 447 886 645 927; x_wconf 87' lang='lat' dir='ltr'>Totidem</span> <span class='ocrx_word' id='word_1_90' title='bbox 666 885 877 926; x_wconf 87' lang='lat' dir='ltr'>centuriae</span> <span class='ocrx_word' id='word_1_91' title='bbox 899 894 941 926; x_wconf 91' lang='lat' dir='ltr'>et</span> <span class='ocrx_word' id='word_1_92' title='bbox 967 885 1058 934; x_wconf 86' lang='lat' dir='ltr'>hae,</span> <span class='ocrx_word' id='word_1_93' title='bbox 1086 884 1318 940; x_wconf 89' lang='lat' dir='ltr'>eodemque</span> <span class='ocrx_word' id='word_1_94' title='bbox 1348 884 1585 925; x_wconf 87' lang='lat' dir='ltr'>discrimine</span> <span class='ocrx_word' id='word_1_95' title='bbox 1613 884 1824 934; x_wconf 85' lang='lat' dir='ltr'>aetatium,</span> 
     </span>
     <span class='ocr_line' id='line_1_13' title="bbox 446 943 1827 998; baseline -0.001 -14"><span class='ocrx_word' id='word_1_96' title='bbox 446 944 600 984; x_wconf 87' lang='lat' dir='ltr'>factae:</span> <span class='ocrx_word' id='word_1_97' title='bbox 633 958 711 984; x_wconf 88' lang='lat' dir='ltr'>nee</span> <span class='ocrx_word' id='word_1_98' title='bbox 739 943 790 983; x_wconf 91' lang='lat' dir='ltr'>de</span> <span class='ocrx_word' id='word_1_99' title='bbox 820 943 941 983; x_wconf 89' lang='lat' dir='ltr'>armis</span> <span class='ocrx_word' id='word_1_100' title='bbox 972 943 1195 998; x_wconf 88' lang='lat' dir='ltr'>quicquam</span> <span class='ocrx_word' id='word_1_101' title='bbox 1226 951 1455 991; x_wconf 79' lang='lat' dir='ltr'>mutatun13</span> <span class='ocrx_word' id='word_1_102' title='bbox 1488 957 1632 983; x_wconf 90' lang='lat' dir='ltr'>ocreae</span> <span class='ocrx_word' id='word_1_103' title='bbox 1663 949 1827 983; x_wconf 86' lang='lat' dir='ltr'>tantum</span> 
     </span>
     <span class='ocr_line' id='line_1_14' title="bbox 447 998 1827 1056; baseline -0.001 -15"><span class='ocrx_word' id='word_1_104' title='bbox 447 1001 678 1056; x_wconf 82' lang='lat' dir='ltr'>ademptae.</span> <span class='ocrx_word' id='word_1_105' title='bbox 740 999 792 1040; x_wconf 90' lang='lat' dir='ltr'>In</span> <span class='ocrx_word' id='word_1_106' title='bbox 833 1008 980 1056; x_wconf 88' lang='lat' dir='ltr'>quarta</span> <span class='ocrx_word' id='word_1_107' title='bbox 1019 1000 1144 1041; x_wconf 87' lang='lat' dir='ltr'>classe</span> <span class='ocrx_word' id='word_1_108' title='bbox 1186 1015 1333 1040; x_wconf 90' lang='lat' dir='ltr'>census</span> <span class='ocrx_word' id='word_1_109' title='bbox 1373 1000 1559 1056; x_wconf 90' lang='lat' dir='ltr'>quinque</span> <span class='ocrx_word' id='word_1_110' title='bbox 1597 1008 1639 1040; x_wconf 90' lang='lat' dir='ltr'>et</span> <span class='ocrx_word' id='word_1_111' title='bbox 1677 998 1827 1055; x_wconf 86' lang='lat' dir='ltr'>viginti</span> 
     </span>
     <span class='ocr_line' id='line_1_15' title="bbox 447 1056 1827 1107; baseline -0.001 -8"><span class='ocrx_word' id='word_1_112' title='bbox 447 1058 648 1106; x_wconf 80' lang='lat' dir='ltr'>millium3</span> <span class='ocrx_word' id='word_1_113' title='bbox 692 1058 866 1098; x_wconf 90' lang='lat' dir='ltr'>totidem</span> <span class='ocrx_word' id='word_1_114' title='bbox 902 1057 1111 1098; x_wconf 77' lang='lat' dir='ltr'>centuriae</span> <span class='ocrx_word' id='word_1_115' title='bbox 1151 1057 1308 1098; x_wconf 87' lang='lat' dir='ltr'>factae:</span> <span class='ocrx_word' id='word_1_116' title='bbox 1352 1073 1466 1098; x_wconf 88' lang='lat' dir='ltr'>arma</span> <span class='ocrx_word' id='word_1_117' title='bbox 1499 1066 1680 1107; x_wconf 82' lang='lat' dir='ltr'>mutata3</span> <span class='ocrx_word' id='word_1_118' title='bbox 1721 1056 1827 1097; x_wconf 91' lang='lat' dir='ltr'>nihil</span> 
     </span>
     <span class='ocr_line' id='line_1_16' title="bbox 446 1090 1860 1180; baseline -0.003 -24"><span class='ocrx_word' id='word_1_119' title='bbox 446 1124 611 1180; x_wconf 86' lang='lat' dir='ltr'>praeter</span> <span class='ocrx_word' id='word_1_120' title='bbox 638 1090 799 1156; x_wconf 79' lang='lat' dir='ltr'>hastam</span> <span class='ocrx_word' id='word_1_121' title='bbox 828 1124 870 1155; x_wconf 89' lang='lat' dir='ltr'>et</span> <span class='ocrx_word' id='word_1_122' title='bbox 899 1123 1092 1155; x_wconf 85' lang='lat' dir='ltr'>verutum</span> <span class='ocrx_word' id='word_1_123' title='bbox 1120 1115 1275 1155; x_wconf 88' lang='lat' dir='ltr'>datum.</span> <span class='ocrx_word' id='word_1_124' title='bbox 1341 1114 1502 1162; x_wconf 81' lang='lat' dir='ltr'>Quinta</span> <span class='ocrx_word' id='word_1_125' title='bbox 1528 1115 1667 1156; x_wconf 89' lang='lat' dir='ltr'>classis</span> <span class='ocrx_word' id='word_1_126' title='bbox 1693 1122 1825 1163; x_wconf 88' lang='lat' dir='ltr'>aucta,</span> <span class='ocrx_word' id='word_1_127' title='bbox 1839 1119 1860 1152; x_wconf 92' lang='lat'><strong>6</strong></span> 
     </span>
     <span class='ocr_line' id='line_1_17' title="bbox 446 1171 1828 1228; baseline -0.001 -14"><span class='ocrx_word' id='word_1_128' title='bbox 446 1172 658 1215; x_wconf 89' lang='lat' dir='ltr'>centuriae</span> <span class='ocrx_word' id='word_1_129' title='bbox 700 1172 869 1228; x_wconf 87' lang='lat' dir='ltr'>triginta</span> <span class='ocrx_word' id='word_1_130' title='bbox 906 1172 1056 1212; x_wconf 85' lang='lat' dir='ltr'>factae:</span> <span class='ocrx_word' id='word_1_131' title='bbox 1106 1171 1255 1212; x_wconf 88' lang='lat' dir='ltr'>fundas</span> <span class='ocrx_word' id='word_1_132' title='bbox 1294 1171 1535 1228; x_wconf 89' lang='lat' dir='ltr'>lapidesque</span> <span class='ocrx_word' id='word_1_133' title='bbox 1571 1172 1744 1213; x_wconf 87' lang='lat' dir='ltr'>missiles</span> <span class='ocrx_word' id='word_1_134' title='bbox 1782 1171 1828 1213; x_wconf 88' lang='lat' dir='ltr'>hi</span> 
     </span>
     <span class='ocr_line' id='line_1_18' title="bbox 447 1228 1860 1286; baseline -0.001 -14"><span class='ocrx_word' id='word_1_135' title='bbox 447 1245 588 1272; x_wconf 89' lang='grc'>86611111</span> <span class='ocrx_word' id='word_1_136' title='bbox 617 1230 829 1286; x_wconf 82' lang='lat' dir='ltr'>gerebant.</span> <span class='ocrx_word' id='word_1_137' title='bbox 891 1228 943 1269; x_wconf 92' lang='lat' dir='ltr'>In</span> <span class='ocrx_word' id='word_1_138' title='bbox 970 1229 1035 1269; x_wconf 87' lang='lat' dir='ltr'>his</span> <span class='ocrx_word' id='word_1_139' title='bbox 1062 1229 1235 1278; x_wconf 82' lang='lat' dir='ltr'>accensi,</span> <span class='ocrx_word' id='word_1_140' title='bbox 1259 1230 1502 1278; x_wconf 87' lang='grc'>601111611168,</span> <span class='ocrx_word' id='word_1_141' title='bbox 1524 1230 1860 1286; x_wconf 88' lang='lat' dir='ltr'>tubicinesque,7</span> 
     </span>
     <span class='ocr_line' id='line_1_19' title="bbox 446 1261 1829 1333; baseline -0.001 -4"><span class='ocrx_word' id='word_1_142' title='bbox 446 1288 491 1329; x_wconf 91' lang='lat' dir='ltr'>in</span> <span class='ocrx_word' id='word_1_143' title='bbox 519 1297 601 1329; x_wconf 88' lang='lat' dir='ltr'>tres</span> <span class='ocrx_word' id='word_1_144' title='bbox 621 1287 828 1329; x_wconf 88' lang='lat' dir='ltr'>centurias</span> <span class='ocrx_word' id='word_1_145' title='bbox 849 1287 1069 1333; x_wconf 82' lang='lat' dir='ltr'>distributi.</span> <span class='ocrx_word' id='word_1_146' title='bbox 1134 1261 1346 1327; x_wconf 84' lang='lat' dir='ltr'>Undecim</span> <span class='ocrx_word' id='word_1_147' title='bbox 1367 1286 1549 1328; x_wconf 90' lang='lat' dir='ltr'>millibus</span> <span class='ocrx_word' id='word_1_148' title='bbox 1568 1287 1670 1328; x_wconf 91' lang='lat' dir='ltr'>haec</span> <span class='ocrx_word' id='word_1_149' title='bbox 1692 1287 1829 1328; x_wconf 88' lang='grc'>6138818</span> 
     </span>
     <span class='ocr_line' id='line_1_20' title="bbox 447 1344 1830 1400; baseline -0.001 -14"><span class='ocrx_word' id='word_1_150' title='bbox 447 1346 703 1387; x_wconf 83' lang='lat' dir='ltr'>censebatur.</span> <span class='ocrx_word' id='word_1_151' title='bbox 774 1344 869 1385; x_wconf 90' lang='lat' dir='ltr'>Hoc</span> <span class='ocrx_word' id='word_1_152' title='bbox 910 1344 1045 1385; x_wconf 88' lang='lat' dir='ltr'>minor</span> <span class='ocrx_word' id='word_1_153' title='bbox 1084 1359 1231 1385; x_wconf 90' lang='lat' dir='ltr'>census</span> <span class='ocrx_word' id='word_1_154' title='bbox 1271 1344 1475 1400; x_wconf 87' lang='lat' dir='ltr'>reliquam</span> <span class='ocrx_word' id='word_1_155' title='bbox 1516 1344 1830 1385; x_wconf 90' lang='lat' dir='ltr'>multitudinem</span> 
     </span>
     <span class='ocr_line' id='line_1_21' title="bbox 446 1401 1831 1451; baseline -0.001 -7"><span class='ocrx_word' id='word_1_156' title='bbox 446 1403 616 1444; x_wconf 90' lang='lat' dir='ltr'>habuit:</span> <span class='ocrx_word' id='word_1_157' title='bbox 650 1403 748 1443; x_wconf 91' lang='lat' dir='ltr'>inde</span> <span class='ocrx_word' id='word_1_158' title='bbox 778 1418 862 1443; x_wconf 90' lang='lat' dir='ltr'>una</span> <span class='ocrx_word' id='word_1_159' title='bbox 888 1402 1075 1442; x_wconf 84' lang='lat' dir='ltr'>centuria</span> <span class='ocrx_word' id='word_1_160' title='bbox 1098 1402 1206 1442; x_wconf 89' lang='lat' dir='ltr'>facta</span> <span class='ocrx_word' id='word_1_161' title='bbox 1232 1410 1305 1451; x_wconf 88' lang='lat' dir='ltr'>est,</span> <span class='ocrx_word' id='word_1_162' title='bbox 1327 1402 1525 1443; x_wconf 88' lang='lat' dir='ltr'>immunis</span> <span class='ocrx_word' id='word_1_163' title='bbox 1546 1402 1703 1443; x_wconf 83' lang='lat' dir='ltr'>militia.</span> <span class='ocrx_word' id='word_1_164' title='bbox 1764 1401 1831 1443; x_wconf 82' lang='lat' dir='ltr'>Ita</span> 
     </span>
     <span class='ocr_line' id='line_1_22' title="bbox 446 1459 1831 1516; baseline -0.001 -15"><span class='ocrx_word' id='word_1_165' title='bbox 446 1460 629 1516; x_wconf 88' lang='lat' dir='ltr'>pedestri</span> <span class='ocrx_word' id='word_1_166' title='bbox 650 1460 836 1501; x_wconf 84' lang='lat' dir='ltr'>exercitu</span> <span class='ocrx_word' id='word_1_167' title='bbox 858 1468 1003 1500; x_wconf 90' lang='lat' dir='ltr'>ornato</span> <span class='ocrx_word' id='word_1_168' title='bbox 1020 1459 1337 1515; x_wconf 79' lang='lat' dir='ltr'>distributoque,</span> <span class='ocrx_word' id='word_1_169' title='bbox 1355 1460 1544 1516; x_wconf 89' lang='lat' dir='ltr'>equitum</span> <span class='ocrx_word' id='word_1_170' title='bbox 1565 1475 1620 1502; x_wconf 85' lang='lat' dir='ltr'>ex</span> <span class='ocrx_word' id='word_1_171' title='bbox 1639 1459 1831 1516; x_wconf 89' lang='lat' dir='ltr'>primori-</span> 
     </span>
     <span class='ocr_line' id='line_1_23' title="bbox 446 1517 1862 1572; baseline 0 -14"><span class='ocrx_word' id='word_1_172' title='bbox 446 1519 523 1559; x_wconf 93' lang='lat' dir='ltr'>bus</span> <span class='ocrx_word' id='word_1_173' title='bbox 554 1517 728 1558; x_wconf 88' lang='lat' dir='ltr'>civitatis</span> <span class='ocrx_word' id='word_1_174' title='bbox 759 1517 980 1558; x_wconf 87' lang='lat' dir='ltr'>duodecim</span> <span class='ocrx_word' id='word_1_175' title='bbox 1011 1517 1171 1572; x_wconf 87' lang='lat' dir='ltr'>scripsit</span> <span class='ocrx_word' id='word_1_176' title='bbox 1202 1517 1420 1558; x_wconf 89' lang='lat' dir='ltr'>centurias.</span> <span class='ocrx_word' id='word_1_177' title='bbox 1485 1517 1569 1558; x_wconf 85' lang='lat' dir='ltr'>Sex</span> <span class='ocrx_word' id='word_1_178' title='bbox 1599 1517 1701 1558; x_wconf 90' lang='lat' dir='ltr'>item</span> <span class='ocrx_word' id='word_1_179' title='bbox 1732 1517 1862 1558; x_wconf 89' lang='lat' dir='ltr'>alias8</span> 
     </span>
     <span class='ocr_line' id='line_1_24' title="bbox 447 1574 1830 1631; baseline -0.001 -15"><span class='ocrx_word' id='word_1_180' title='bbox 447 1575 666 1624; x_wconf 85' lang='lat' dir='ltr'>centurias,</span> <span class='ocrx_word' id='word_1_181' title='bbox 697 1575 826 1615; x_wconf 87' lang='lat' dir='ltr'>tribus</span> <span class='ocrx_word' id='word_1_182' title='bbox 854 1575 904 1615; x_wconf 92' lang='lat' dir='ltr'>ab</span> <span class='ocrx_word' id='word_1_183' title='bbox 931 1574 1113 1615; x_wconf 83' lang='lat' dir='ltr'>Romulo</span> <span class='ocrx_word' id='word_1_184' title='bbox 1144 1574 1355 1624; x_wconf 85' lang='lat' dir='ltr'>institutis,</span> <span class='ocrx_word' id='word_1_185' title='bbox 1384 1575 1460 1616; x_wconf 90' lang='lat' dir='ltr'>sub</span> <span class='ocrx_word' id='word_1_186' title='bbox 1488 1574 1649 1625; x_wconf 90' lang='lat' dir='ltr'>iisdem,</span> <span class='ocrx_word' id='word_1_187' title='bbox 1679 1575 1830 1631; x_wconf 91' lang='lat' dir='ltr'>quibus</span> 
     </span>
     <span class='ocr_line' id='line_1_25' title="bbox 447 1631 1862 1689; baseline 0 -16"><span class='ocrx_word' id='word_1_188' title='bbox 447 1633 717 1689; x_wconf 85' lang='lat' dir='ltr'>inauguratae</span> <span class='ocrx_word' id='word_1_189' title='bbox 754 1640 883 1681; x_wconf 87' lang='lat' dir='ltr'>erant,</span> <span class='ocrx_word' id='word_1_190' title='bbox 920 1632 1159 1673; x_wconf 87' lang='lat' dir='ltr'>nominibus</span> <span class='ocrx_word' id='word_1_191' title='bbox 1191 1631 1298 1672; x_wconf 87' lang='lat' dir='ltr'>fecit.</span> <span class='ocrx_word' id='word_1_192' title='bbox 1362 1631 1432 1672; x_wconf 83' lang='lat' dir='ltr'>Ad</span> <span class='ocrx_word' id='word_1_193' title='bbox 1465 1647 1593 1687; x_wconf 89' lang='lat' dir='ltr'>equos</span> <span class='ocrx_word' id='word_1_194' title='bbox 1628 1633 1862 1678; x_wconf 90' lang='lat' dir='ltr'>emend0s9</span> 
     </span>
     <span class='ocr_line' id='line_1_26' title="bbox 448 1689 1830 1745; baseline 0 -14"><span class='ocrx_word' id='word_1_195' title='bbox 448 1690 558 1732; x_wconf 88' lang='lat' dir='ltr'>dena</span> <span class='ocrx_word' id='word_1_196' title='bbox 578 1690 707 1731; x_wconf 88' lang='lat' dir='ltr'>millia</span> <span class='ocrx_word' id='word_1_197' title='bbox 728 1690 831 1730; x_wconf 90' lang='lat' dir='ltr'>aeris</span> <span class='ocrx_word' id='word_1_198' title='bbox 852 1705 905 1731; x_wconf 85' lang='lat' dir='ltr'>ex</span> <span class='ocrx_word' id='word_1_199' title='bbox 926 1689 1092 1745; x_wconf 88' lang='lat' dir='ltr'>publico</span> <span class='ocrx_word' id='word_1_200' title='bbox 1114 1689 1233 1738; x_wconf 79' lang='lat' dir='ltr'>data3</span> <span class='ocrx_word' id='word_1_201' title='bbox 1266 1698 1318 1740; x_wconf 87' lang='lat' dir='ltr'>et,</span> <span class='ocrx_word' id='word_1_202' title='bbox 1343 1689 1493 1745; x_wconf 91' lang='lat' dir='ltr'>quibus</span> <span class='ocrx_word' id='word_1_203' title='bbox 1509 1705 1638 1745; x_wconf 86' lang='lat' dir='ltr'>equos</span> <span class='ocrx_word' id='word_1_204' title='bbox 1658 1690 1830 1740; x_wconf 83' lang='lat' dir='ltr'>alerent,</span> 
     </span>
     <span class='ocr_line' id='line_1_27' title="bbox 447 1746 1859 1804; baseline -0.001 -15"><span class='ocrx_word' id='word_1_205' title='bbox 447 1748 596 1789; x_wconf 87' lang='lat' dir='ltr'>viduae</span> <span class='ocrx_word' id='word_1_206' title='bbox 622 1748 857 1797; x_wconf 82' lang='lat' dir='ltr'>attributae,</span> <span class='ocrx_word' id='word_1_207' title='bbox 881 1762 987 1803; x_wconf 88' lang='lat' dir='ltr'>quae</span> <span class='ocrx_word' id='word_1_208' title='bbox 1008 1747 1107 1788; x_wconf 88' lang='lat' dir='ltr'>bina</span> <span class='ocrx_word' id='word_1_209' title='bbox 1135 1746 1265 1787; x_wconf 88' lang='lat' dir='ltr'>millia</span> <span class='ocrx_word' id='word_1_210' title='bbox 1288 1748 1392 1788; x_wconf 86' lang='lat' dir='ltr'>aeris</span> <span class='ocrx_word' id='word_1_211' title='bbox 1419 1747 1463 1787; x_wconf 91' lang='lat' dir='ltr'>in</span> <span class='ocrx_word' id='word_1_212' title='bbox 1490 1762 1620 1789; x_wconf 89' lang='lat' dir='ltr'>annos</span> <span class='ocrx_word' id='word_1_213' title='bbox 1647 1747 1831 1804; x_wconf 86' lang='lat' dir='ltr'>singulos</span> <span class='ocrx_word' id='word_1_214' title='bbox 1847 1768 1859 1788; x_wconf 94' lang='lat'>1</span> 
     </span>
    </p>
   </div>
   <div class='ocr_carea' id='block_1_3' title="bbox 437 224 491 262">
    <p class='ocr_par' dir='ltr' id='par_1_3' title="bbox 437 224 491 262">
     <span class='ocr_line' id='line_1_28' title="bbox 437 224 491 262; baseline -0.019 0"><span class='ocrx_word' id='word_1_215' title='bbox 437 224 491 262; x_wconf 90' lang='lat'>50</span> 
     </span>
    </p>
   </div>
   <div class='ocr_carea' id='block_1_4' title="bbox 449 1865 1121 3009">
    <p class='ocr_par' dir='ltr' id='par_1_4' title="bbox 449 1865 1119 1989">
     <span class='ocr_line' id='line_1_29' title="bbox 491 1865 1119 1906; baseline -0.003 -9"><span class='ocrx_word' id='word_1_216' title='bbox 491 1880 510 1906; x_wconf 87' lang='lat'>4</span> <span class='ocrx_word' id='word_1_217' title='bbox 537 1869 633 1897; x_wconf 75' lang='lat' dir='ltr'>Duae</span> <span class='ocrx_word' id='word_1_218' title='bbox 654 1867 790 1905; x_wconf 76' lang='lat' dir='ltr'>fabrum</span> <span class='ocrx_word' id='word_1_219' title='bbox 819 1866 999 1903; x_wconf 76' lang='lat' dir='ltr'>centuriae]</span> <span class='ocrx_word' id='word_1_220' title='bbox 1049 1865 1119 1895; x_wconf 84' lang='lat' dir='ltr'>Has</span> 
     </span>
     <span class='ocr_line' id='line_1_30' title="bbox 450 1907 1118 1949; baseline -0.003 -10"><span class='ocrx_word' id='word_1_221' title='bbox 450 1909 625 1949; x_wconf 75' lang='lat' dir='ltr'>Dionysius</span> <span class='ocrx_word' id='word_1_222' title='bbox 647 1910 805 1939; x_wconf 85' lang='lat' dir='ltr'>secundae</span> <span class='ocrx_word' id='word_1_223' title='bbox 822 1908 925 1946; x_wconf 84' lang='lat' dir='ltr'>classi,</span> <span class='ocrx_word' id='word_1_224' title='bbox 941 1907 1044 1938; x_wconf 84' lang='lat' dir='ltr'>verius</span> <span class='ocrx_word' id='word_1_225' title='bbox 1058 1908 1118 1937; x_wconf 88' lang='lat' dir='ltr'>for-</span> 
     </span>
     <span class='ocr_line' id='line_1_31' title="bbox 449 1952 840 1989; baseline 0.003 -8"><span class='ocrx_word' id='word_1_226' title='bbox 449 1956 543 1989; x_wconf 81' lang='lat' dir='ltr'>tasse,</span> <span class='ocrx_word' id='word_1_227' title='bbox 558 1952 711 1982; x_wconf 85' lang='lat' dir='ltr'>attribuit.</span> <span class='ocrx_word' id='word_1_228' title='bbox 736 1952 840 1982; x_wconf 73' lang='lat' dir='ltr'>Cauv.</span> 
     </span>
    </p>

    <p class='ocr_par' dir='ltr' id='par_1_5' title="bbox 450 1992 1121 2407">
     <span class='ocr_line' id='line_1_32' title="bbox 493 1992 1118 2034; baseline -0.005 -9"><span class='ocrx_word' id='word_1_229' title='bbox 493 2004 510 2034; x_wconf 86' lang='lat'><strong><em>5</em></strong></span> <span class='ocrx_word' id='word_1_230' title='bbox 533 1998 665 2025; x_wconf 57' lang='lat' dir='ltr'>&amp;cutum</span> <span class='ocrx_word' id='word_1_231' title='bbox 683 2005 743 2033; x_wconf 79' lang='lat' dir='ltr'>pro</span> <span class='ocrx_word' id='word_1_232' title='bbox 764 1995 879 2034; x_wconf 76' lang='lat' dir='ltr'>clipeo]</span> <span class='ocrx_word' id='word_1_233' title='bbox 916 1992 1049 2032; x_wconf 89' lang='lat' dir='ltr'>Clipeus</span> <span class='ocrx_word' id='word_1_234' title='bbox 1072 2003 1118 2022; x_wconf 89' lang='lat' dir='ltr'>ro-</span> 
     </span>
     <span class='ocr_line' id='line_1_33' title="bbox 450 2036 1118 2073; baseline -0.003 -6"><span class='ocrx_word' id='word_1_235' title='bbox 450 2038 569 2067; x_wconf 82' lang='lat' dir='ltr'>tundus</span> <span class='ocrx_word' id='word_1_236' title='bbox 584 2041 616 2067; x_wconf 91' lang='lat' dir='ltr'>et</span> <span class='ocrx_word' id='word_1_237' title='bbox 631 2036 762 2067; x_wconf 79' lang='lat' dir='ltr'>brevior.</span> <span class='ocrx_word' id='word_1_238' title='bbox 808 2036 953 2073; x_wconf 82' lang='lat' dir='ltr'>Scutum,</span> <span class='ocrx_word' id='word_1_239' title='bbox 966 2039 1046 2065; x_wconf 89' lang='lat' dir='ltr'>teste</span> <span class='ocrx_word' id='word_1_240' title='bbox 1058 2036 1118 2066; x_wconf 90' lang='lat' dir='ltr'>Po-</span> 
     </span>
     <span class='ocr_line' id='line_1_34' title="bbox 450 2079 1121 2119; baseline -0.004 -9"><span class='ocrx_word' id='word_1_241' title='bbox 450 2080 516 2119; x_wconf 83' lang='lat' dir='ltr'>lyb.</span> <span class='ocrx_word' id='word_1_242' title='bbox 533 2079 572 2110; x_wconf 90' lang='lat' dir='ltr'>vi.</span> <span class='ocrx_word' id='word_1_243' title='bbox 587 2089 635 2118; x_wconf 81' lang='lat'>23.</span> <span class='ocrx_word' id='word_1_244' title='bbox 652 2080 772 2109; x_wconf 84' lang='lat' dir='ltr'>formae</span> <span class='ocrx_word' id='word_1_245' title='bbox 788 2079 954 2117; x_wconf 77' lang='lat' dir='ltr'>oblongae,</span> <span class='ocrx_word' id='word_1_246' title='bbox 970 2082 1121 2117; x_wconf 85' lang='lat' dir='ltr'>quattuor</span> 
     </span>
     <span class='ocr_line' id='line_1_35' title="bbox 450 2122 1119 2161; baseline -0.003 -9"><span class='ocrx_word' id='word_1_247' title='bbox 450 2123 549 2161; x_wconf 91' lang='lat' dir='ltr'>pedes</span> <span class='ocrx_word' id='word_1_248' title='bbox 574 2122 716 2161; x_wconf 85' lang='lat' dir='ltr'>longum,</span> <span class='ocrx_word' id='word_1_249' title='bbox 740 2122 841 2151; x_wconf 87' lang='lat' dir='ltr'>latum</span> <span class='ocrx_word' id='word_1_250' title='bbox 868 2122 948 2152; x_wconf 85' lang='lat' dir='ltr'>duos</span> <span class='ocrx_word' id='word_1_251' title='bbox 974 2131 1047 2151; x_wconf 91' lang='lat' dir='ltr'>cum</span> <span class='ocrx_word' id='word_1_252' title='bbox 1073 2131 1119 2150; x_wconf 90' lang='lat' dir='ltr'>se-</span> 
     </span>
     <span class='ocr_line' id='line_1_36' title="bbox 450 2164 1117 2203; baseline 0 -9"><span class='ocrx_word' id='word_1_253' title='bbox 450 2164 555 2202; x_wconf 80' lang='lat' dir='ltr'>misse,</span> <span class='ocrx_word' id='word_1_254' title='bbox 582 2169 616 2194; x_wconf 91' lang='lat' dir='ltr'>ut</span> <span class='ocrx_word' id='word_1_255' title='bbox 646 2168 750 2194; x_wconf 89' lang='lat' dir='ltr'>totum</span> <span class='ocrx_word' id='word_1_256' title='bbox 777 2174 892 2203; x_wconf 80' lang='lat' dir='ltr'>corpus</span> <span class='ocrx_word' id='word_1_257' title='bbox 922 2167 1117 2203; x_wconf 78' lang='lat' dir='ltr'>protegeret:</span> 
     </span>
     <span class='ocr_line' id='line_1_37' title="bbox 450 2206 1120 2246; baseline -0.001 -9"><span class='ocrx_word' id='word_1_258' title='bbox 450 2207 586 2246; x_wconf 87' lang='lat' dir='ltr'>ideoque</span> <span class='ocrx_word' id='word_1_259' title='bbox 609 2207 719 2237; x_wconf 83' lang='lat' dir='ltr'>(latum</span> <span class='ocrx_word' id='word_1_260' title='bbox 743 2207 901 2236; x_wconf 86' lang='lat' dir='ltr'>secundae</span> <span class='ocrx_word' id='word_1_261' title='bbox 920 2206 1024 2243; x_wconf 82' lang='lat' dir='ltr'>classi,</span> <span class='ocrx_word' id='word_1_262' title='bbox 1039 2216 1120 2245; x_wconf 83' lang='lat' dir='ltr'>quae</span> 
     </span>
     <span class='ocr_line' id='line_1_38' title="bbox 451 2249 1120 2287; baseline -0.003 -8"><span class='ocrx_word' id='word_1_263' title='bbox 451 2250 581 2280; x_wconf 83' lang='lat' dir='ltr'>loricam</span> <span class='ocrx_word' id='word_1_264' title='bbox 612 2260 675 2279; x_wconf 88' lang='lat' dir='ltr'>non</span> <span class='ocrx_word' id='word_1_265' title='bbox 706 2249 846 2280; x_wconf 84' lang='lat' dir='ltr'>haberet.</span> <span class='ocrx_word' id='word_1_266' title='bbox 906 2249 1120 2287; x_wconf 84' lang='lat' dir='ltr'>Posteaquam</span> 
     </span>
     <span class='ocr_line' id='line_1_39' title="bbox 452 2291 1119 2330; baseline -0.001 -8"><span class='ocrx_word' id='word_1_267' title='bbox 452 2292 592 2322; x_wconf 88' lang='lat' dir='ltr'>Romani</span> <span class='ocrx_word' id='word_1_268' title='bbox 605 2291 721 2321; x_wconf 86' lang='lat' dir='ltr'>milites</span> <span class='ocrx_word' id='word_1_269' title='bbox 733 2291 926 2330; x_wconf 86' lang='lat' dir='ltr'>stipendium</span> <span class='ocrx_word' id='word_1_270' title='bbox 939 2292 978 2321; x_wconf 89' lang='lat' dir='ltr'>de</span> <span class='ocrx_word' id='word_1_271' title='bbox 991 2291 1119 2330; x_wconf 84' lang='lat' dir='ltr'>publico</span> 
     </span>
     <span class='ocr_line' id='line_1_40' title="bbox 450 2334 1119 2374; baseline -0.003 -9"><span class='ocrx_word' id='word_1_272' title='bbox 450 2345 614 2374; x_wconf 81' lang='lat' dir='ltr'>accepere,</span> <span class='ocrx_word' id='word_1_273' title='bbox 637 2338 727 2364; x_wconf 88' lang='lat' dir='ltr'>scuta</span> <span class='ocrx_word' id='word_1_274' title='bbox 753 2334 900 2363; x_wconf 89' lang='lat' dir='ltr'>omnibus</span> <span class='ocrx_word' id='word_1_275' title='bbox 926 2334 1001 2363; x_wconf 86' lang='lat' dir='ltr'>data</span> <span class='ocrx_word' id='word_1_276' title='bbox 1024 2334 1119 2364; x_wconf 86' lang='lat' dir='ltr'>fuisse</span> 
     </span>
     <span class='ocr_line' id='line_1_41' title="bbox 450 2376 964 2407; baseline -0.002 0"><span class='ocrx_word' id='word_1_277' title='bbox 450 2382 562 2407; x_wconf 84' lang='lat' dir='ltr'>auctor</span> <span class='ocrx_word' id='word_1_278' title='bbox 577 2382 623 2407; x_wconf 84' lang='lat' dir='ltr'>est</span> <span class='ocrx_word' id='word_1_279' title='bbox 641 2376 709 2407; x_wconf 81' lang='lat' dir='ltr'>Liv.</span> <span class='ocrx_word' id='word_1_280' title='bbox 727 2376 789 2407; x_wconf 78' lang='lat' dir='ltr'>viii.</span> <span class='ocrx_word' id='word_1_281' title='bbox 807 2378 834 2406; x_wconf 75' lang='lat'>8.</span> <span class='ocrx_word' id='word_1_282' title='bbox 859 2377 964 2407; x_wconf 72' lang='lat' dir='ltr'>Cnssv.</span> 
     </span>
    </p>

    <p class='ocr_par' dir='ltr' id='par_1_6' title="bbox 450 2418 1121 2755">
     <span class='ocr_line' id='line_1_42' title="bbox 493 2418 1120 2458; baseline -0.005 -8"><span class='ocrx_word' id='word_1_283' title='bbox 493 2418 513 2450; x_wconf 89' lang='lat'><strong>6</strong></span> <span class='ocrx_word' id='word_1_284' title='bbox 537 2420 634 2451; x_wconf 67' lang='lat' dir='ltr'>Nihil</span> <span class='ocrx_word' id='word_1_285' title='bbox 658 2424 788 2458; x_wconf 74' lang='lat' dir='ltr'>praeter</span> <span class='ocrx_word' id='word_1_286' title='bbox 816 2420 938 2448; x_wconf 72' lang='lat' dir='ltr'>hastam</span> <span class='ocrx_word' id='word_1_287' title='bbox 968 2423 999 2449; x_wconf 83' lang='lat' dir='ltr'>et</span> <span class='ocrx_word' id='word_1_288' title='bbox 1028 2429 1120 2449; x_wconf 80' lang='lat' dir='ltr'>veru-</span> 
     </span>
     <span class='ocr_line' id='line_1_43' title="bbox 451 2460 1119 2500; baseline -0.003 -8"><span class='ocrx_word' id='word_1_289' title='bbox 451 2463 534 2500; x_wconf 85' lang='lat' dir='ltr'>tum]</span> <span class='ocrx_word' id='word_1_290' title='bbox 566 2461 766 2492; x_wconf 84' lang='lat' dir='ltr'>Probabilius</span> <span class='ocrx_word' id='word_1_291' title='bbox 781 2471 869 2491; x_wconf 86' lang='lat' dir='ltr'>arma</span> <span class='ocrx_word' id='word_1_292' title='bbox 889 2460 1026 2500; x_wconf 82' lang='lat' dir='ltr'>assignat</span> <span class='ocrx_word' id='word_1_293' title='bbox 1043 2460 1119 2490; x_wconf 91' lang='lat' dir='ltr'>Dio-</span> 
     </span>
     <span class='ocr_line' id='line_1_44' title="bbox 452 2503 1121 2544; baseline -0.003 -10"><span class='ocrx_word' id='word_1_294' title='bbox 452 2505 560 2544; x_wconf 78' lang='lat' dir='ltr'>nysius</span> <span class='ocrx_word' id='word_1_295' title='bbox 575 2504 649 2534; x_wconf 85' lang='lat' dir='ltr'>huic</span> <span class='ocrx_word' id='word_1_296' title='bbox 666 2503 769 2541; x_wconf 84' lang='lat' dir='ltr'>classi,</span> <span class='ocrx_word' id='word_1_297' title='bbox 785 2508 921 2539; x_wconf 87' lang='lat' dir='ltr'>scutum,</span> <span class='ocrx_word' id='word_1_298' title='bbox 937 2503 1074 2539; x_wconf 80' lang='lat' dir='ltr'>hastam,</span> <span class='ocrx_word' id='word_1_299' title='bbox 1089 2507 1121 2533; x_wconf 87' lang='lat' dir='ltr'>et</span> 
     </span>
     <span class='ocr_line' id='line_1_45' title="bbox 450 2545 1120 2586; baseline -0.004 -9"><span class='ocrx_word' id='word_1_300' title='bbox 450 2547 604 2586; x_wconf 85' lang='lat' dir='ltr'>gladium.</span> <span class='ocrx_word' id='word_1_301' title='bbox 650 2547 766 2585; x_wconf 88' lang='lat' dir='ltr'>Neque</span> <span class='ocrx_word' id='word_1_302' title='bbox 789 2546 873 2576; x_wconf 88' lang='lat' dir='ltr'>enim</span> <span class='ocrx_word' id='word_1_303' title='bbox 894 2545 1062 2575; x_wconf 82' lang='lat' dir='ltr'>verisimile</span> <span class='ocrx_word' id='word_1_304' title='bbox 1078 2545 1120 2576; x_wconf 85' lang='lat' dir='ltr'>vi-</span> 
     </span>
     <span class='ocr_line' id='line_1_46' title="bbox 451 2588 1119 2627; baseline -0.003 -8"><span class='ocrx_word' id='word_1_305' title='bbox 451 2590 544 2620; x_wconf 89' lang='lat' dir='ltr'>detur</span> <span class='ocrx_word' id='word_1_306' title='bbox 556 2590 635 2620; x_wconf 87' lang='lat' dir='ltr'>duas</span> <span class='ocrx_word' id='word_1_307' title='bbox 650 2590 776 2625; x_wconf 82' lang='lat' dir='ltr'>classes,</span> <span class='ocrx_word' id='word_1_308' title='bbox 786 2593 817 2618; x_wconf 93' lang='lat' dir='ltr'>et</span> <span class='ocrx_word' id='word_1_309' title='bbox 830 2588 958 2627; x_wconf 88' lang='lat' dir='ltr'>quidem</span> <span class='ocrx_word' id='word_1_310' title='bbox 975 2598 1119 2617; x_wconf 88' lang='lat' dir='ltr'>numero-</span> 
     </span>
     <span class='ocr_line' id='line_1_47' title="bbox 451 2631 1120 2667; baseline 0 -7"><span class='ocrx_word' id='word_1_311' title='bbox 451 2632 599 2667; x_wconf 77' lang='grc'>8188111138,</span> <span class='ocrx_word' id='word_1_312' title='bbox 637 2631 699 2662; x_wconf 79' lang='lat' dir='ltr'>levi</span> <span class='ocrx_word' id='word_1_313' title='bbox 736 2635 915 2661; x_wconf 83' lang='lat' dir='ltr'>armaturae</span> <span class='ocrx_word' id='word_1_314' title='bbox 951 2631 1120 2661; x_wconf 83' lang='lat' dir='ltr'>attributas</span> 
     </span>
     <span class='ocr_line' id='line_1_48' title="bbox 451 2673 1119 2712; baseline 0 -9"><span class='ocrx_word' id='word_1_315' title='bbox 451 2674 556 2705; x_wconf 76' lang='lat' dir='ltr'>fuisse.</span> <span class='ocrx_word' id='word_1_316' title='bbox 602 2674 645 2704; x_wconf 82' lang='lat' dir='ltr'>Et</span> <span class='ocrx_word' id='word_1_317' title='bbox 668 2674 797 2704; x_wconf 82' lang='lat' dir='ltr'>fortasse</span> <span class='ocrx_word' id='word_1_318' title='bbox 818 2673 869 2703; x_wconf 85' lang='lat' dir='ltr'>hic</span> <span class='ocrx_word' id='word_1_319' title='bbox 894 2683 950 2712; x_wconf 89' lang='lat' dir='ltr'>pro</span> <span class='ocrx_word' id='word_1_320' title='bbox 974 2678 1119 2704; x_wconf 78' lang='lat' dir='ltr'>verutum</span> 
     </span>
     <span class='ocr_line' id='line_1_49' title="bbox 453 2716 961 2755; baseline -0.002 -9"><span class='ocrx_word' id='word_1_321' title='bbox 453 2716 622 2755; x_wconf 83' lang='lat' dir='ltr'>legendum</span> <span class='ocrx_word' id='word_1_322' title='bbox 639 2721 686 2747; x_wconf 88' lang='lat' dir='ltr'>est</span> <span class='ocrx_word' id='word_1_323' title='bbox 699 2720 833 2746; x_wconf 81' lang='lat' dir='ltr'>scutum.</span> <span class='ocrx_word' id='word_1_324' title='bbox 857 2716 961 2747; x_wconf 74' lang='lat' dir='ltr'>CREV.</span> 
     </span>
    </p>

    <p class='ocr_par' dir='ltr' id='par_1_7' title="bbox 452 2757 1121 3009">
     <span class='ocr_line' id='line_1_50' title="bbox 502 2757 1120 2797; baseline 0 -9"><span class='ocrx_word' id='word_1_325' title='bbox 502 2766 517 2797; x_wconf 89' lang='lat'>7</span> <span class='ocrx_word' id='word_1_326' title='bbox 545 2760 696 2796; x_wconf 56' lang='lat' dir='ltr'>siccensi]</span> <span class='ocrx_word' id='word_1_327' title='bbox 733 2759 878 2793; x_wconf 69' lang='lat' dir='ltr'>Accensi,</span> <span class='ocrx_word' id='word_1_328' title='bbox 908 2758 1013 2788; x_wconf 87' lang='lat' dir='ltr'>iudice</span> <span class='ocrx_word' id='word_1_329' title='bbox 1043 2757 1120 2788; x_wconf 91' lang='lat' dir='ltr'>Nie-</span> 
     </span>
     <span class='ocr_line' id='line_1_51' title="bbox 453 2800 1121 2840; baseline 0.003 -12"><span class='ocrx_word' id='word_1_330' title='bbox 453 2800 576 2837; x_wconf 81' lang='lat' dir='ltr'>buhrio,</span> <span class='ocrx_word' id='word_1_331' title='bbox 592 2806 681 2831; x_wconf 81' lang='lat' dir='ltr'>eraut</span> <span class='ocrx_word' id='word_1_332' title='bbox 697 2801 729 2837; x_wconf 85' lang='lat' dir='ltr'>ii,</span> <span class='ocrx_word' id='word_1_333' title='bbox 745 2801 798 2840; x_wconf 90' lang='lat' dir='ltr'>qui</span> <span class='ocrx_word' id='word_1_334' title='bbox 815 2811 944 2831; x_wconf 85' lang='lat' dir='ltr'>censum</span> <span class='ocrx_word' id='word_1_335' title='bbox 968 2801 1049 2830; x_wconf 84' lang='lat' dir='ltr'>intra</span> <span class='ocrx_word' id='word_1_336' title='bbox 1065 2811 1121 2830; x_wconf 86' lang='lat' dir='ltr'>un-</span> 
     </span>
     <span class='ocr_line' id='line_1_52' title="bbox 453 2842 1119 2882; baseline 0.003 -11"><span class='ocrx_word' id='word_1_337' title='bbox 453 2842 555 2872; x_wconf 85' lang='lat' dir='ltr'>decim</span> <span class='ocrx_word' id='word_1_338' title='bbox 585 2848 616 2872; x_wconf 80' lang='lat' dir='ltr'>ct</span> <span class='ocrx_word' id='word_1_339' title='bbox 641 2848 763 2882; x_wconf 81' lang='lat' dir='ltr'>septem</span> <span class='ocrx_word' id='word_1_340' title='bbox 791 2843 893 2873; x_wconf 87' lang='lat' dir='ltr'>millia</span> <span class='ocrx_word' id='word_1_341' title='bbox 916 2843 996 2873; x_wconf 86' lang='lat' dir='ltr'>aeris</span> <span class='ocrx_word' id='word_1_342' title='bbox 1026 2843 1119 2873; x_wconf 86' lang='lat' dir='ltr'>habe-</span> 
     </span>
     <span class='ocr_line' id='line_1_53' title="bbox 453 2885 1119 2924; baseline 0.003 -11"><span class='ocrx_word' id='word_1_343' title='bbox 453 2888 542 2920; x_wconf 86' lang='lat' dir='ltr'>rent;</span> <span class='ocrx_word' id='word_1_344' title='bbox 564 2885 677 2922; x_wconf 84' lang='lat' dir='ltr'>quibus</span> <span class='ocrx_word' id='word_1_345' title='bbox 693 2890 800 2915; x_wconf 81' lang='lat' dir='ltr'>autem</span> <span class='ocrx_word' id='word_1_346' title='bbox 822 2885 924 2915; x_wconf 87' lang='lat' dir='ltr'>minor</span> <span class='ocrx_word' id='word_1_347' title='bbox 939 2895 1034 2924; x_wconf 87' lang='lat' dir='ltr'>quam</span> <span class='ocrx_word' id='word_1_348' title='bbox 1051 2896 1119 2924; x_wconf 85' lang='lat' dir='ltr'>sep-</span> 
     </span>
     <span class='ocr_line' id='line_1_54' title="bbox 452 2925 1121 2966; baseline 0.004 -11"><span class='ocrx_word' id='word_1_349' title='bbox 452 2925 517 2956; x_wconf 84' lang='lat' dir='ltr'>teni</span> <span class='ocrx_word' id='word_1_350' title='bbox 535 2927 646 2961; x_wconf 82' lang='lat' dir='ltr'>millia,</span> <span class='ocrx_word' id='word_1_351' title='bbox 671 2928 781 2964; x_wconf 68' lang='lat' dir='ltr'>Veluti,</span> <span class='ocrx_word' id='word_1_352' title='bbox 794 2931 824 2957; x_wconf 85' lang='lat' dir='ltr'>et</span> <span class='ocrx_word' id='word_1_353' title='bbox 840 2928 954 2966; x_wconf 85' lang='lat' dir='ltr'>quibus</span> <span class='ocrx_word' id='word_1_354' title='bbox 969 2938 1030 2957; x_wconf 89' lang='lat' dir='ltr'>nou</span> <span class='ocrx_word' id='word_1_355' title='bbox 1049 2928 1121 2966; x_wconf 91' lang='lat' dir='ltr'>plus</span> 
     </span>
     <span class='ocr_line' id='line_1_55' title="bbox 452 2968 1118 3009; baseline 0.003 -11"><span class='ocrx_word' id='word_1_356' title='bbox 452 2968 542 2999; x_wconf 87' lang='lat' dir='ltr'>mille</span> <span class='ocrx_word' id='word_1_357' title='bbox 572 2968 780 3008; x_wconf 82' lang='lat' dir='ltr'>quingentum</span> <span class='ocrx_word' id='word_1_358' title='bbox 817 2969 908 3008; x_wconf 82' lang='lat' dir='ltr'>aeris,</span> <span class='ocrx_word' id='word_1_359' title='bbox 940 2971 1118 3009; x_wconf 76' lang='lat' dir='ltr'>proletarii.</span> 
     </span>
    </p>
   </div>
   <div class='ocr_carea' id='block_1_5' title="bbox 1162 1865 1832 3008">
    <p class='ocr_par' dir='ltr' id='par_1_8' title="bbox 1162 1865 1832 2415">
     <span class='ocr_line' id='line_1_56' title="bbox 1163 1865 1830 1906; baseline 0.003 -11"><span class='ocrx_word' id='word_1_360' title='bbox 1163 1865 1201 1896; x_wconf 84' lang='lat' dir='ltr'>cf.</span> <span class='ocrx_word' id='word_1_361' title='bbox 1224 1865 1291 1896; x_wconf 83' lang='lat' dir='ltr'>Cic.</span> <span class='ocrx_word' id='word_1_362' title='bbox 1314 1866 1353 1896; x_wconf 89' lang='lat' dir='ltr'>de</span> <span class='ocrx_word' id='word_1_363' title='bbox 1375 1867 1458 1906; x_wconf 87' lang='lat' dir='ltr'>Rep.</span> <span class='ocrx_word' id='word_1_364' title='bbox 1479 1866 1509 1897; x_wconf 91' lang='lat' dir='ltr'>ii.</span> <span class='ocrx_word' id='word_1_365' title='bbox 1528 1876 1577 1897; x_wconf 83' lang='lat'>20.</span> <span class='ocrx_word' id='word_1_366' title='bbox 1601 1867 1640 1898; x_wconf 90' lang='lat' dir='ltr'>A.</span> <span class='ocrx_word' id='word_1_367' title='bbox 1657 1867 1744 1898; x_wconf 85' lang='lat' dir='ltr'>Gen.</span> <span class='ocrx_word' id='word_1_368' title='bbox 1767 1866 1830 1898; x_wconf 81' lang='lat' dir='ltr'>xvi.</span> 
     </span>
     <span class='ocr_line' id='line_1_57' title="bbox 1167 1908 1831 1949; baseline 0.005 -12"><span class='ocrx_word' id='word_1_369' title='bbox 1167 1918 1212 1938; x_wconf 93' lang='lat'>10.</span> <span class='ocrx_word' id='word_1_370' title='bbox 1252 1908 1365 1938; x_wconf 84' lang='lat' dir='ltr'>Festus</span> <span class='ocrx_word' id='word_1_371' title='bbox 1376 1909 1408 1938; x_wconf 90' lang='lat' dir='ltr'>in</span> <span class='ocrx_word' id='word_1_372' title='bbox 1422 1920 1489 1940; x_wconf 83' lang='lat' dir='ltr'>voe.</span> <span class='ocrx_word' id='word_1_373' title='bbox 1503 1909 1703 1949; x_wconf 76' lang='lat' dir='ltr'>Adscriptitii</span> <span class='ocrx_word' id='word_1_374' title='bbox 1718 1914 1750 1940; x_wconf 87' lang='lat' dir='ltr'>et</span> <span class='ocrx_word' id='word_1_375' title='bbox 1766 1910 1831 1940; x_wconf 89' lang='lat' dir='ltr'>Ad-</span> 
     </span>
     <span class='ocr_line' id='line_1_58' title="bbox 1164 1950 1832 1991; baseline 0.003 -11"><span class='ocrx_word' id='word_1_376' title='bbox 1164 1950 1260 1988; x_wconf 86' lang='lat' dir='ltr'>censi,</span> <span class='ocrx_word' id='word_1_377' title='bbox 1281 1951 1326 1981; x_wconf 86' lang='lat' dir='ltr'>ita</span> <span class='ocrx_word' id='word_1_378' title='bbox 1349 1951 1450 1981; x_wconf 88' lang='lat' dir='ltr'>dictos</span> <span class='ocrx_word' id='word_1_379' title='bbox 1473 1962 1527 1982; x_wconf 87' lang='lat' dir='ltr'>eos</span> <span class='ocrx_word' id='word_1_380' title='bbox 1548 1952 1644 1982; x_wconf 88' lang='lat' dir='ltr'>fuisse</span> <span class='ocrx_word' id='word_1_381' title='bbox 1667 1951 1720 1991; x_wconf 88' lang='lat' dir='ltr'>qui</span> <span class='ocrx_word' id='word_1_382' title='bbox 1742 1956 1832 1983; x_wconf 86' lang='lat' dir='ltr'>extra</span> 
     </span>
     <span class='ocr_line' id='line_1_59' title="bbox 1162 1994 1831 2033; baseline 0.003 -10"><span class='ocrx_word' id='word_1_383' title='bbox 1162 2003 1330 2024; x_wconf 88' lang='lat' dir='ltr'>numerum</span> <span class='ocrx_word' id='word_1_384' title='bbox 1363 1994 1539 2033; x_wconf 87' lang='lat' dir='ltr'>legionibus</span> <span class='ocrx_word' id='word_1_385' title='bbox 1567 1995 1831 2032; x_wconf 82' lang='lat' dir='ltr'>adceusebautur,</span> 
     </span>
     <span class='ocr_line' id='line_1_60' title="bbox 1162 2035 1831 2077; baseline 0.003 -12"><span class='ocrx_word' id='word_1_386' title='bbox 1162 2039 1198 2065; x_wconf 89' lang='lat' dir='ltr'>ut</span> <span class='ocrx_word' id='word_1_387' title='bbox 1224 2035 1256 2066; x_wconf 88' lang='lat' dir='ltr'>in</span> <span class='ocrx_word' id='word_1_388' title='bbox 1278 2037 1517 2066; x_wconf 88' lang='lat' dir='ltr'>demortuorum</span> <span class='ocrx_word' id='word_1_389' title='bbox 1548 2037 1654 2067; x_wconf 90' lang='lat' dir='ltr'>locum</span> <span class='ocrx_word' id='word_1_390' title='bbox 1684 2037 1831 2077; x_wconf 86' lang='lat' dir='ltr'>subroga-</span> 
     </span>
     <span class='ocr_line' id='line_1_61' title="bbox 1163 2079 1832 2119; baseline 0.003 -11"><span class='ocrx_word' id='word_1_391' title='bbox 1163 2082 1280 2109; x_wconf 87' lang='lat' dir='ltr'>rentur.</span> <span class='ocrx_word' id='word_1_392' title='bbox 1325 2079 1503 2110; x_wconf 85' lang='lat' dir='ltr'>Crevierius</span> <span class='ocrx_word' id='word_1_393' title='bbox 1529 2083 1622 2118; x_wconf 90' lang='lat' dir='ltr'>putat</span> <span class='ocrx_word' id='word_1_394' title='bbox 1647 2089 1700 2110; x_wconf 88' lang='lat' dir='ltr'>eos</span> <span class='ocrx_word' id='word_1_395' title='bbox 1723 2080 1777 2119; x_wconf 90' lang='lat' dir='ltr'>qui</span> <span class='ocrx_word' id='word_1_396' title='bbox 1800 2084 1832 2110; x_wconf 86' lang='lat' dir='ltr'>et</span> 
     </span>
     <span class='ocr_line' id='line_1_62' title="bbox 1162 2121 1831 2162; baseline 0.003 -12"><span class='ocrx_word' id='word_1_397' title='bbox 1162 2121 1390 2160; x_wconf 85' lang='lat' dir='ltr'>imperatorum</span> <span class='ocrx_word' id='word_1_398' title='bbox 1424 2122 1456 2152; x_wconf 90' lang='lat' dir='ltr'>in</span> <span class='ocrx_word' id='word_1_399' title='bbox 1486 2122 1572 2152; x_wconf 90' lang='lat' dir='ltr'>bello</span> <span class='ocrx_word' id='word_1_400' title='bbox 1601 2125 1633 2152; x_wconf 88' lang='lat' dir='ltr'>et</span> <span class='ocrx_word' id='word_1_401' title='bbox 1669 2122 1831 2162; x_wconf 82' lang='lat' dir='ltr'>magistra-</span> 
     </span>
     <span class='ocr_line' id='line_1_63' title="bbox 1162 2164 1832 2204; baseline 0.003 -11"><span class='ocrx_word' id='word_1_402' title='bbox 1162 2167 1254 2194; x_wconf 84' lang='lat' dir='ltr'>tuum</span> <span class='ocrx_word' id='word_1_403' title='bbox 1288 2164 1321 2194; x_wconf 89' lang='lat' dir='ltr'>in</span> <span class='ocrx_word' id='word_1_404' title='bbox 1356 2165 1433 2195; x_wconf 86' lang='lat' dir='ltr'>urbe</span> <span class='ocrx_word' id='word_1_405' title='bbox 1469 2164 1610 2204; x_wconf 87' lang='lat' dir='ltr'>imperiis</span> <span class='ocrx_word' id='word_1_406' title='bbox 1638 2165 1832 2204; x_wconf 79' lang='lat' dir='ltr'>exequendis</span> 
     </span>
     <span class='ocr_line' id='line_1_64' title="bbox 1165 2207 1831 2247; baseline 0.003 -11"><span class='ocrx_word' id='word_1_407' title='bbox 1165 2210 1290 2245; x_wconf 88' lang='lat' dir='ltr'>praesto</span> <span class='ocrx_word' id='word_1_408' title='bbox 1316 2211 1431 2244; x_wconf 79' lang='lat' dir='ltr'>essent,</span> <span class='ocrx_word' id='word_1_409' title='bbox 1457 2207 1552 2237; x_wconf 86' lang='lat' dir='ltr'>fuisse</span> <span class='ocrx_word' id='word_1_410' title='bbox 1577 2207 1609 2237; x_wconf 90' lang='lat' dir='ltr'>in</span> <span class='ocrx_word' id='word_1_411' title='bbox 1635 2217 1734 2247; x_wconf 82' lang='lat' dir='ltr'>unam</span> <span class='ocrx_word' id='word_1_412' title='bbox 1760 2218 1831 2238; x_wconf 88' lang='lat' dir='ltr'>cen-</span> 
     </span>
     <span class='ocr_line' id='line_1_65' title="bbox 1163 2248 1831 2281; baseline 0.004 -3"><span class='ocrx_word' id='word_1_413' title='bbox 1163 2248 1279 2279; x_wconf 88' lang='lat' dir='ltr'>turiam</span> <span class='ocrx_word' id='word_1_414' title='bbox 1297 2249 1456 2279; x_wconf 89' lang='lat' dir='ltr'>coniectos</span> <span class='ocrx_word' id='word_1_415' title='bbox 1471 2254 1503 2279; x_wconf 87' lang='lat' dir='ltr'>et</span> <span class='ocrx_word' id='word_1_416' title='bbox 1517 2250 1558 2281; x_wconf 87' lang='lat' dir='ltr'>de</span> <span class='ocrx_word' id='word_1_417' title='bbox 1573 2249 1610 2280; x_wconf 84' lang='lat' dir='ltr'>iis</span> <span class='ocrx_word' id='word_1_418' title='bbox 1630 2250 1663 2280; x_wconf 89' lang='lat' dir='ltr'>in</span> <span class='ocrx_word' id='word_1_419' title='bbox 1683 2250 1744 2280; x_wconf 90' lang='lat' dir='ltr'>hoc</span> <span class='ocrx_word' id='word_1_420' title='bbox 1760 2251 1831 2281; x_wconf 91' lang='lat' dir='ltr'>loco</span> 
     </span>
     <span class='ocr_line' id='line_1_66' title="bbox 1162 2289 1830 2331; baseline 0.003 -10"><span class='ocrx_word' id='word_1_421' title='bbox 1162 2301 1254 2331; x_wconf 80' lang='lat' dir='ltr'>agere</span> <span class='ocrx_word' id='word_1_422' title='bbox 1279 2292 1416 2322; x_wconf 80' lang='lat' dir='ltr'>Livium.</span> <span class='ocrx_word' id='word_1_423' title='bbox 1448 2293 1486 2323; x_wconf 86' lang='lat' dir='ltr'>cf.</span> <span class='ocrx_word' id='word_1_424' title='bbox 1511 2292 1543 2322; x_wconf 97' lang='lat' dir='ltr'>N</span> <span class='ocrx_word' id='word_1_425' title='bbox 1548 2289 1639 2322; x_wconf 68' lang='lat' dir='ltr'>&#39;onius</span> <span class='ocrx_word' id='word_1_426' title='bbox 1666 2294 1706 2323; x_wconf 87' lang='lat' dir='ltr'>de</span> <span class='ocrx_word' id='word_1_427' title='bbox 1734 2293 1830 2324; x_wconf 91' lang='lat' dir='ltr'>Doct.</span> 
     </span>
     <span class='ocr_line' id='line_1_67' title="bbox 1164 2334 1831 2381; baseline 0.003 -18"><span class='ocrx_word' id='word_1_428' title='bbox 1164 2334 1276 2381; x_wconf 55' lang='lat' dir='ltr'>indag.</span> <span class='ocrx_word' id='word_1_429' title='bbox 1308 2344 1371 2365; x_wconf 77' lang='lat' dir='ltr'>XII.</span> <span class='ocrx_word' id='word_1_430' title='bbox 1399 2335 1427 2365; x_wconf 87' lang='lat'>8.</span> <span class='ocrx_word' id='word_1_431' title='bbox 1459 2345 1486 2365; x_wconf 90' lang='lat' dir='ltr'>v.</span> <span class='ocrx_word' id='word_1_432' title='bbox 1518 2337 1650 2366; x_wconf 78' lang='lat' dir='ltr'>accensi.</span> <span class='ocrx_word' id='word_1_433' title='bbox 1696 2335 1831 2366; x_wconf 89' lang='lat' dir='ltr'>Niebhr.</span> 
     </span>
     <span class='ocr_line' id='line_1_68' title="bbox 1164 2386 1319 2415; baseline 0.013 -10"><span class='ocrx_word' id='word_1_434' title='bbox 1164 2386 1182 2406; x_wconf 86' lang='lat'>1.</span> <span class='ocrx_word' id='word_1_435' title='bbox 1201 2386 1231 2415; x_wconf 92' lang='lat' dir='ltr'>p.</span> <span class='ocrx_word' id='word_1_436' title='bbox 1249 2386 1319 2414; x_wconf 80' lang='lat'><strong>44²·</strong></span> 
     </span>
    </p>

    <p class='ocr_par' dir='ltr' id='par_1_9' title="bbox 1162 2419 1831 2670">
     <span class='ocr_line' id='line_1_69' title="bbox 1207 2419 1831 2458; baseline 0.005 -11"><span class='ocrx_word' id='word_1_437' title='bbox 1207 2419 1225 2448; x_wconf 86' lang='lat'>8</span> <span class='ocrx_word' id='word_1_438' title='bbox 1248 2420 1423 2449; x_wconf 74' lang='lat' dir='ltr'>Duodecim</span> <span class='ocrx_word' id='word_1_439' title='bbox 1439 2443 1446 2449; x_wconf 94' lang='lat'>.</span> <span class='ocrx_word' id='word_1_440' title='bbox 1464 2443 1470 2449; x_wconf 92' lang='lat'>.</span> <span class='ocrx_word' id='word_1_441' title='bbox 1488 2443 1495 2449; x_wconf 93' lang='lat'>.</span> <span class='ocrx_word' id='word_1_442' title='bbox 1513 2443 1520 2449; x_wconf 92' lang='lat'>.</span> <span class='ocrx_word' id='word_1_443' title='bbox 1536 2420 1714 2458; x_wconf 73' lang='lat' dir='ltr'>centurias]</span> <span class='ocrx_word' id='word_1_444' title='bbox 1758 2419 1831 2450; x_wconf 84' lang='lat' dir='ltr'>Ple-</span> 
     </span>
     <span class='ocr_line' id='line_1_70' title="bbox 1163 2461 1830 2499; baseline 0.001 -8"><span class='ocrx_word' id='word_1_445' title='bbox 1163 2461 1305 2491; x_wconf 85' lang='lat' dir='ltr'>beiorum</span> <span class='ocrx_word' id='word_1_446' title='bbox 1322 2461 1375 2499; x_wconf 92' lang='lat' dir='ltr'>qui</span> <span class='ocrx_word' id='word_1_447' title='bbox 1392 2472 1488 2491; x_wconf 84' lang='grc'>6611811</span> <span class='ocrx_word' id='word_1_448' title='bbox 1503 2461 1645 2491; x_wconf 80' lang='lat' dir='ltr'>maximo</span> <span class='ocrx_word' id='word_1_449' title='bbox 1661 2463 1830 2492; x_wconf 88' lang='lat' dir='ltr'>censeban-</span> 
     </span>
     <span class='ocr_line' id='line_1_71' title="bbox 1164 2503 1831 2543; baseline 0.003 -10"><span class='ocrx_word' id='word_1_450' title='bbox 1164 2507 1223 2534; x_wconf 90' lang='lat' dir='ltr'>tur.</span> <span class='ocrx_word' id='word_1_451' title='bbox 1249 2504 1287 2534; x_wconf 85' lang='lat' dir='ltr'>ef.</span> <span class='ocrx_word' id='word_1_452' title='bbox 1305 2504 1372 2534; x_wconf 86' lang='lat' dir='ltr'>Cic.</span> <span class='ocrx_word' id='word_1_453' title='bbox 1389 2504 1429 2534; x_wconf 90' lang='lat' dir='ltr'>de</span> <span class='ocrx_word' id='word_1_454' title='bbox 1446 2504 1530 2543; x_wconf 86' lang='lat' dir='ltr'>Rep.</span> <span class='ocrx_word' id='word_1_455' title='bbox 1546 2503 1577 2534; x_wconf 83' lang='lat' dir='ltr'>ii.</span> <span class='ocrx_word' id='word_1_456' title='bbox 1596 2514 1644 2535; x_wconf 80' lang='lat'>22.</span> <span class='ocrx_word' id='word_1_457' title='bbox 1676 2504 1773 2535; x_wconf 82' lang='lat' dir='ltr'>Dion.</span> <span class='ocrx_word' id='word_1_458' title='bbox 1789 2505 1831 2536; x_wconf 86' lang='lat' dir='ltr'>iv.</span> 
     </span>
     <span class='ocr_line' id='line_1_72' title="bbox 1168 2547 1830 2579; baseline 0.003 -3"><span class='ocrx_word' id='word_1_459' title='bbox 1168 2547 1214 2576; x_wconf 84' lang='lat'>18.</span> <span class='ocrx_word' id='word_1_460' title='bbox 1237 2557 1292 2576; x_wconf 58' lang='lat' dir='ltr'>sea⁷</span> <span class='ocrx_word' id='word_1_461' title='bbox 1314 2547 1395 2576; x_wconf 80' lang='lat' dir='ltr'>alias</span> <span class='ocrx_word' id='word_1_462' title='bbox 1416 2548 1578 2577; x_wconf 77' lang='lat' dir='ltr'>centurias</span> <span class='ocrx_word' id='word_1_463' title='bbox 1601 2547 1640 2578; x_wconf 86' lang='lat' dir='ltr'>cf.</span> <span class='ocrx_word' id='word_1_464' title='bbox 1665 2547 1780 2578; x_wconf 86' lang='lat' dir='ltr'>Festus</span> <span class='ocrx_word' id='word_1_465' title='bbox 1802 2558 1830 2579; x_wconf 86' lang='lat' dir='ltr'>v.</span> 
     </span>
     <span class='ocr_line' id='line_1_73' title="bbox 1162 2588 1830 2630; baseline 0.003 -12"><span class='ocrx_word' id='word_1_466' title='bbox 1162 2590 1225 2618; x_wconf 70' lang='lat' dir='ltr'>Sea·</span> <span class='ocrx_word' id='word_1_467' title='bbox 1232 2589 1404 2628; x_wconf 72' lang='lat' dir='ltr'>suffrayia,</span> <span class='ocrx_word' id='word_1_468' title='bbox 1411 2598 1452 2619; x_wconf 91' lang='lat' dir='ltr'>sc.</span> <span class='ocrx_word' id='word_1_469' title='bbox 1462 2588 1664 2628; x_wconf 83' lang='lat' dir='ltr'>patriciorum</span> <span class='ocrx_word' id='word_1_470' title='bbox 1675 2589 1830 2630; x_wconf 86' lang='lat' dir='ltr'>equitum.</span> 
     </span>
     <span class='ocr_line' id='line_1_74' title="bbox 1166 2631 1467 2670; baseline 0.007 -10"><span class='ocrx_word' id='word_1_471' title='bbox 1166 2631 1208 2660; x_wconf 87' lang='lat' dir='ltr'>W</span> <span class='ocrx_word' id='word_1_472' title='bbox 1213 2631 1332 2661; x_wconf 87' lang='lat' dir='ltr'>achsm.</span> <span class='ocrx_word' id='word_1_473' title='bbox 1350 2641 1379 2670; x_wconf 93' lang='lat' dir='ltr'>p.</span> <span class='ocrx_word' id='word_1_474' title='bbox 1398 2641 1413 2661; x_wconf 80' lang='lat'><strong>2</strong></span> <span class='ocrx_word' id='word_1_475' title='bbox 1420 2639 1467 2670; x_wconf 85' lang='lat'>37.</span> 
     </span>
    </p>

    <p class='ocr_par' dir='ltr' id='par_1_10' title="bbox 1164 2675 1832 2967">
     <span class='ocr_line' id='line_1_75' title="bbox 1205 2675 1830 2715; baseline 0.005 -13"><span class='ocrx_word' id='word_1_476' title='bbox 1205 2683 1224 2713; x_wconf 87' lang='lat'>9</span> <span class='ocrx_word' id='word_1_477' title='bbox 1240 2675 1295 2703; x_wconf 61' lang='lat'>41]</span> <span class='ocrx_word' id='word_1_478' title='bbox 1322 2684 1416 2713; x_wconf 80' lang='lat' dir='ltr'>equos</span> <span class='ocrx_word' id='word_1_479' title='bbox 1443 2675 1602 2712; x_wconf 69' lang='lat' dir='ltr'>emerulos]</span> <span class='ocrx_word' id='word_1_480' title='bbox 1635 2675 1723 2706; x_wconf 84' lang='lat' dir='ltr'>Cave</span> <span class='ocrx_word' id='word_1_481' title='bbox 1744 2675 1830 2715; x_wconf 81' lang='lat' dir='ltr'>equi-</span> 
     </span>
     <span class='ocr_line' id='line_1_76' title="bbox 1164 2716 1831 2756; baseline 0.003 -11"><span class='ocrx_word' id='word_1_482' title='bbox 1164 2720 1208 2746; x_wconf 78' lang='lat' dir='ltr'>ces</span> <span class='ocrx_word' id='word_1_483' title='bbox 1233 2720 1265 2746; x_wconf 90' lang='lat' dir='ltr'>et</span> <span class='ocrx_word' id='word_1_484' title='bbox 1290 2717 1465 2756; x_wconf 78' lang='lat' dir='ltr'>equztatum</span> <span class='ocrx_word' id='word_1_485' title='bbox 1491 2716 1576 2747; x_wconf 90' lang='lat' dir='ltr'>idem</span> <span class='ocrx_word' id='word_1_486' title='bbox 1608 2717 1691 2747; x_wconf 89' lang='lat' dir='ltr'>velle</span> <span class='ocrx_word' id='word_1_487' title='bbox 1727 2720 1831 2756; x_wconf 83' lang='lat' dir='ltr'>putes,</span> 
     </span>
     <span class='ocr_line' id='line_1_77' title="bbox 1164 2758 1832 2806; baseline 0.003 -19"><span class='ocrx_word' id='word_1_488' title='bbox 1164 2758 1284 2806; x_wconf 84' lang='lat' dir='ltr'>quippe</span> <span class='ocrx_word' id='word_1_489' title='bbox 1305 2758 1427 2797; x_wconf 85' lang='lat' dir='ltr'>equites</span> <span class='ocrx_word' id='word_1_490' title='bbox 1450 2759 1526 2790; x_wconf 80' lang='lat' dir='ltr'>ordo</span> <span class='ocrx_word' id='word_1_491' title='bbox 1545 2759 1656 2797; x_wconf 88' lang='lat' dir='ltr'>civilis,</span> <span class='ocrx_word' id='word_1_492' title='bbox 1671 2759 1832 2799; x_wconf 84' lang='lat' dir='ltr'>equitatus</span> 
     </span>
     <span class='ocr_line' id='line_1_78' title="bbox 1166 2800 1830 2842; baseline 0.002 -12"><span class='ocrx_word' id='word_1_493' title='bbox 1166 2800 1185 2830; x_wconf 92' lang='lat' dir='ltr'>ii</span> <span class='ocrx_word' id='word_1_494' title='bbox 1202 2801 1256 2840; x_wconf 89' lang='lat' dir='ltr'>qui</span> <span class='ocrx_word' id='word_1_495' title='bbox 1271 2812 1311 2831; x_wconf 85' lang='lat' dir='ltr'>cx</span> <span class='ocrx_word' id='word_1_496' title='bbox 1327 2801 1486 2840; x_wconf 85' lang='lat' dir='ltr'>equitibus</span> <span class='ocrx_word' id='word_1_497' title='bbox 1505 2802 1702 2842; x_wconf 86' lang='lat' dir='ltr'>legebantur,</span> <span class='ocrx_word' id='word_1_498' title='bbox 1717 2805 1748 2832; x_wconf 82' lang='lat' dir='ltr'>et</span> <span class='ocrx_word' id='word_1_499' title='bbox 1763 2801 1830 2840; x_wconf 90' lang='lat' dir='ltr'>qui-</span> 
     </span>
     <span class='ocr_line' id='line_1_79' title="bbox 1164 2844 1830 2883; baseline 0.002 -11"><span class='ocrx_word' id='word_1_500' title='bbox 1164 2844 1222 2873; x_wconf 83' lang='lat' dir='ltr'>bus</span> <span class='ocrx_word' id='word_1_501' title='bbox 1245 2854 1344 2882; x_wconf 87' lang='lat' dir='ltr'>equus</span> <span class='ocrx_word' id='word_1_502' title='bbox 1371 2844 1478 2883; x_wconf 78' lang='lat' dir='ltr'>publi(</span> <span class='ocrx_word' id='word_1_503' title='bbox 1481 2854 1517 2874; x_wconf 90' lang='lat' dir='ltr'>us</span> <span class='ocrx_word' id='word_1_504' title='bbox 1538 2844 1764 2883; x_wconf 84' lang='lat' dir='ltr'>assignabatur.</span> <span class='ocrx_word' id='word_1_505' title='bbox 1791 2844 1830 2874; x_wconf 85' lang='lat' dir='ltr'>cf.</span> 
     </span>
     <span class='ocr_line' id='line_1_80' title="bbox 1164 2886 1829 2926; baseline 0.002 -10"><span class='ocrx_word' id='word_1_506' title='bbox 1164 2886 1299 2917; x_wconf 86' lang='lat' dir='ltr'>Niebhr.</span> <span class='ocrx_word' id='word_1_507' title='bbox 1319 2886 1338 2917; x_wconf 89' lang='lat' dir='ltr'>i.</span> <span class='ocrx_word' id='word_1_508' title='bbox 1355 2897 1385 2926; x_wconf 89' lang='lat' dir='ltr'>p.</span> <span class='ocrx_word' id='word_1_509' title='bbox 1403 2896 1473 2926; x_wconf 82' lang='lat'>434.</span> <span class='ocrx_word' id='word_1_510' title='bbox 1498 2888 1644 2918; x_wconf 82' lang='lat' dir='ltr'>Creuzer.</span> <span class='ocrx_word' id='word_1_511' title='bbox 1662 2886 1702 2916; x_wconf 83' lang='lat' dir='ltr'>R.</span> <span class='ocrx_word' id='word_1_512' title='bbox 1720 2886 1829 2925; x_wconf 88' lang='lat' dir='ltr'>Antiq.</span> 
     </span>
     <span class='ocr_line' id='line_1_81' title="bbox 1164 2929 1247 2967; baseline 0.012 -9"><span class='ocrx_word' id='word_1_513' title='bbox 1164 2929 1180 2965; x_wconf 61' lang='grc' dir='ltr'>ς’</span> <span class='ocrx_word' id='word_1_514' title='bbox 1198 2930 1247 2967; x_wconf 75' lang='lat'>87.</span> 
     </span>
    </p>

    <p class='ocr_par' dir='ltr' id='par_1_11' title="bbox 1210 2969 1830 3008">
     <span class='ocr_line' id='line_1_82' title="bbox 1210 2969 1830 3008; baseline 0.002 -7"><span class='ocrx_word' id='word_1_515' title='bbox 1210 2981 1220 3001; x_wconf 92' lang='lat'><em>1</em></span> <span class='ocrx_word' id='word_1_516' title='bbox 1253 2972 1373 3002; x_wconf 79' lang='lat' dir='ltr'>Viduae</span> <span class='ocrx_word' id='word_1_517' title='bbox 1385 2971 1572 3008; x_wconf 77' lang='lat' dir='ltr'>attributae]</span> <span class='ocrx_word' id='word_1_518' title='bbox 1598 2971 1618 2986; x_wconf 79' lang='lat'>‘⁶</span> <span class='ocrx_word' id='word_1_519' title='bbox 1631 2969 1772 3001; x_wconf 88' lang='lat' dir='ltr'>Viduam</span> <span class='ocrx_word' id='word_1_520' title='bbox 1785 2980 1830 3002; x_wconf 77' lang='lat' dir='ltr'>es—</span> 
     </span>
    </p>
   </div>
  </div>
 </body>
</html>
