1934 3211
184 268 226 298 U.
244 268 281 298 C.
300 266 370 298 260.

182 311 221 341 A.
246 310 283 340 C.
300 320 371 350 492.

184 352 303 384 Variae
319 362 387 383 sen-

182 395 304 426 tentiae
318 394 352 425 in

185 442 310 469 senatu.

260 1347 326 1383 30.

198 1988 254 2017 Μ’.
277 1987 367 2017 Vale-

400 175 479 212 104
911 170 1059 212 ΤΙΤΙ
1101 169 1281 211 LIVII

398 261 530 302 nihilo
562 261 655 317 plus
687 261 871 302 sanitatis
903 261 948 300 in
980 260 1106 309 curia,
1138 274 1264 315 quam
1296 259 1340 299 in
1370 259 1471 308 foro,
1503 273 1605 307 esse,
1639 255 1784 298 ordine

399 319 559 360 consuli
589 319 737 374 coepit.
800 318 905 359 Tres
934 318 1048 359 fuere
1079 317 1321 358 sententiae.
1384 316 1432 357 P.
1458 315 1672 372 Virginius
1697 325 1817 359 rem6

400 392 487 418 non
517 376 734 433 vulgabat:
780 375 856 417 ‘de
889 376 938 416 iis
970 384 1146 425 tantum,
1178 374 1265 431 qui,
1294 374 1421 415 fidem
1453 373 1584 416 secuti
1614 372 1662 413 P.
1693 371 1788 413 Ser-

403 435 513 476 ‘vilii
553 433 745 484 consulis,
782 433 949 482 Volsco,
995 433 1208 482 Aurunco,
1258 432 1496 488 Sabinoque
1541 430 1789 472 militassent

403 492 548 542 ‘bello,
581 491 802 548 agendum’
832 491 1037 532 censebat.
1101 490 1152 531 T.
1176 489 1356 540 Lartius,
1387 489 1514 531 ‘Non
1546 488 1590 529 id
1622 497 1788 543 tempus

403 556 415 574 ⁶
428 565 528 600 esse,
550 557 598 590 ut
618 549 766 590 merita
787 547 1076 590 tantummodo
1104 548 1438 589 exsolverentur:
1473 556 1602 588 totam
1621 545 1789 601 plebem

404 614 521 649 ‘aere
553 607 689 648 alieno
719 606 951 647 demersam
981 620 1093 654 esse3
1125 621 1204 646 nec
1236 605 1323 646 sisti
1354 620 1486 662 posse,
1518 604 1563 645 ni
1595 602 1820 650 omnibus7

405 664 677 707 ‘consulatur
744 663 873 712 Quin,
909 663 942 703 si
975 662 1054 703 alia
1088 662 1261 704 aliorum
1298 663 1350 703 sit
1385 662 1582 711 conditio,
1616 659 1789 702 accendi

405 730 415 747 ⁶
430 723 559 778 magis
580 720 841 770 discordiam,
864 735 991 775 quam
1011 720 1170 761 sedari.9
1230 720 1313 776 Ap.
1341 719 1557 769 Claudius,
1580 727 1623 760 et
1641 725 1791 758 natura

403 780 586 828 immitis,
610 787 652 819 et
679 778 872 819 efferatus
903 777 1001 818 hinc
1031 777 1163 833 plebis
1191 778 1300 827 odio,
1322 777 1436 819 illinc
1457 777 1630 818 Patr-um
1656 774 1791 816 laudi-

402 839 491 886 bus,
517 843 528 860 ‘
542 836 643 877 Non
664 835 864 885 miseriis,'
880 835 948 884 ait,
973 835 1071 876 ‘sed
1089 835 1269 884 licentia,
1288 844 1451 876 tantum
1472 834 1683 876 concitum
1703 841 1792 874 tur-

406 901 416 919 ‘
430 896 598 943 barum3
632 902 674 934 et
693 893 878 934 lascivire
900 893 1030 948 magis
1050 892 1229 948 plebem,
1252 909 1378 949 quam
1399 893 1566 934 saevire.
1614 890 1666 933 Id
1686 890 1822 932 adeo8

406 959 416 976 ‘
431 951 586 992 malum
607 966 660 992 ex
681 950 973 1007 provocatione
996 959 1163 992 natum:
1198 951 1353 1007 quippe
1376 951 1508 991 minas
1529 965 1617 991 esse
1643 963 1793 990 consu-

407 1017 417 1034 ‘
431 1009 530 1059 lum,
553 1024 637 1049 non
659 1008 905 1064 imperium3
935 1008 1007 1049 ubi
1028 1007 1081 1048 ad
1102 1023 1184 1058 eos,
1202 1008 1275 1064 qui
1296 1025 1380 1049 una
1400 1008 1675 1065 peccaverint,
1696 1021 1793 1062 pro-

408 1074 576 1108 ‘vocare
605 1066 738 1107 liceat.
802 1065 1027 1122 Agedum,'
1047 1065 1197 1121 inquit,
1222 1065 1504 1115 ‘dictatorem,
1533 1081 1558 1106 a
1584 1080 1669 1120 quo
1698 1079 1795 1120 pro-

408 1124 592 1165 ‘vocatio
632 1139 717 1165 non
758 1132 832 1173 est,
869 1137 1068 1164 creemus.
1138 1123 1227 1164 Iam
1263 1123 1343 1173 hic,
1381 1139 1465 1179 quo
1505 1138 1618 1164 nunc
1654 1121 1796 1164 omnia

408 1182 591 1231 ‘ardent,
615 1182 866 1223 conticescet
891 1180 1015 1221 furor.
1077 1180 1223 1221 Pulset
1250 1189 1339 1221 tum
1367 1181 1470 1222 mihi
1496 1181 1698 1229 lictorem,
1721 1179 1795 1236 qui

407 1241 546 1290 ‘sciet,
574 1240 638 1280 ius
674 1239 726 1280 de
759 1248 874 1295 tergo
904 1239 1072 1293 vitaque
1108 1253 1184 1279 sua
1213 1253 1343 1294 penes
1375 1254 1508 1279 unum
1542 1237 1661 1279 illum
1691 1252 1793 1287 esse,

409 1304 420 1322 ‘
433 1298 550 1340 cuius
571 1297 828 1338 maiestatem
848 1295 1036 1337 violarit'

466 1355 626 1404 Multis,
650 1364 697 1396 ut
724 1362 823 1403 erat,
846 1353 1014 1395 horrida
1034 1362 1077 1394 et
1097 1362 1216 1395 atrox
1237 1353 1456 1395 videbatur
1475 1353 1608 1410 Appii
1628 1360 1797 1394 senten-

407 1414 485 1455 tia:
538 1428 677 1453 rursus
718 1411 899 1467 Virginii
941 1411 1156 1467 Lartiique
1199 1411 1394 1468 exemplo
1434 1411 1548 1452 haud
1587 1410 1794 1459 salubres3

408 1471 552 1526 utique
575 1470 707 1510 Lartii
736 1470 940 1526 putabant
969 1469 1232 1518 sententiam,
1262 1485 1368 1524 quae
1401 1478 1531 1510 totam
1559 1468 1688 1510 fidem
1718 1467 1824 1512 tol—1

407 1529 533 1569 leret:
567 1527 754 1568 medium
785 1526 965 1567 maxime
996 1535 1038 1567 et
1068 1527 1330 1567 moderatum
1364 1536 1540 1582 utroque
1577 1525 1797 1567 eonsilium

409 1585 589 1641 virginii
610 1585 850 1626 habebatur.
916 1583 1000 1624 Sed
1029 1583 1207 1625 factione
1239 1593 1513 1640 respectuque
1544 1599 1683 1624 rerum
1712 1582 1798 1639 pri-

408 1652 609 1692 vatarum,
632 1658 738 1698 quae
767 1657 931 1697 semper
958 1641 1133 1683 offecere
1160 1641 1425 1697 officientque
1455 1641 1633 1697 publicis
1662 1640 1798 1682 consi-

410 1701 487 1751 liis,
511 1701 677 1757 Appius
697 1700 817 1741 vicit:
852 1715 898 1740 ac
926 1714 1054 1755 prope
1082 1699 1173 1749 fuit,
1196 1708 1243 1740 ut
1263 1699 1439 1740 dictator
1460 1699 1527 1739 ille
1550 1698 1663 1739 idem
1684 1713 1798 1739 crea-

410 1768 532 1800 retur.
599 1758 719 1806 Quae
748 1773 812 1798 res
840 1757 986 1812 utique
1018 1757 1236 1798 alienasset
1262 1757 1429 1812 plebem
1449 1755 1798 1812 periculosissimo

410 1826 609 1872 tempore,
633 1831 764 1871 quum
778 1814 920 1855 Volsci
944 1815 1170 1870 Aequique
1193 1822 1236 1855 et
1259 1814 1402 1855 Sabini
1422 1814 1526 1855 forte
1549 1829 1634 1854 una
1653 1828 1799 1855 omnes

410 1875 454 1914 in
476 1874 598 1914 armis
626 1881 774 1914 essent.
839 1871 922 1913 Sed
955 1887 1078 1913 curae
1112 1872 1192 1913 fuit
1223 1872 1462 1913 consulibus
1495 1881 1539 1913 et
1568 1871 1828 1915 senioribus2

412 1932 596 1980 Patrum,
619 1940 666 1971 ut
686 1931 921 1987 imperium,
944 1945 1018 1970 suo
1039 1930 1277 1979 vehemens,
1299 1937 1517 1970 mansueto
1538 1928 1800 1985 permittere-

411 1999 478 2031 tur
507 1989 686 2044 ingenio.
752 1988 945 2029 Manium
975 1987 1191 2029 Valerium
1221 1987 1467 2028 dictatorem
1488 1986 1634 2027 Volesi
1664 1985 1830 2034 filium3

1806 1316 1827 1348 9

454 2107 473 2139 6
496 2110 573 2139 Rem
591 2119 655 2138 non
670 2108 837 2147 vulycrbal]
858 2107 1002 2137 Nolebat
1017 2117 1083 2137 om-

413 2151 506 2181 nibus
521 2150 715 2181 debitoribus
730 2149 896 2189 indulgeri.

460 2204 475 2233 7
498 2196 567 2224 Nec
581 2195 649 2224 sisti
662 2194 769 2233 posse]
806 2193 878 2223 Nec
903 2202 994 2231 posse
1017 2202 1083 2222 rem

414 2236 570 2271 sustineri,
593 2235 740 2272 inhiberi,
759 2235 929 2274 quominus
951 2236 992 2265 ad
1016 2245 1084 2274 per-

415 2279 529 2309 niciem
546 2280 673 2309 feratur.
720 2279 746 2309 F
749 2277 902 2308 amiliaris
926 2277 1017 2308 Livio
1040 2278 1085 2307 lo-

415 2322 510 2352 cutio.
535 2323 640 2352 UREV.

458 2366 477 2394 8
499 2365 679 2401 Lascivire]
708 2362 854 2394 Licentia
876 2373 916 2393 ex
940 2362 1004 2392 otio
1022 2362 1084 2393 col-

418 2408 500 2437 lecta
517 2407 657 2437 ferocire.
685 2406 790 2437 CREV.

459 2460 478 2490 9
510 2450 657 2487 Violarz't]
684 2449 796 2479 Codex
814 2458 831 2478 e
847 2447 992 2478 biblioth.
1011 2446 1086 2477 Vic-

418 2497 474 2522 tor.
506 2496 538 2522 ct
568 2491 727 2531 Campani
765 2490 862 2521 editio
899 2491 1086 2521 violaverit:

419 2546 498 2565 unus
521 2546 538 2565 e
561 2535 652 2574 regiis
674 2534 765 2564 codd.
787 2544 806 2563 a
825 2533 967 2563 secunda
988 2542 1086 2562 manu

418 2579 543 2608 violarit
557 2591 566 2607 .-
613 2577 709 2616 idque
746 2586 853 2606 verum
890 2575 991 2605 visum
1029 2578 1085 2605 est.

423 2620 527 2659 Vulgo
540 2621 685 2650 violavit.-
708 2620 791 2658 quod
805 2618 910 2648 minus
922 2617 1086 2657 proprium

419 2667 496 2698 crat,
512 2673 610 2701 quum
627 2663 659 2692 in
676 2662 736 2691 hoc
753 2662 823 2691 loco
839 2671 902 2691 non
919 2661 958 2690 de
974 2670 1007 2690 re
1023 2660 1086 2690 iam

419 2705 504 2734 facta
527 2710 648 2743 agatur,
674 2705 728 2735 sed
756 2704 924 2741 indicetur,
947 2703 1035 2742 quid,
1061 2702 1086 2732 si

418 2746 475 2775 illa
513 2753 649 2785 ponatur
685 2748 781 2784 facta,
817 2751 999 2777 secuturum
1037 2745 1086 2775 sit.

418 2789 524 2817 (ἷκεν.

458 2840 466 2858 1
487 2831 618 2869 [felque]
632 2842 673 2861 sc.
686 2830 1087 2871 Maxime,i1nprimis,non

417 2873 513 2902 modo
539 2874 700 2911 exemplo,
723 2875 776 2904 sed
808 2885 840 2904 re
872 2874 901 2903 in
929 2883 1087 2913 praesens.

417 2914 537 2954 quippe
545 2924 625 2953 quae
638 2915 767 2945 omnino
778 2916 874 2946 fidem
884 2926 922 2946 cx
934 2916 1086 2947 societate

1127 2107 1269 2137 humana
1291 2108 1430 2145 tolleret,
1453 2106 1528 2146 quia
1550 2105 1712 2137 neminem
1736 2116 1800 2137 cre-

1128 2150 1269 2180 diturum
1286 2160 1353 2180 esse
1368 2149 1465 2180 alicui
1481 2149 1651 2189 pecuniam
1666 2159 1799 2189 appare-

1128 2194 1194 2229 bat,
1218 2203 1291 2222 cum
1321 2192 1425 2230 sciret,
1447 2192 1515 2223 fieri
1542 2201 1645 2232 posse,
1671 2196 1707 2222 ut
1735 2201 1800 2222 non
1849 2193 1853 2202 ’

1129 2236 1323 2266 redderetur.

1173 2288 1189 2308 α
1213 2279 1259 2308 Et
1279 2279 1457 2309 senioribus
1471 2279 1628 2315 Patrum]
1662 2287 1704 2308 sc.
1728 2277 1800 2308 Ma-

1128 2320 1229 2350 iorum
1252 2321 1395 2359 gentium
1419 2320 1582 2359 patribus:
1610 2319 1684 2349 hine
1700 2319 1801 2358 liquet

1129 2373 1148 2392 a
1166 2363 1314 2392 Patribus
1331 2367 1473 2393 creatum
1488 2362 1584 2392 fuisse
1600 2362 1800 2392 dictatorem.

1131 2415 1215 2445 supr.
1236 2406 1282 2435 18.
1308 2405 1442 2435 Niebhr.
1459 2405 1478 2434 i.
1496 2415 1527 2444 p.
1546 2403 1616 2444 556.

1180 2457 1197 2487 3
1220 2449 1391 2485 Alanium]
1424 2447 1573 2477 Manium
1598 2446 1650 2476 hic
1666 2450 1699 2477 et
1714 2456 1799 2486 supr.

1136 2491 1182 2520 18.
1200 2491 1336 2529 probant
1348 2489 1505 2529 Sigonius,
1517 2489 1659 2528 Pighius,
1669 2489 1801 2528 aliique.

1131 2532 1329 2563 Niebuhrius
1352 2532 1500 2563 Manium
1526 2532 1643 2571 passim
1668 2531 1801 2571 respuit,

1130 2579 1166 2605 ut
1189 2585 1283 2614 quem
1309 2574 1474 2605 annalium
1501 2575 1670 2614 scriptores
1693 2574 1728 2604 in
1753 2575 1800 2604 lu-

1132 2628 1200 2648 cem
1226 2617 1445 2656 produxerint,
1468 2617 1518 2648 cui
1543 2627 1591 2648 res
1613 2620 1718 2657 gestas
1740 2616 1800 2647 fra-

1130 2661 1186 2690 tris
1210 2660 1324 2697 Marci,
1347 2660 1379 2690 in
1402 2659 1547 2700 mythic-a
1565 2670 1617 2699 ap.
1636 2659 1801 2699 Regillum

1131 2713 1238 2743 pugna
1261 2702 1355 2740 caesi,
1374 2703 1569 2742 affingerent.
1615 2701 1746 2733 Manius
1767 2701 1801 2732 in

1131 2746 1218 2776 Fast.
1236 2746 1342 2785 Capit.
1360 2745 1483 2785 legitur.
1530 2745 1652 2776 Verum
1672 2743 1802 2775 Manius

1131 2788 1164 2818 in
1187 2788 1312 2827 Fragm.
1330 2788 1415 2819 Fast.
1433 2787 1540 2828 Capit.
1557 2788 1606 2818 cd.
1624 2785 1800 2826 Burghesio

1131 2831 1278 2868 occurrit,
1300 2835 1336 2861 ut
1360 2831 1475 2861 Volusi
1498 2830 1593 2868 filius,
1616 2828 1730 2866 Marci,
1745 2827 1800 2867 qui

1131 2874 1241 2904 consul
1277 2873 1352 2903 anni
1389 2874 1448 2913 298
1478 2873 1550 2910 fuit,
1580 2874 1679 2911 pater.
1737 2871 1800 2901 Pro

1133 2915 1245 2947 Manio
1269 2915 1344 2946 facit
1367 2915 1505 2955 elogium
1523 2913 1685 2946 dictatoris
1706 2912 1800 2944 huius
