1934 3211
165 229 206 260 U.
224 228 261 259 C.
279 230 351 268 458.

162 273 201 303 A.
225 272 263 302 C.
281 273 352 312 ²94·

166 628 351 659 Postumius

165 670 343 711 triumphat

165 717 277 744 senatu
292 715 346 744 ad-

165 760 318 788 versante.

231 1489 298 1526 38.

171 1545 214 1576 U.
232 1545 269 1575 C.
287 1553 357 1585 459.

168 1588 207 1618 A.
231 1588 269 1618 C.
288 1597 357 1628 293.

168 1630 205 1660 L.
220 1630 361 1668 Papirio,

167 1673 221 1712 Sp.
234 1672 340 1703 Carvi-

167 1716 210 1746 lio
223 1715 310 1746 Coss.

377 132 460 170 600
881 129 1027 171 TITI
1067 129 1243 171 LIVII

377 220 523 275 pulum
551 228 612 260 est
627 236 648 268 :⁴
669 228 920 276 vocatusque
949 236 999 261 eo
1027 220 1183 270 consul,
1206 235 1336 276 quum
1363 219 1424 261 M.
1446 219 1682 270 Horatium,
1705 218 1754 261 L.
1770 235 1788 265 3

378 276 594 318 Valerium
629 277 829 327 consules,
867 277 916 319 C.
942 277 1150 319 Marcium
1187 277 1381 319 Rutilum
1416 292 1563 334 nuper,
1596 285 1759 333 patrem

378 335 480 385 eius,
503 335 575 391 qui
597 343 696 376 tunc
717 350 862 376 censor
882 345 999 386 esset,
1022 351 1108 377 11011
1133 351 1186 377 ex
1214 336 1458 376 auctoritate
1483 344 1663 384 senatus,
1685 334 1759 376 sed

378 392 493 434 iussu
522 393 665 449 populi
696 393 968 449 triumphasse
1000 393 1183 443 diceret3
1221 393 1452 442 adiiciebat,
1486 398 1555 434 ‘se
1589 408 1758 449 quoque

380 450 588 492 ‘laturum
614 451 738 492 fuisse
771 451 823 491 ad
853 450 1068 506 populum,
1091 451 1135 491 ni
1165 451 1298 500 sciret,
1319 450 1527 506 mancipia
1555 450 1790 492 nobilium4

381 508 595 549 ‘tribunos
629 508 761 564 plebis
795 508 930 563 legem
965 508 1265 563 impedituros:
1309 508 1565 549 voluntatem
1599 508 1677 549 sibi
1711 523 1759 549 30

381 565 588 607 ‘favorem
617 565 914 606 consentientis
940 565 1085 621 populi
1117 580 1192 620 pro
1225 565 1417 606 omnibus
1443 565 1562 606 iussis
1586 580 1686 615 esse,
1712 581 1759 607 30

383 629 393 647 ‘
408 623 572 664 futura.⁹
630 623 887 678 Posteroque
908 622 975 663 die
997 622 1152 663 auxilio
1177 622 1438 663 tribunorum
1462 622 1595 678 plebis
1619 624 1758 673 trium,

381 681 574 722 adversus
600 680 940 721 intercessionem
968 689 1126 736 septem
1156 681 1418 721 tribunorum
1445 690 1487 721 et
1514 695 1760 722 consensum

382 747 561 787 senatus,
583 737 816 778 celebrante
838 736 993 793 populo
1014 737 1139 788 diem,
1163 737 1443 794 triumphavit.

441 795 496 836 Et
515 795 639 836 huius
660 795 758 835 anni
778 810 925 850 parum
942 804 1134 836 constans
1150 796 1349 836 memoria
1365 806 1437 836 est.
1484 795 1760 846 Postumium,

381 861 525 894 auctor
555 861 616 893 est
645 851 860 902 Claudius,
889 853 932 893 in
967 852 1135 894 Samnio
1166 854 1296 909 captis
1324 853 1483 909 aliquot
1510 853 1691 904 urbibus,
1717 854 1762 894 in

381 910 539 966 Apulia
558 910 696 951 fusum
716 910 1002 966 fugatumque,
1025 911 1211 952 saucium
1238 911 1375 967 ipsum
1396 926 1492 952 cum
1512 911 1654 967 paucis
1674 911 1762 952 Lu-

382 969 533 1009 ceriam
554 967 835 1024 compulsum:
860 969 911 1009 ab
929 967 1061 1009 Atilio
1082 969 1125 1009 in
1148 968 1314 1010 Etruria
1333 984 1397 1010 res
1417 977 1563 1025 gestas,
1581 984 1761 1025 eumque

382 1026 667 1082 triumphasse.
730 1025 894 1075 Fabius,
916 1026 1037 1067 ambo
1059 1026 1248 1067 consules
1271 1027 1316 1067 in
1341 1026 1509 1068 Samnio
1534 1036 1577 1068 et
1601 1027 1655 1067 ad
1666 1026 1792 1073 ,Lu-5

381 1084 533 1125 ceriam
562 1099 626 1124 res
652 1084 836 1139 gessisse,
859 1084 1012 1133 scribit,
1035 1084 1356 1140 traductumque
1385 1085 1430 1124 in
1451 1084 1661 1125 Etruriam
1688 1100 1762 1126 ex-

383 1141 556 1182 ercitum
582 1141 675 1196 (sed
703 1142 753 1182 ab
775 1151 867 1182 utro
889 1141 1070 1191 consule,
1092 1157 1178 1183 non
1205 1141 1377 1198 adiecit)
1401 1150 1443 1183 et
1467 1142 1521 1183 ad
1541 1141 1761 1183 Luceriam

384 1199 591 1255 utrimque
625 1198 775 1240 multos
808 1199 986 1240 occisos:
1025 1200 1153 1256 inque
1190 1215 1239 1240 ea
1272 1215 1414 1256 pugna
1446 1199 1556 1241 Iovis
1591 1199 1762 1241 Statoris

382 1257 529 1298 aedem
559 1266 710 1306 votam,
738 1265 784 1298 ut
810 1257 1016 1298 Romulus
1046 1266 1142 1298 ante
1170 1267 1363 1299 voverat:
1396 1257 1469 1298 sed
1498 1257 1642 1299 fanum
1672 1265 1794 1298 tan-6

383 1322 485 1363 tum,
507 1314 551 1355 id
572 1324 645 1363 est,
664 1314 778 1356 locus
799 1314 954 1371 templo
976 1315 1134 1364 effatus,
1152 1323 1332 1356 sacratus
1352 1315 1496 1356 fuerat.
1547 1314 1762 1365 Ceterum,

383 1372 461 1412 hoc
485 1372 654 1413 demum
676 1388 785 1413 anno
811 1381 856 1413 ut
882 1372 1027 1413 aedem
1049 1373 1173 1414 etiam
1194 1373 1284 1414 fieri
1312 1382 1478 1414 senatus
1505 1373 1679 1423 iuberet,
1701 1373 1764 1414 bis

384 1430 571 1471 eiusdem
592 1430 676 1471 voti
697 1430 892 1471 damnata
912 1430 1167 1486 r'epublica,
1157 1446 1201 1471 111
1222 1430 1466 1487 leligionem
1486 1431 1611 1472 venit.
1777 1444 1794 1478 7

445 1487 642 1542 Sequitur
681 1487 793 1528 hunc
833 1503 990 1528 annum
1031 1497 1072 1529 et
1112 1488 1255 1530 consul
1292 1488 1464 1544 insignis
1499 1488 1548 1529 L.
1573 1488 1763 1553 Papirius

388 1543 555 1594 Cuisor,
592 1560 676 1600 qua
715 1554 887 1600 paterna
920 1545 1061 1600 gloria,
1099 1562 1182 1602 qua
1213 1562 1298 1596 sua,
1335 1522 1397 1588 etD
1417 1546 1573 1587 bellum
1615 1546 1763 1602 ingens

383 1602 650 1658 victoriaque,
684 1611 881 1656 quantam
913 1602 966 1643 de
998 1602 1251 1645 Samnitibus
1280 1619 1405 1645 nemo
1440 1604 1492 1645 ad
1520 1618 1612 1644 eam
1635 1603 1761 1653 diem,

382 1669 546 1715 praeter
574 1659 622 1700 L.
642 1659 856 1715 Papirium
884 1670 1043 1715 patrem
1071 1661 1262 1725 consulis,
1285 1670 1515 1717 pepererat.
1579 1661 1635 1702 Et
1657 1661 1761 1703 forte

383 1717 531 1758 eodem
562 1725 713 1757 conatu
743 1726 1025 1773 apparatuque
1056 1718 1171 1758 omni
1201 1719 1415 1774 opulentia
1442 1718 1668 1774 insignium
1698 1733 1760 1759 ar-

383 1789 545 1815 morum
565 1774 721 1815 bellum
742 1775 1063 1816 adornaverant:
1089 1785 1131 1816 et
1146 1775 1320 1816 deorum
1341 1776 1465 1817 etiam
1487 1776 1762 1817 adhibuerant

382 1847 494 1888 opes,
526 1832 609 1872 ritu
639 1831 820 1887 quodam
851 1833 1094 1873 sacramenti
1119 1842 1281 1874 vetusto
1310 1833 1424 1874 velut
1451 1833 1623 1875 initiatis
1653 1833 1761 1874 mili-

383 1890 504 1938 tibus,
537 1889 702 1930 delectu
731 1904 805 1944 per
836 1905 958 1930 omne
993 1889 1208 1930 Samnium
1239 1890 1381 1932 habito
1411 1906 1519 1932 nova
1548 1890 1666 1947 Iege:
1700 1900 1759 1941 ut,

382 1947 454 2011 qui
485 1947 694 1988 iuniorum
726 1961 811 1987 non
844 1947 1104 1988 convenisset
1136 1947 1190 1988 ad
1219 1948 1531 2004 imperatorium
1563 1949 1759 1999 edictum,

383 2004 539 2060 quique
570 2004 728 2045 iniussu
758 2003 921 2053 abisset,
956 2013 1081 2060 caput
1113 2004 1203 2046 Iovi
1235 2014 1438 2047 sacratum
1468 2014 1586 2048 esset.
1648 2006 1761 2047 Tum

383 2062 588 2103 exercitus
609 2061 742 2102 omnis
765 2061 1036 2117 Aquiloniam
1058 2071 1119 2103 est
1139 2063 1331 2104 indictus.
1395 2063 1466 2104 Ad
1487 2064 1762 2120 quadraginta

383 2119 512 2160 11111113
535 2119 727 2168 111111111111,
751 2119 864 2174 quod
891 2120 1086 2160 101101·’15
1077 2135 1121 2160 111
1145 2119 1313 2161 Samnio
1339 2130 1439 2171 erat,
1461 2131 1758 2162 convenerunt.

382 2176 447 2217 Ibi
479 2177 625 2218 mediis
654 2177 738 2217 fere
770 2177 911 2217 castris
941 2176 1054 2218 locus
1085 2186 1147 2218 est
1179 2187 1424 2234 consaeptus
1457 2179 1637 2220 cratibus
1667 2179 1792 2235 plu-8

383 2234 554 2290 teisque‚
577 2244 620 2275 et
639 2233 778 2275 linteis
798 2242 1024 2284 contectus,
1042 2243 1188 2290 patens
1207 2235 1411 2277 ducentos
1432 2237 1611 2277 maxime
1632 2236 1760 2292 pedes

424 2383 442 2413 3
465 2375 515 2404 M.
527 2375 718 2412 Horatium]
757 2374 796 2404 cf.
813 2373 906 2413 Supr.
929 2372 973 2404 iii.
996 2373 1046 2413 63.
1093 2373 1160 2413 prie
1181 2374 1311 2405 omnino
1335 2376 1552 2414 loquerentur,
1569 2375 1614 2406 510
1637 2375 1759 2407 differe-

382 2416 416 2446 C.
432 2418 597 2447 ⁴Marcium
612 2417 759 2447 Rutilum
775 2426 858 2455 supr.
876 2416 927 2446 vii.
949 2426 959 2446 1
969 2424 994 2455 7.
1040 2435 1049 2437 e
1092 2417 1180 2454 bant,
1196 2421 1231 2447 ut
1239 2419 1359 2456 fanum
1377 2422 1459 2449 esset
1474 2428 1548 2449 area
1562 2419 1651 2449 nuda
1665 2422 1697 2449 et
1712 2429 1759 2450 so-

429 2470 448 2496 4
470 2460 642 2498 ,Mancipia
668 2460 836 2496 nobilium]
877 2458 1047 2498 Tanquam
1092 2459 1158 2489 lum
1186 2460 1283 2490 alicui
1307 2461 1367 2491 deo
1393 2465 1632 2498 consecratum3
1657 2463 1760 2500 aedes,

381 2511 478 2531 manu
495 2505 615 2540 captos,
630 2501 790 2531 nobilibus
805 2501 959 2532 addictos.
1092 2502 1221 2541 ipsum
1213 2502 1537 2534 aedificiun1.Hinc
1551 2485 1680 2535 Ρο51115·
1703 2506 1759 2535 sis-

424 2552 440 2583 5
457 2545 556 2574 Ambo
571 2544 729 2581 consules]
753 2544 807 2574 Ita
821 2553 947 2583 quoque
960 2543 1047 2573 Fasti
1092 2549 1156 2575 cere
1171 2546 1259 2583 fana
1279 2556 1375 2585 quum
1391 2547 1427 2576 in
1445 2547 1607 2577 condenda
1621 2547 1699 2578 urbe
1713 2548 1758 2578 di-

381 2585 550 2625 Triumph.
579 2590 746 2623 testantur,
777 2586 977 2616 Postumium
1008 2597 1047 2616 ex
1091 2588 1186 2625 citur,
1199 2589 1360 2628 siymfical
1375 2590 1466 2619 loca'
1455 2599 1492 2619 ‘m
1506 2589 1758 2628 oppidofuturo-

381 2628 577 2659 Samnitibus
601 2632 633 2659 et
664 2628 818 2665 Etruscis,
844 2628 980 2658 Atilium
1008 2639 1047 2658 ex
1091 2640 1163 2659 ‘rum
1174 2631 1332 2668 sanorum
1347 2633 1546 2662 constituere.
1570 2632 1675 2662 CREV.

383 2671 577 2701 Volsonibus
592 2674 623 2701 et
640 2670 835 2701 Samnitibus
856 2671 1046 2710 triumphas·
1137 2680 1152 2711 7
1175 2674 1217 2703 In
1232 2675 1415 2713 reliyionem
1431 2675 1534 2711 venit]
1562 2673 1690 2714 Religio
1705 2684 1758 2705 ex-

380 2722 422 2743 se.
469 2713 557 2744 Voce
582 2714 772 2750 Volsonibus,
793 2717 848 2743 aut
878 2715 1047 2751 Volcentes,
1092 2725 1220 2753 poscere
1237 2715 1304 2746 visa
1318 2720 1374 2747 est.
1398 2716 1502 2747 Cnssv.

380 2754 450 2784 infr.
474 2756 570 2786 xxvii.
597 2765 643 2795 15.
669 2759 725 2786 aut
757 2757 971 2787 Vulsinienses
1000 2756 1046 2786 in·
1133 2758 1152 2787 8
1174 2759 1377 2799 Plutez'sque]
1415 2759 1523 2789 Plutei
1538 2762 1612 2790 sunt
1627 2759 1676 2790 vel
1693 2769 1756 2790 cra-

381 2796 481 2835 telligi
497 2797 657 2828 existimat
674 2797 810 2828 Niebhr.
825 2797 866 2829 iii.
884 2809 915 2828 n.
932 2797 1003 2837 653.
1091 2803 1138 2829 tes
1157 2800 1241 2830 corio
1264 2802 1360 2831 crudo
1383 2801 1536 2839 intentae,
1557 2803 1607 2832 vel
1627 2802 1757 2832 tabulae

421 2838 440 2867 6
464 2840 589 2869 Fanum
608 2864 614 2870 .
632 2864 639 2870 .
657 2864 664 2870 .
681 2865 688 2870 .
705 2842 739 2869 id
757 2845 814 2877 est,
830 2842 914 2871 locus
933 2843 1046 2880 templo
1091 2842 1205 2880 quihus
1220 2843 1295 2881 quid
1312 2844 1518 2883 praesepitur.
1539 2844 1671 2875 Fsssrus.

379 2891 394 2909 e
423 2883 511 2919 alus]
533 2883 659 2912 Fanum
674 2882 768 2920 igitur
780 2886 809 2912 et
824 2884 926 2918 aedes,
938 2883 961 2913 si
976 2893 1044 2921 pro-
