1934 3211
556 151 680 193 LIB.
714 150 770 192 X.
815 150 959 192 CAP.
994 155 1060 192 22.
1418 155 1496 193 581

128 256 230 283 num
259 242 526 298 contingente
556 255 713 297 agrum,
745 241 815 282 ubi
849 239 1003 296 Sinope
1033 240 1186 282 dicitur
1215 240 1375 283 Graeca
1403 242 1500 283 urbs

99 298 265 350 7fi1isse,
290 298 484 341 Sinuessa
502 298 656 340 deinde
677 298 728 339 ab
749 297 910 353 colonis
923 296 1122 338 Romanis
1143 297 1356 353 appellata.
1404 298 1500 340 Tri-

128 357 251 398 bunis
276 355 407 413 plebis
433 355 648 412 negotium
680 354 825 396 datum
861 363 936 405 est,
970 363 1016 396 ut
1045 353 1261 411 plebiscito
1292 355 1503 397 iuberetur

128 413 176 456 P.
202 413 470 470 Sempronius
489 422 653 470 praetor
677 412 911 454 triumviros
935 412 979 452 in
1002 427 1052 454 ea
1077 411 1169 454 loca
1191 411 1347 453 colonis
1371 413 1503 454 dedu-

128 470 272 513 cendis
291 485 452 513 creare:
476 486 566 522 nec,
584 471 657 527 qui
673 470 844 512 nomina
862 469 1021 519 darent,
1038 469 1156 511 facile
1173 470 1502 520 inveniebantur,

97 537 118 568 8
130 528 228 585 quia
247 529 291 570 in
311 529 531 570 stationem
552 544 594 570 se
614 543 742 585 prope
760 536 1004 584 perpetuam
1020 527 1191 570 infestae
1208 527 1400 584 regionis,
1417 542 1503 569 non

128 586 174 627 in
207 601 337 643 agros,
374 586 484 628 mitti
518 587 726 628 rebantur.
788 585 955 627 Avertit
994 586 1045 627 ab
1079 585 1129 626 iis
1167 585 1275 626 curis
1314 594 1504 626 senatum

131 642 322 686 Etruriae
343 644 630 701 ingravescens
649 643 818 693 bellum,
841 653 882 684 et
903 643 1069 685 crebrae
1085 643 1228 684 literae
1251 642 1394 700 Appii,
1416 658 1505 684 mo-

130 701 282 752 nentis,
321 717 374 743 ne
414 702 594 759 regionis
629 702 718 743 eius
752 709 910 742 motum
951 700 1234 757 negligerent:
1283 706 1296 724 ⁶
1310 708 1507 757 quattuor

132 764 145 782 ‘
187 768 304 801 entes
320 759 647 809 conferre'arma,
663 758 870 808 Etruscos,
897 757 1115 808 Samnites,
1135 758 1328 808 Umbros,
1349 757 1502 800 Gallos.

133 822 145 840 ‘
158 774 250 858 {zm
271 826 402 859 castra
421 817 608 859 bifariam
628 817 735 858 facta
754 831 855 865 esse,
873 816 972 872 quia
992 831 1099 857 unus
1118 816 1232 858 locus
1252 831 1399 873 capere
1415 825 1507 858 tan-

133 879 245 916 ‘tam
277 874 590 916 multitudinem
623 889 708 916 non
739 873 892 930 possit.'
953 873 1020 915 Ob
1044 874 1159 921 haec,
1182 882 1224 916 et
1251 874 1353 930 (iam
1380 889 1507 931 appe-

134 932 246 974 tebat
267 931 450 989 tempus)
474 932 738 974 comitiorum
765 946 887 972 causa
907 931 956 972 L.
979 931 1226 973 Volumnius
1253 931 1396 974 consul
1420 931 1507 973 Ro-

132 1004 244 1031 mam
273 999 512 1032 revocatus:
546 990 619 1046 qui
649 989 774 1046 prius,
798 1004 922 1045 quam
952 989 1005 1030 ad
1034 989 1275 1046 suffragium
1301 989 1508 1031 centurias

133 1057 312 1098 vocaret,
340 1048 383 1088 in
411 1047 655 1089 concionem
688 1047 887 1088 advocato
914 1046 1082 1103 populo,
1108 1047 1240 1088 multa
1265 1047 1316 1089 de
1349 1047 1510 1103 magni-

133 1105 279 1147 tudine
309 1105 408 1147 belli
437 1104 601 1146 Etrusci
632 1104 836 1146 disseruit.
900 1111 910 1128 ‘
928 1104 1017 1145 Iam
1048 1114 1149 1154 tum,
1172 1120 1303 1161 quum
1333 1105 1420 1161 ipse
1451 1105 1508 1146 ibi

135 1168 148 1186 ‘
164 1178 259 1205 cum
280 1163 438 1220 collega
457 1177 544 1204 rem
565 1162 719 1219 pariter
738 1162 923 1219 gesserit,
944 1162 1067 1204 fuisse
1090 1171 1252 1204 tantum
1271 1162 1441 1212 bellum,
1464 1171 1510 1203 ut

136 1225 149 1244 ⁶
164 1236 242 1262 nec
258 1220 364 1262 duce
385 1236 483 1270 uno,
503 1235 580 1262 nec
597 1220 783 1262 exercitu
803 1220 889 1276 geri
910 1220 1114 1276 potuerit:
1139 1220 1353 1262 accessisse
1369 1227 1512 1277 postea

137 1284 149 1303 ‘
164 1277 248 1320 dici
265 1277 461 1328 Umbros,
482 1287 525 1320 et
545 1279 759 1334 ingentem
780 1278 1009 1319 exercitum
1029 1276 1257 1319 Gallorum.
1301 1277 1513 1319 Adversus

137 1341 362 1393 ‘quattuor
391 1335 568 1393 populos
598 1335 725 1377 duces
754 1335 944 1377 consules
974 1334 1044 1377 illo
1074 1335 1142 1377 die
1175 1335 1302 1392 deligi
1337 1335 1514 1377 memin-

138 1399 151 1418 ‘
165 1393 303 1436 issent.
367 1393 434 1442 Se,
457 1393 535 1434 nisi
559 1393 800 1443 confideret,
823 1408 919 1434 eum
940 1408 1144 1435 consensu
1167 1393 1310 1450 populi
1334 1392 1514 1435 Romani

138 1451 378 1494 ‘consulem
412 1451 666 1492 declaratum
700 1451 763 1500 iri,
800 1451 871 1507 qui
913 1450 1026 1492 haud
1059 1451 1185 1492 dubie
1228 1460 1317 1492 tum
1359 1451 1516 1507 primus

139 1515 151 1533 ‘
166 1509 354 1550 omnium
399 1508 547 1550 ductor
588 1509 799 1557 habeatur,
840 1508 1085 1550 dictatorem
1129 1508 1253 1550 fuisse
1304 1506 1514 1563 extemplo

139 1572 151 1591 ‘
167 1566 402 1608 dicturum.’
452 1566 624 1608 Nemini
645 1566 820 1607 dubium
841 1574 940 1616 erat,
963 1566 1066 1622 quin
1085 1565 1138 1614 Q.
1155 1565 1306 1606 Fabius
1327 1565 1515 1607 omnium

107 1639 342 1671 9consensu
371 1624 674 1673 destinaretur;
707 1638 887 1680 eumque
918 1633 960 1665 et
988 1623 1283 1680 praerogativa,
1309 1631 1352 1664 et
1381 1623 1514 1680 primo

183 1765 201 1794 7
214 1758 385 1795 Sinuessa]
402 1757 510 1788 Hodie
519 1759 633 1789 Alonte
644 1759 807 1796 Drayorze,

139 1800 226 1832 haud
250 1800 361 1841 procul
376 1800 497 1840 oppido
512 1801 597 1840 quod
617 1800 712 1831 hodie
726 1803 806 1831 San-

141 1848 175 1874 ta
190 1845 298 1883 Ayata
315 1848 454 1874 vocatur.

850 1760 946 1797 atque
967 1759 1072 1797 primo
1096 1762 1224 1788 vocatas
1248 1757 1405 1789 centurias
1425 1758 1516 1790 Cice-

851 1799 934 1830 ronis
956 1810 1035 1831 aevo
1053 1801 1191 1840 primam
1206 1802 1334 1832 classem
1349 1800 1518 1841 appellari,

852 1844 891 1873 cf.
917 1843 971 1874 Or.
1001 1843 1085 1874 Phil.
1111 1843 1142 1874 ii.
1169 1853 1220 1883 33,
1245 1844 1366 1874 scilicet
1397 1844 1518 1884 primae

183 1885 202 1916 8
218 1887 261 1917 In
275 1887 457 1924 elationem]
481 1886 519 1916 In
534 1884 724 1925 praesidium
740 1895 807 1925 pcr-

141 1932 289 1969 petuum,
298 1938 361 1958 non
377 1928 418 1958 ad
433 1938 524 1966 agros
539 1926 698 1958 colendos.
746 1928 807 1958 Re-

140 1971 192 2012 gio
207 1974 315 2001 autem
336 1970 416 2000 adeo
434 1970 549 2001 infesta
571 1974 626 2000 aut
649 1970 690 1999 ab
714 1969 808 1999 hosti-

143 2013 214 2051 bus,
228 2017 284 2043 aut
299 2013 340 2043 ab
359 2012 547 2052 intemperie
570 2012 649 2042 coeli
674 2012 808 2042 habeba-

143 2059 206 2093 tur,
230 2059 276 2092 ut,
299 2054 356 2085 nisi
380 2054 465 2085 cives
493 2054 643 2091 Romani,
669 2054 699 2084 in
727 2055 809 2084 cnlo-

143 2098 230 2130 niam
248 2107 310 2128 non
328 2096 412 2127 missi
430 2097 554 2127 fuerint.

187 2151 207 2182 9
230 2141 474 2179 Praeroyativa,
488 2145 517 2170 ct
541 2141 643 2179 primo
665 2141 807 2177 roc-atae]

146 2184 263 2215 Aaron.
285 2182 325 2213 ud
346 2182 414 2213 Cic.
435 2182 523 2213 verr.
550 2182 568 2213 i.
590 2192 618 2223 9.
642 2193 811 2222 praet-offla-

146 2228 232 2258 livae
252 2225 352 2256 tribus
371 2230 446 2255 sunt
462 2236 543 2265 quac
556 2226 680 2265 primae
695 2225 811 2265 uffar-

142 2270 232 2309 9t'um
240 2269 359 2308 serunt
374 2273 448 2298 ante
469 2269 539 2298 iure
556 2273 688 2298 rot-alas.
733 2269 811 2298 lure

145 2316 254 2343 autem
268 2315 393 2342 vocatas
406 2321 466 2340 non
480 2311 607 2341 caulem
621 2320 692 2340 cum
708 2311 811 2350 prima

147 2356 265 2386 vocatis
294 2364 360 2384 esse
390 2358 474 2383 recte
504 2353 630 2388 dixerin,
660 2353 810 2392 quonium

148 2401 221 2437 post
242 2396 343 2437 primo
365 2401 492 2425 voi-utun
512 2395 670 2426 centurias
692 2406 813 2429 omnes,

148 2439 228 2471 alias
244 2439 434 2479 superfuime
448 2443 593 2478 apparet,
609 2448 706 2477 quum
728 2448 812 2476 supr.

154 2490 200 2531 15.
227 2481 357 2513 comitia
386 2481 572 2521 interrupta,
597 2491 657 2511 non
687 2486 814 2520 pernota

150 2525 340 2556 dicerentur.
402 2525 443 2554 At
478 2523 555 2554 nihil
588 2523 721 2562 impedit
751 2534 814 2562 quo

151 2567 258 2599 minu·
272 2569 343 2598 iure
359 2571 485 2598 vot-amo
504 2577 615 2596 omncs
631 2566 814 2606 appellatae

151 2610 225 2642 nint.
274 2609 461 2650 Simpicatur
490 2608 618 2648 quidem
650 2608 815 2638 schulziun

147 2654 255 2694 primo
276 2657 402 2683 vocamn
425 2653 463 2682 ml
490 2652 645 2691 equitum,
669 2653 740 2681 iar-r·
767 2663 813 2680 νο-

151 2700 241 2727 οαίαι
269 2696 309 2726 ad
343 2695 486 2735 peditum
514 2694 672 2724 centurias
696 2695 817 2725 referre.

153 2739 274 2770 Contm
297 2737 326 2768 N
333 2737 430 2768 iebhr.
447 2742 553 2767 censet
573 2739 675 2777 prima
696 2742 819 2767 romeus

154 2791 221 2812 esne
255 2780 413 2811 contutim-
446 2780 584 2810 tribuum
621 2780 820 2814 mnticnrum,

154 2824 345 2855 urbanarum
372 2828 479 2853 nutem
505 2828 659 2863 poen-emt»
684 2828 819 2856 romeus.

155 2876 266 2897 omnes
287 2876 359 2897 vero
374 2865 441 2896 iure
458 2870 584 2896 vocatas·
598 2865 672 2900 dici,
688 2871 719 2895 ut
738 2876 820 2904 quac

155 2909 265 2941 ordine
295 2909 362 2941 iure
392 2909 482 2939 finito
508 2908 654 2946 suffragia
682 2908 816 2939 inirent:

852 1885 960 1915 classis
989 1885 1169 1916 centurius:
1208 1887 1378 1917 secundam
1409 1890 1516 1916 autem

852 1928 979 1957 classem
1001 1938 1068 1957 esse
1084 1933 1238 1967 postremo
1257 1933 1390 1959 vocatas.
1436 1928 1517 1964 Qui-

854 1970 986 1999 busdam
1022 1970 1139 2008 placet,
1169 1980 1207 2000 ex
1237 1971 1314 2010 legg.
1347 1979 1408 2002 ΧΗ.
1436 1971 1516 2002 Tab.

855 2011 1042 2047 centurimn,
1065 2022 1147 2051 quac
1171 2013 1307 2051 primum
1334 2013 1516 2052 suffragium

855 2055 945 2089 femt.
969 2059 1051 2084 sorte
1074 2054 1159 2090 (luci,
1178 2065 1260 2094 quam
1281 2057 1402 2085 sortitio
1423 2066 1516 2095 prae-

854 2098 1015 2135 royatime
1044 2107 1095 2136 up.
1128 2102 1268 2128 nostrum
1299 2108 1384 2137 supr.
1412 2108 1438 2128 v.
1471 2099 1516 2128 18.

853 2139 986 2170 dicitur:
1020 2150 1115 2179 quain
1143 2140 1270 2179 quidem
1301 2140 1478 2180 antiquitus
1501 2151 1519 2171 e

859 2182 959 2221 primu
983 2183 1205 2212 tantummodo
1231 2184 1330 2213 classe
1357 2184 1519 2219 sei-viana,

859 2229 967 2264 postca
996 2230 1103 2256 nutem
1131 2236 1169 2255 ex
1197 2226 1344 2256 omnibus
1368 2226 1520 2257 centuriis

855 2268 983 2298 ductum
995 2279 1062 2297 essi·
1073 2268 1198 2298 coniicit
1212 2269 1377 2299 schulzius
1391 2283 1397 2306 ;
1413 2269 1517 2308 magni

854 2316 960 2340 autem
1001 2310 1151 2341 monn-nti
1186 2316 1252 2341 erut
1284 2312 1518 2351 praerogativae

855 2353 1049 2389 suffragium,
1061 2353 1180 2392 quippe
1193 2354 1276 2392 quod
1295 2354 1434 2394 reliquae
1447 2365 1518 2385 cen-

858 2395 957 2425 turiae
973 2406 1082 2425 ornnes
1097 2403 1152 2425 aut
1170 2397 1351 2436 pli-meque,
1366 2403 1518 2436 tunquam

857 2449 949 2468 ‹unt-n
977 2438 1189 2475 comitiorum,
1213 2444 1426 2478 sequerentur.
1451 2440 1520 2471 Cic.

861 2481 932 2511 Div.
976 2480 1006 2511 ii.
1049 2491 1097 2519 40.
1139 2491 1194 2521 pro
1235 2482 1346 2512 l'lnnc.
1383 2492 1431 2514 πο.
1481 2483 1520 2514 cs.

860 2523 959 2554 russii
987 2524 1094 2563 Antiq.
1124 2524 1218 2555 Rom.
1247 2525 1263 2561 ἓ
1295 2525 1360 2564 163.
1386 2525 1439 2564 qui
1466 2525 1520 2555 Sa-

860 2566 952 2604 vignii
989 2566 1142 2598 unionem
1178 2568 1299 2607 probat.
1357 2568 1523 2607 Suviguiuu

858 2609 942 2639 enim
970 2609 999 2639 in
1024 2609 1156 2646 singuliis
1180 2610 1322 2640 tribubus
1347 2621 1442 2641 unam
1466 2615 1522 2641 uut

861 2652 966 2691 piures
991 2651 1147 2682 iuniorum
1173 2657 1203 2682 et
1229 2653 1385 2683 seniorum
1407 2664 1424 2684 c
1447 2663 1521 2693 quar-

864 2695 940 2724 libet
970 2695 1069 2725 chume-
1099 2695 1257 2725 centuriun
1281 2696 1376 2726 fuisse
1405 2700 1525 2734 censet,

863 2738 915 2767 md
934 2738 1035 2767 multo
1053 2738 1245 2777 probabilius
1262 2749 1368 2774 unum,
1384 2739 1427 2770 im
1443 2744 1477 2770 ut
1493 2739 1525 2770 in

863 2780 992 2818 niniguiin
1029 2780 1172 2810 tribuim-
1211 2781 1320 2812 decem
1366 2782 1527 2813 centuriae

863 2824 1042 2854 mulien-nt.
1067 2823 1105 2853 cf.
1122 2834 1207 2898 κυδπ.
1226 2835 1252 2856 ν.
1275 2824 1320 2856 18.
1342 2834 1372 2856 x.
1391 2834 1435 2865 ¹5·
1457 2825 1526 2857 inst.

865 2876 947 2897 ΧΧΥΙ.
967 2875 1014 2906 23.
1040 2876 1134 2897 xxvii.
1173 2891 1180 2898 .

1514 247 1557 278 U.
1574 246 1611 277 C.
1628 243 1700 285 456.

1512 291 1550 320 A.
1574 289 1612 320 C.
1630 287 1702 329 296.

1519 705 1683 741 Quattuor

1517 751 1627 788 gentes
1642 747 1675 777 in

1519 789 1649 821 Etruria

1519 832 1685 864 conferunt

1518 886 1607 907 arma
1615 875 1724 906 adver-

1519 930 1571 951 sus
1583 919 1678 950 Rom.

1591 1554 1656 1592 22.

1528 1609 1648 1641 Fabius
1661 1619 1706 1640 re-

1528 1662 1642 1684 cusans
1653 1652 1727 1684 Cos.

1529 1695 1665 1736 eligitur.
