1934 3211
403 210 456 248 64
920 202 1068 245 ΤΙΤΙ
1106 201 1282 244 LIVII

402 296 457 337 ad
488 294 580 345 alia,
616 302 664 335 ut
701 293 839 351 specie
875 294 1048 343 minora,
1082 293 1140 334 sic
1179 292 1330 333 laboris
1362 290 1576 347 aliquanto
1611 288 1792 339 maioris,

404 353 698 395 traducebatur
727 367 876 408 opera3
913 351 1023 392 foros
1052 351 1096 392 in
1126 351 1236 391 circo
1266 349 1491 398 faciendos,
1523 348 1824 402 cloacamque6

404 411 643 460 maximam,
676 409 989 466 receptaculum
1029 408 1217 450 omnium
1256 415 1629 464 purgamentorum
1663 404 1791 454 urbis,
1807 416 1824 448 7

404 470 480 511 sub
516 478 668 510 terram
699 467 929 524 agendam:
973 466 1124 522 quibus
1159 466 1323 506 duobus
1356 464 1550 521 operibus
1580 463 1652 504 vix
1686 477 1801 503 nova·

405 527 509 568 haec
530 525 842 582 magnificentia
862 525 1089 580 quicquam
1110 523 1344 578 adaequare
1365 521 1514 578 potuit.
1577 520 1659 562 His
1678 520 1795 561 labo-

405 585 518 626 ribus
548 584 732 624 exercita
761 583 895 639 plebe,
925 582 1025 638 quia
1054 590 1096 622 et
1120 580 1213 621 urbi
1244 579 1570 628 multitudinem,
1596 577 1670 619 ubi.
1696 592 1795 618 usus

406 657 492 683 non
513 650 633 691 esset,
657 641 773 681 oneri
795 642 962 681 rebatur
983 654 1083 688 esse,
1107 647 1149 679 et
1176 637 1333 679 colonis
1354 636 1572 677 mittendis
1599 633 1795 690 occupari

406 699 530 740 latius
558 699 723 754 imperii
753 698 858 739 fines
886 697 1075 745 volebat3
1112 695 1298 752 Signiam
1333 693 1604 749 Circeiosque
1626 691 1827 734 colonos8

407 757 531 806 misit,
554 756 759 813 praesidia
779 755 871 796 urbi
891 754 1030 795 futura
1051 763 1160 795 terra
1180 753 1379 808 marique.

191 820 386 868 Tarquinius
467 814 587 855 Haec
627 813 768 869 agenti
808 821 1048 868 portentum
1089 811 1272 852 terribile
1313 811 1459 850 visum.
1522 806 1701 863 Anguis,
1743 820 1797 847 ex

193 867 395 936 Eiissaetbel-
409 872 604 913 columna
620 871 759 926 lignea
779 870 955 926 elapsus,
973 884 1104 925 quum
1121 877 1320 909 terrorem
1335 867 1562 923 fugamque
1579 865 1624 905 in
1639 864 1797 921 reglam
1809 873 1829 905 9

193 949 274 988 phos
286 948 396 979 mittit.
409 930 584 978 fecisset,
606 928 735 984 ipsius
756 927 864 983 regis
891 942 976 968 non
999 936 1083 967 tam
1104 926 1241 967 subito
1262 940 1413 981 pavore
1435 922 1614 980 perculit
1637 931 1796 978 pectus,

410 1001 536 1042 quam
557 985 692 1026 anxiis
719 985 907 1041 implevit
928 985 1047 1025 curis.
1110 983 1258 1039 Itaque
1280 997 1411 1038 quum
1433 982 1487 1022 ad
1515 980 1684 1037 publica
1702 994 1799 1036 pro-

410 1044 525 1099 digia
550 1043 716 1084 Etrusci
737 1051 900 1083 tantum
925 1051 1038 1082 vates
1066 1041 1376 1090 adhiberentur,
1399 1040 1479 1080 hoc
1499 1038 1615 1079 velut
1635 1037 1799 1079 domes-
1815 1052 1827 1073 1

411 1101 494 1142 tico
515 1100 738 1142 exterritus
758 1100 862 1149 visu,
886 1099 1076 1154 Delphos
1107 1099 1160 1138 ad
1180 1098 1360 1139 maxime
1382 1097 1589 1138 inclutum
1613 1095 1657 1136 in
1679 1094 1800 1136 terris

411 1158 625 1200 oraculum
656 1157 822 1198 mittere
850 1156 1015 1197 statuit:
1049 1170 1187 1211 neque
1212 1170 1409 1210 responsa
1431 1154 1604 1195 sortium
1624 1152 1699 1194 ulli
1729 1151 1831 1194 aliiz

411 1216 674 1261 committere
716 1230 851 1263 ausus,
885 1213 990 1254 duos
1030 1213 1137 1253 filios
1168 1228 1244 1268 per
1275 1213 1437 1268 ignotas
1473 1227 1522 1254 ea
1553 1218 1800 1267 tempestate

412 1283 553 1323 terras,
571 1273 778 1330 ignotiora
798 1272 938 1321 maria,
957 1271 1001 1311 in
1025 1270 1246 1311 Graeciam
1267 1269 1390 1310 misit.
1451 1269 1574 1310 Titus
1595 1277 1637 1309 et
1658 1267 1803 1310 Aruns

412 1331 599 1388 profecti.
665 1330 820 1372 Comes
840 1329 905 1370 his
932 1329 1099 1369 additus
1127 1328 1176 1369 L.
1200 1327 1347 1368 Iunius
1379 1326 1548 1376 Brutus,
1571 1325 1804 1382 Tarquinia

419 1404 559 1431 sorore
581 1389 691 1445 regis
717 1397 851 1436 natus,
875 1387 1036 1427 iuvenis
1057 1385 1180 1441 longe
1202 1385 1307 1426 alius
1330 1384 1514 1441 ingenio,
1537 1398 1664 1440 quam
1685 1382 1803 1424 cuius
1816 1399 1834 1430 3

413 1446 721 1488 simulationem
760 1445 965 1486 induerat.
1028 1443 1081 1493 Is,
1123 1458 1254 1499 quum
1294 1442 1495 1498 primores
1535 1441 1725 1490 civitatis,
1758 1440 1804 1481 in

414 1505 566 1561 quibus
605 1504 775 1545 fratrem
815 1517 935 1543 suum
972 1502 1022 1542 ab
1059 1500 1265 1542 avunculo
1299 1500 1567 1541 interfectum
1607 1498 1802 1548 audisset,

414 1577 553 1618 neque
585 1562 630 1602 in
658 1561 798 1602 animo
831 1575 905 1601 suo
937 1559 1163 1615 quicquam
1193 1558 1281 1614 regi
1310 1557 1558 1606 timendum,
1590 1571 1729 1612 neque
1758 1555 1805 1596 in

414 1621 582 1661 fortuna
611 1617 997 1674 concupiscendum
1024 1616 1260 1672 relinquere
1287 1615 1443 1664 statuit,
1472 1622 1804 1670 contemptuque

416 1687 531 1720 tutus
564 1692 664 1726 esse,
699 1677 771 1717 ubi
811 1676 856 1716 in
895 1675 985 1715 iure
1019 1689 1165 1730 parum
1198 1673 1394 1730 praesidii
1426 1681 1544 1713 esset.
1607 1671 1721 1728 Ergo
1751 1686 1806 1712 ex

415 1735 624 1776 industria
645 1734 778 1775 factus
806 1733 859 1774 ad
887 1732 1164 1773 imitationem
1189 1731 1402 1780 stultitiae,
1424 1745 1556 1786 quum
1576 1744 1618 1770 se
1647 1743 1805 1785 suaque

416 1793 596 1850 praedae
625 1807 712 1833 esse
738 1791 827 1847 regi
857 1791 1024 1839 sineret,
1052 1789 1174 1830 Bruti
1201 1803 1369 1845 quoque
1396 1787 1511 1828 haud
1535 1787 1682 1828 abnuit
1709 1801 1839 1843 cog-4

417 1865 595 1893 nomen:
629 1858 677 1891 ut
693 1850 768 1890 sub
790 1849 880 1890 eius
900 1849 1076 1889 obtentu
1089 1846 1348 1903 cognominis
1368 1845 1564 1887 liberator
1579 1844 1648 1886 ille
1662 1843 1808 1901 populi

187 365 215 396 F
217 365 262 396 ori
278 365 310 396 in
327 363 384 395 cir-

187 419 242 439 co:
269 409 378 439 cloaca

187 452 340 482 maxima.

199 1344 236 1375 L.
253 1354 274 1374 u
296 1342 368 1374 nius

197 1387 325 1417 Brutus.

418 1994 515 2025 quam
541 1987 710 2023 postquam
739 1982 772 2012 in
802 1986 928 2012 textum
961 1980 1092 2011 Bekker

1137 1978 1221 2009 Plin.
1240 1979 1284 2009 H.
1309 1978 1352 2008 N.
1369 1977 1434 2008 xiii.
1457 1986 1505 2017 27.
1523 1978 1578 2008 sed
1594 1976 1726 2007 minime
1741 1987 1808 2007 am—

418 2026 550 2066 recepit.

1135 2021 1308 2061 bigendum
1325 2025 1372 2051 est
1384 2021 1470 2060 quod
1482 2030 1522 2051 ex
1538 2020 1587 2050 his
1600 2020 1698 2057 libris,
1713 2029 1808 2058 quae-

462 2068 482 2100 6
505 2069 619 2106 Foras]
661 2067 792 2103 Sedilia,
826 2077 843 2096 e
875 2065 990 2105 quibus
1023 2065 1090 2095 ludi

419 2115 650 2152 spectarentur.
675 2110 736 2140 vid.
753 2119 837 2149 supr.
857 2118 905 2148 35.

467 2163 483 2194 7
508 2155 654 2185 Cloacam
670 2153 857 2189 mammam]
906 2151 1003 2181 Hanc
1015 2150 1093 2180 Tar-

421 2197 532 2237 quinio
558 2196 666 2226 Prisco
689 2195 869 2225 attribuunt
892 2194 999 2233 plures
1021 2203 1093 2223 auc-

421 2244 527 2270 tores:
553 2239 737 2269 inchoatam
760 2238 800 2267 ab
817 2238 873 2267 illo
894 2247 966 2276 rege
987 2235 1096 2265 scribit

425 2283 523 2314 Dion.
545 2281 589 2312 iii.
612 2280 662 2320 67.
685 2281 723 2310 cf.
747 2280 830 2310 Plin.
855 2280 899 2310 H.
919 2279 962 2309 N.
986 2277 1095 2309 xxxvi.

425 2335 475 2364 24.
495 2324 629 2354 Niebhr.
641 2324 660 2354 i.
675 2333 705 2362 p.
720 2324 790 2361 385.
826 2322 953 2353 Ostium
966 2321 1095 2351 cloacae

425 2367 649 2407 navigantibus
671 2365 703 2395 in
725 2364 834 2395 Tiberi
855 2363 951 2394 hodie
972 2363 1095 2403 conspi-

425 2410 516 2440 citur.

469 2454 487 2483 8
511 2452 643 2482 Colonos
657 2450 758 2488 misit]
786 2448 854 2484 Qui
878 2449 958 2478 fines
972 2447 1099 2487 imperii

426 2500 538 2526 contra
569 2494 704 2523 Volscos
733 2491 892 2532 praesidio
926 2491 1099 2521 firmarent.

427 2538 466 2568 cf.
485 2538 516 2568 N
521 2536 620 2567 iebhr.
637 2536 669 2566 ii.
687 2536 737 2566 90.

470 2590 490 2620 9
513 2581 568 2610 Ea,⁷
583 2579 730 2610 columna
744 2577 868 2617 liynea]
887 2577 908 2592 “
920 2574 1038 2606 Mediis
1053 2575 1098 2605 al-

428 2622 583 2653 taribus.”
627 2621 687 2651 Ov.
712 2620 798 2650 Fast.
822 2619 853 2649 ii.
874 2627 942 2658 711.
967 2618 1034 2649 Cic.
1059 2618 1099 2647 de

431 2664 506 2696 Div.
530 2664 550 2695 i.
568 2674 616 2695 22.
634 2667 776 2694 ceterum
797 2661 974 2701 Dionysius
995 2659 1102 2690 scribit

429 2707 470 2737 iv.
488 2708 537 2737 69.
555 2705 771 2746 pestilentiam
795 2714 908 2735 causae
928 2703 1036 2741 fuisse,
1052 2702 1103 2733 cui

431 2748 528 2787 legati
546 2748 693 2788 Delphos
707 2747 919 2778 mitterentur.

479 2800 490 2820 1
516 2792 648 2821 Etrusci
677 2795 803 2820 tantum
836 2790 938 2827 vates]
981 2788 1101 2819 Mirum

433 2831 569 2869 videtur,
590 2833 674 2871 quod
692 2837 779 2863 vates
792 2831 918 2862 Etrusci
937 2831 1102 2861 oraculum

434 2874 595 2905 Graecum
609 2875 840 2905 consulendum
850 2877 1025 2904 monerent.
1051 2873 1103 2903 De

434 2916 521 2946 libris
536 2915 700 2954 Sibyllinis
715 2927 735 2946 a
750 2916 924 2955 Tarquinio
940 2915 972 2946 in
988 2916 1100 2946 aedem

436 2958 522 2990 Iovis
541 2957 648 2988 relatis
671 2958 799 2988 omnino
824 2958 896 2988 silet
921 2958 1038 2989 Livius.
1063 2958 1101 2989 cf.

1135 2074 1260 2103 cunque
1284 2074 1372 2094 sacra
1398 2064 1620 2094 Romanorum
1649 2062 1809 2093 Graecam

1137 2107 1289 2147 originem
1303 2106 1439 2146 sapiant,
1450 2104 1616 2147 magnasex
1628 2108 1718 2145 parte
1730 2104 1810 2135 deri-

1139 2154 1212 2180 vata
1228 2149 1299 2179 sint.

1182 2202 1199 2222 2
1222 2192 1380 2229 Sor-tium]
1422 2191 1529 2222 Sortes
1560 2190 1810 2230 appellabantur

1138 2235 1290 2272 tabellae,
1319 2234 1352 2264 in
1382 2233 1499 2273 quibus
1534 2234 1735 2264 oraculorum
1764 2242 1811 2263 re-

1140 2287 1256 2317 sponsa
1285 2276 1437 2316 inscripta
1472 2280 1578 2313 erant3
1612 2280 1649 2306 ut
1683 2276 1812 2315 palmae

1138 2320 1214 2350 folia
1225 2319 1392 2359 Sibyllina,
1406 2319 1492 2349 Serv.
1504 2318 1538 2349 in
1550 2319 1631 2349 Aen.
1642 2318 1685 2349 iii.
1697 2330 1768 2357 444.
1782 2327 1811 2348 v.

1140 2362 1189 2395 74.
1203 2367 1235 2392 et
1245 2366 1343 2392 sortes
1354 2361 1387 2391 in
1398 2362 1510 2391 robore
1522 2361 1702 2401 insculptae
1715 2361 1811 2391 Prae-

1140 2404 1294 2442 nestinae,
1317 2404 1385 2435 Cic.
1412 2404 1452 2434 de
1476 2403 1551 2434 Div.
1572 2403 1604 2434 ii.
1621 2413 1672 2442 41.
1728 2403 1812 2433 Inde

1143 2447 1260 2487 passim
1282 2451 1380 2478 sortes
1403 2456 1460 2485 pro
1483 2446 1678 2485 quibuslibet
1700 2455 1811 2476 oracu-

1144 2491 1246 2519 lorum
1263 2489 1430 2529 responsis.
1455 2488 1496 2518 cf.
1512 2488 1574 2519 viii.
1592 2498 1642 2527 24.

1186 2541 1203 2571 3
1227 2533 1331 2569 Quam
1367 2533 1460 2562 cuius
1495 2532 1730 2562 simulationem
1763 2531 1813 2560 in-

1140 2576 1272 2612 duerat]
1299 2575 1338 2605 cf.
1362 2574 1439 2605 Tac.
1457 2574 1542 2605 Arm.
1565 2573 1603 2605 vi.
1621 2583 1670 2612 42.
1693 2583 1745 2603 xv.
1761 2571 1813 2613 69.

1144 2618 1171 2648 I.
1200 2617 1236 2648 F.
1265 2617 1405 2647 Gronov.
1437 2616 1514 2647 obs.
1542 2615 1562 2648 i.
1588 2625 1615 2656 3.
1676 2616 1814 2647 Brutum

1145 2659 1225 2700 regis
1239 2659 1340 2690 amita
1353 2663 1466 2690 natum
1482 2658 1589 2689 scribit
1605 2658 1702 2689 Dion.
1712 2658 1752 2688 iv.
1763 2656 1814 2689 68.

1189 2714 1208 2741 4
1230 2703 1328 2733 Bruti
1344 2726 1351 2732 .
1367 2726 1375 2733 .
1392 2725 1400 2733 .
1416 2703 1601 2741 coynomen]
1638 2701 1754 2732 Servus
1767 2700 1815 2731 fu-

1145 2744 1262 2785 gitivus
1278 2745 1361 2776 Osce
1377 2746 1490 2775 brutus
1506 2745 1688 2775 vocabatur.
1717 2743 1817 2774 Unde

1145 2789 1296 2825 Bruttiis,
1311 2791 1347 2818 ut
1362 2798 1444 2827 quae
1455 2797 1532 2827 gens
1545 2786 1698 2817 colluvies
1712 2794 1814 2816 servo-

1145 2840 1216 2860 rum
1234 2831 1389 2862 Oscorum
1413 2833 1506 2868 esset,
1523 2838 1699 2869 cognomen
1721 2837 1815 2858 suum

1146 2872 1284 2903 inditum
1301 2877 1357 2904 est.
1381 2872 1484 2903 strab.
1496 2872 1535 2903 vi.
1550 2882 1580 2911 p.
1598 2881 1614 2902 2
1619 2878 1668 2910 55.
1684 2871 1714 2901 b.
1737 2869 1815 2900 Dio-

1145 2916 1211 2989 dgg.
1229 2915 1292 2947 xvi.
1313 2924 1358 2955 15.
1385 2915 1425 2947 cf.
1442 2914 1576 2946 Niebhr.
1593 2913 1612 2945 i.
1629 2923 1660 2952 p.
1676 2911 1727 2944 62.
1743 2913 1815 2951 483.
