1934 3211
133 1635 176 1665 U.
195 1635 232 1665 C.
252 1643 322 1673 322.

131 1678 170 1707 A.
196 1677 233 1707 C.
251 1686 322 1715 430.

131 1720 179 1749 M.
192 1719 306 1753 Fabio,

131 1763 190 1791 &a
200 1762 253 1791 Tr.
263 1761 336 1791 Mil.

133 1803 334 1835 Pestilentia.

350 166 434 204 250
871 163 1018 205 TITI
1061 163 1239 205 LIVII

313 284 319 290 .
351 253 587 333 ῑςί5113ῖ115
605 268 768 295 annuos
803 269 904 304 esse,
939 254 1301 310 quinquennalem
1337 268 1580 301 censuram;
1626 266 1751 308 grave

313 327 320 334 ·
351 316 479 360 ‘esse,
511 311 590 351 iisd
594 326 661 351 em
691 327 767 367 per
802 320 864 352 tot
896 327 1028 353 annos
1064 327 1216 368 magna
1248 321 1365 368 parte
1401 311 1510 351 vitae
1547 309 1783 351 obnoxiosz

349 368 522 409 ‘vivere
588 368 641 409 Se
672 368 808 424 legem
839 369 1035 418 laturum,
1064 384 1117 409 ne
1148 369 1254 425 plus,
1287 384 1412 433 quam
1445 383 1586 409 annua
1612 382 1659 407 ac
1688 381 1753 406 se-

350 425 548 474 ⁶mestris,
581 441 755 466 censura
787 427 919 467 esset?
982 425 1204 467 Consensu
1240 426 1400 490 ingenti
1437 424 1584 490 populi
1614 423 1784 479 legem3

347 491 513 538 postero
530 482 598 523 die
614 483 800 538 pertulit,
818 492 872 533 et,
898 489 964 524 ⁶ut
984 498 1028 523 re
1050 484 1164 538 ipsa,’
1178 484 1329 538 inquit,
1355 483 1523 531 ‘sciatis,
1550 481 1750 529 Quirites,

350 545 501 594 ‘quam
533 540 637 580 mihi
668 540 868 580 diuturna
897 556 984 580 non
1012 539 1205 603 placeant
1230 540 1417 595 imperia,
1447 540 1656 580 dictatura
1683 552 1751 578 me

350 597 548 638 ‘abdica’
608 597 814 661 Deposito
847 612 922 637 suo
958 597 1214 651 magistram,
1244 597 1371 637 modo
1409 596 1585 636 aliorum
1621 595 1753 650 magi-

348 654 493 694 stratui
524 654 732 709 imposito,
769 653 877 708 [fine
911 630 1065 708 alte1i5]
1100 668 1197 693 cum
1230 653 1510 708 gratulatione
1540 667 1587 693 36
1614 651 1785 693 favore4

348 711 510 766 ingenti
527 710 674 766 populi
695 710 868 750 domum
890 718 952 751 est
972 710 1181 750 r.eductus
1248 709 1468 758 Censores,
1487 724 1608 764 aegre
1629 708 1752 773 passi,

350 768 627 815 Mamercum,
661 767 777 822 quod
805 767 1093 822 magistratum
1124 767 1271 822 populi
1303 766 1487 808 Romani
1519 766 1750 815 minuisset,
1767 786 1783 818 5

350 825 460 865 tribu
497 832 731 872 moverunt,
770 824 1110 889 octuplicatoque
1147 840 1276 865 censu
1307 825 1511 865 aerarium
1547 823 1749 864 fecerunt.
1765 825 1786 857 6

353 881 494 929 Quam
534 896 623 921 rem
664 881 802 936 ipsum
843 881 1006 937 ingenti
1042 882 1183 922 animo
1220 881 1362 922 tulisse
1397 882 1550 930 ferunt,
1584 877 1785 921 causam7

349 939 487 994 potius
508 938 764 994 ignominiae
794 938 1043 988 intuentem,
1067 954 1194 994 quam
1216 939 1516 995 ignominiam,
1548 938 1752 994 primores

350 996 536 1044 Patrum,
575 1011 819 1051 quanquam
859 996 1125 1037 deminutum
1162 1012 1361 1037 censurae
1402 997 1466 1037 1115
1506 970 1751 1044 noluissent,

349 1052 544 1108 exemplo
581 1054 816 1094 acerbitatis
851 1054 1062 1094 censoriae
1099 1054 1300 1094 offensos:
1345 1054 1502 1110 quippe
1539 1067 1672 1109 quum
1707 1066 1751 1092 se

350 1111 527 1166 quisque
557 1110 715 1151 diutius
743 1126 790 1152 ac
821 1111 985 1166 saepius
1013 1111 1247 1152 subiectum
1279 1112 1518 1152 censoribus
1547 1110 1634 1151 fore
1663 1124 1752 1150 cer-

349 1177 481 1217 neret,
514 1183 641 1223 quam
673 1183 891 1209 censuram
921 1178 1148 1224 gesturum.
1212 1168 1367 1224 Populi
1398 1177 1509 1209 certe
1541 1176 1658 1208 tanta
1687 1167 1752 1206 in·-

349 1225 537 1280 dignatio
559 1234 700 1266 coorta
729 1226 894 1275 dicitur,
918 1235 965 1266 ut
985 1227 1046 1266 vis
1074 1242 1098 1266 a
1122 1227 1364 1267 censoribus
1385 1225 1541 1265 nullius
1572 1224 1752 1265 auctori-

350 1291 447 1331 tate,
470 1292 763 1339 praeterquam
785 1283 914 1339 ipsius
937 1283 1155 1332 Mamerci,
1179 1283 1378 1324 deterreri
1401 1282 1592 1338 quiverit.

408 1339 589 1380 Tribuni
614 1341 765 1404 plebis,
798 1341 972 1382 assiduis
1003 1341 1275 1381 concionibus
1306 1339 1569 1396 piohibendo
1600 1353 1752 1380 consu-

347 1397 449 1437 laria
481 1397 663 1447 comitia,
702 1414 834 1454 quum
870 1413 934 1439 res
967 1413 1097 1454 prope
1135 1398 1188 1439 ad
1224 1398 1513 1453 interregnum
1548 1396 1753 1453 perducta

349 1463 468 1503 esset,
491 1455 651 1495 evicere
674 1455 858 1504 tandem,
874 1465 921 1496 ut
942 1456 1100 1496 tribuni
1122 1455 1303 1496 militum
1325 1454 1533 1496 consulari
1545 1462 1751 1510 potestate

349 1520 612 1552 creaientur:
646 1513 842 1553 victoriae
864 1513 1109 1568 praemium,
1134 1513 1248 1568 quod
1277 1513 1522 1577 petebatur,
1532 1520 1579 1553 ut
1609 1511 1752 1567 plebe-

350 1568 414 1608 ius
435 1577 654 1617 crea1·,etur
678 1569 842 1609 nullum
863 1570 952 1610 fuit.
1019 1570 1180 1611 Omnes
1208 1571 1371 1625 patricii
1399 1569 1524 1610 creati
1552 1577 1661 1617 sunt,
1686 1567 1748 1609 M.

351 1625 504 1666 Fabius
532 1625 782 1675 Vibulanus,
814 1626 876 1666 Μ.
894 1626 1067 1676 Foslius,
1098 1627 1146 1667 L.
1168 1627 1337 1683 Sergius
1361 1627 1550 1667 Fidenas.
1615 1626 1751 1666 Pesti-

350 1682 479 1723 lentia
501 1698 551 1724 60
572 1698 684 1724 311110
705 1683 878 1723 aliarum
907 1699 1046 1724 rerum
1069 1685 1201 1725 otium
1229 1684 1445 1740 praebuit:
1479 1683 1593 1724 aedis
1616 1683 1750 1738 Apol-

350 1739 425 1780 lini
456 1755 532 1796 pro
562 1740 803 1781 valetudine
834 1741 979 1796 populi
1011 1749 1107 1781 1013
1137 1750 1208 1781 est.
1273 1740 1414 1781 Multa
1449 1740 1659 1781 duumviri
1695 1755 1749 1780 ex

349 1796 475 1847 libris,
497 1797 726 1853 placandae
755 1798 921 1838 (1611111
911 1813 1008 1847 1136,
1032 1798 1367 1853 avertendaeque
1390 1813 1414 1838 a
1443 1796 1600 1853 populo
1622 1797 1749 1852 pestis

348 1869 483 1904 631153,
513 1854 670 1895 fecere:
705 1870 857 1911 magna
884 1864 1026 1896 tamen
1054 1855 1192 1896 clades
1221 1855 1265 1895 in
1294 1856 1396 1896 urbe
1425 1855 1630 1910 agrisque,
1653 1865 1780 1909 pro-8

348 1911 504 1952 miscue
536 1912 757 1953 hominum
788 1928 1072 1968 pecorumque
1104 1913 1302 1968 pernicie,
1332 1921 1512 1968 accepta.
1577 1911 1781 1958 Famem9

348 1968 576 2010 cultoribus
607 1984 801 2025 agrorum
832 1970 1028 2011 timentes
1056 1970 1100 2010 in
1131 1970 1356 2019 Etruriam,
1386 1969 1748 2025 Pomptinumque

392 2110 408 2130 2
427 2102 557 2140 Ilsllyna
570 2106 666 2140 parte
681 2102 783 2139 vitae]
803 2101 845 2131 In
862 2102 1024 2141 plerisque

348 2144 453 2181 rebus,
469 2144 500 2173 in
518 2144 633 2182 quibus
649 2144 715 2173 vita
731 2148 917 2183 occupatur.
962 2145 1023 2175 Eo-

349 2186 423 2215 dem
451 2196 545 2216 sensu
570 2186 695 2225 scripsit
720 2186 787 2217 Cic.
812 2187 853 2216 de
876 2187 939 2217 Off.
957 2187 976 2217 i.
995 2199 1024 2225 4.

349 2229 454 2258 Nulla
482 2239 562 2267 pars
585 2230 671 2260 vitae
688 2253 694 2259 .
714 2252 720 2259 .

347 2275 460 2309 potest.
487 2271 593 2301 CREV.

395 2322 411 2351 3
436 2314 567 2352 Leyem]
595 2324 636 2344 sc.
652 2313 773 2353 Legem
791 2313 967 2343 Aemiliam
985 2314 1025 2343 de

351 2365 492 2386 censura.

393 2409 411 2435 4
434 2399 518 2429 Fine
541 2399 654 2436 alteri]
687 2399 781 2428 Haec
808 2399 915 2435 verba,
942 2408 1025 2437 quae

351 2439 492 2478 Signino,
518 2444 674 2479 tanquam
705 2441 818 2477 otiosa,
842 2440 1025 2479 displicent,

350 2482 470 2512 delevit
487 2483 606 2513 Stroth.
624 2488 722 2522 atque
742 2483 879 2513 unciolis
895 2483 1026 2513 inclusit

351 2524 491 2555 Bekker.
800 2536 808 2545 ·

395 2575 411 2605 5
430 2569 529 2597 Tribu
544 2569 728 2605 moverant]
749 2567 838 2597 Hinc
851 2567 951 2606 liquet
969 2577 1022 2606 pa-

351 2608 458 2639 tricios
478 2610 510 2639 in
528 2610 675 2640 tribubus
694 2610 885 2650 regionatim
910 2610 1025 2640 descri-

351 2654 423 2689 ptos
438 2662 515 2682 esse.

393 2692 412 2722 6
438 2696 702 2735 Octuplieatoque
725 2696 839 2733 censu]
878 2695 1024 2726 Censori-

350 2734 409 2764 bus
432 2736 516 2765 enim
542 2737 677 2767 liberum
702 2737 867 2768 arbitrium
889 2741 957 2768 erat
973 2748 1023 2768 ae-

350 2776 438 2806 rariis
455 2778 609 2809 tributum
633 2780 665 2810 in
690 2780 797 2819 capita
819 2780 1020 2819 impelandi:

351 2818 404 2856 qui
430 2829 502 2848 1610
526 2820 610 2850 inter
631 2822 768 2852 aeiarios
791 2823 882 2852 nullo
905 2822 1023 2852 iudicio

351 2870 370 2889 3
393 2861 575 2891 censoribus
598 2865 717 2894 relatus
739 2868 797 2901 est,
821 2869 916 2904 turpe
938 2866 1021 2895 iudi-

350 2903 433 2932 cium
461 2902 546 2933 haud
575 2905 776 2942 paticbatur3
804 2907 924 2946 quippe
948 2907 1022 2938 6111-

738 2252 745 2259 .
763 2252 770 2258 .
789 2239 903 2260 vacare
927 2231 1027 2267 officio

1070 2103 1128 2131 bus
1150 2101 1428 2132 animadversione
1452 2101 1608 2139 censoria,
1626 2111 1660 2132 re
1683 2112 1748 2132 non

1069 2144 1223 2181 iudicata,
1236 2145 1366 2182 notatis,
1378 2145 1410 2174 in
1425 2145 1558 2182 curiam,
1574 2145 1625 2175 vel
1641 2144 1675 2174 in
1691 2144 1746 2174 ho-

1070 2197 1163 2217 nores
1194 2187 1345 2226 pristinos
1371 2187 1492 2217 reditus
1519 2198 1539 2217 a
1564 2187 1749 2217 censoribus

1071 2229 1142 2259 aliis
1169 2240 1401 2269 saepenumero
1429 2230 1575 2260 dabatur.
1613 2229 1652 2259 cf.
1678 2229 1746 2260 Cic.

1072 2272 1126 2301 Or.
1145 2282 1200 2310 pro
1218 2273 1348 2302 Cluent.
1360 2282 1410 2310 4²·
1458 2272 1531 2301 Iam
1549 2282 1621 2301 vero
1638 2271 1746 2301 Aemi-

1071 2313 1132 2343 lius
1148 2314 1248 2344 octies
1269 2314 1380 2354 pluris,
1395 2324 1492 2353 quam
1509 2313 1623 2353 quanti
1638 2317 1746 2350 antea,

1071 2366 1185 2385 census
1201 2361 1258 2386 est.

1116 2406 1130 2436 7
1154 2400 1329 2429 Aerarium
1339 2399 1510 2437 fecerunt]
1534 2398 1665 2428 Nomen
1678 2397 1746 2428 eius

1069 2451 1109 2470 ex
1125 2441 1199 2470 albo
1215 2441 1379 2470 centuriae
1395 2450 1482 2477 suae,
1498 2450 1580 2479 quae
1604 2450 1677 2479 pars
1691 2440 1744 2470 tri-

1069 2484 1128 2512 bus
1149 2488 1228 2519 erat,
1246 2483 1284 2513 cf.
1301 2483 1369 2513 Cic.
1387 2493 1444 2522 pro
1462 2483 1574 2513 Plane.
1593 2492 1641 2513 20.
1659 2483 1744 2513 dele-

1068 2526 1172 2562 batur,
1196 2529 1228 2554 et
1251 2525 1362 2555 tributi
1392 2525 1522 2555 nomine
1549 2535 1606 2565 pro
1637 2525 1745 2565 capite

1068 2578 1124 2597 suo
1140 2578 1214 2597 aera
1230 2568 1415 2606 praebebat.
1439 2569 1479 2598 cf.
1491 2569 1608 2598 Ascon.
1625 2567 1658 2598 in
1674 2568 1744 2599 Cic.

1071 2610 1181 2641 Diviu.
1200 2620 1227 2649 3.

1118 2653 1137 2683 8
1165 2654 1368 2691 Promiscue]
1422 2654 1625 2690 Promiscua,
1657 2654 1743 2692 quod

1070 2706 1087 2725 1
1090 2695 1139 2725 ult
1150 2695 1305 2732 Gronov„
1317 2695 1349 2725 in
1365 2699 1492 2725 textum
1504 2695 1647 2735 reposuit
1658 2696 1744 2726 Bek-

1070 2737 1135 2768 ker.

1111 2789 1130 2820 9
1146 2781 1277 2811 Famem
1289 2781 1463 2811 cultoribus
1475 2781 1644 2819 ayrorum]
1665 2780 1695 2810 N
1701 2789 1742 2809 on

1068 2823 1144 2852 satis
1159 2826 1295 2862 apparet
1311 2833 1368 2852 cur
1383 2823 1484 2852 fames
1507 2822 1614 2862 potius
1630 2821 1740 2852 timea-

1066 2869 1118 2894 tur
1148 2865 1324 2895 cultoribus
1353 2874 1513 2904 agrorum,
1537 2874 1632 2903 quam
1660 2862 1740 2893 urbi.

1068 2907 1250 2938 Gronovius
1278 2908 1449 2946 legendum
1478 2906 1669 2946 suspicatur,
1692 2906 1739 2935 in-
