1934 3211
206 258 248 288 U.
267 258 303 287 (Ἴ.
322 267 391 297 259.

204 301 242 330 A.
267 301 303 331 C.
321 310 392 340 493.

274 542 339 579 22.

204 595 335 626 Bellum

204 649 277 668 cum

205 681 340 712 Volscis,

275 2217 341 2254 23.

205 2271 334 2302 Turbae
350 2272 390 2301 ob

204 2324 260 2343 aes
275 2314 329 2344 ali-

205 2367 313 2387 cuum.

419 168 470 207 96
923 166 1068 209 TITI
1109 166 1290 209 LIVII

418 256 592 297 laetitia:
626 256 749 313 plebi,
765 257 832 298 cui
853 257 906 298 ad
927 273 1017 299 earn
1038 258 1150 299 diem
1167 273 1327 299 summa
1343 272 1420 314 ope
1438 256 1679 298 inservitum
1696 264 1797 307 erat,

419 314 593 355 iniuriae
619 330 644 355 a
672 315 919 371 primoribus
949 315 1039 356 fieri
1069 331 1254 371 coepere.
1319 315 1478 356 Eodem
1511 330 1621 355 anno
1655 313 1830 370 Signia7

419 370 594 422 colonia,
616 387 741 428 quam
762 388 836 413 rex
863 372 1118 428 Tarquinius
1138 373 1382 422 deduxerat,
1405 372 1596 429 suppleto
1623 386 1798 413 numero

420 428 674 479 colonorum,
700 430 850 471 iterum
878 430 1060 471 deducta
1083 439 1155 472 est.
1219 430 1379 472 Romae
1407 430 1538 471 tribus
1565 445 1649 470 una
1672 438 1715 471 et
1736 428 1831 471 vi-8

419 487 525 543 ginti
545 487 688 528 factae.
751 487 893 529 Aedes
915 487 1116 528 Mercurii
1137 487 1330 529 dedicata
1349 496 1411 529 est
1431 486 1579 529 Idibus
1600 486 1738 528 Maiis.

480 544 590 586 Cum
619 544 866 586 Volscorum
894 555 1017 601 gente
1048 544 1201 585 Latino
1231 544 1341 586 bello
1365 559 1502 600 neque
1533 559 1628 600 pax,
1656 559 1796 600 neque

419 602 574 643 bellum
595 603 728 643 fuerat
745 618 753 643 ε
788 617 884 643 nam
905 610 947 642 et
974 601 1117 643 Volsci
1138 610 1478 658 comparaverant
1499 601 1665 650 auxilia,
1688 616 1795 657 quae

421 660 636 701 mitterent
678 659 851 708 Latinis,
894 659 937 699 ni
979 668 1231 700 maturatum
1268 659 1318 700 ab
1359 659 1560 699 dictatore
1601 658 1796 699 Romano

420 725 550 766 esset,
584 726 626 758 et
646 717 868 757 maturavit
896 715 1125 766 Romanus,
1147 731 1200 757 ne
1228 716 1386 773 proelio
1413 731 1497 756 uno
1518 731 1615 756 cum
1643 715 1796 757 Latino

421 774 658 829 Volscoque
699 773 985 814 contenderet.
1049 773 1143 815 Hac
1182 774 1242 815 ira
1281 773 1471 815 consules
1510 773 1555 813 in
1594 772 1796 814 Volscum

421 847 566 887 agrum
606 831 790 886 legiones
831 831 1000 872 duxere.
1061 831 1248 882 Volscos,
1289 831 1450 873 consilii
1491 845 1669 887 poenam
1709 845 1796 872 non

421 896 667 937 metuentes,
690 888 939 944 necopinata
954 904 1018 929 res
1038 889 1226 945 perculit.
1290 889 1517 930 Armorum
1532 888 1796 929 immemores

420 945 586 987 obsides
617 945 719 986 dant
751 954 956 987 trecentos
986 947 1221 1002 principum
1252 962 1276 988 a
1308 945 1419 987 Cora
1448 955 1573 1001 atque
1604 945 1828 991 Pometia9

419 1003 581 1044 liberos.
643 1002 709 1044 Ita
729 1003 816 1044 sine
845 1004 1070 1045 certamine
1092 1004 1190 1045 inde
1213 1004 1413 1045 abductae
1442 1003 1638 1059 legiones.
1702 1001 1796 1044 Nec

420 1060 478 1101 ita
499 1059 630 1101 multo
651 1069 745 1116 post
771 1059 933 1101 Volscis
954 1060 1098 1102 levatis
1118 1070 1234 1102 metu
1254 1076 1376 1102 suum
1397 1060 1522 1102 rediit
1549 1060 1792 1117 ingenium:

419 1133 559 1159 rursus
580 1118 790 1159 occultum
812 1126 959 1174 parant
986 1118 1156 1168 bellum,
1181 1118 1378 1160 Hernicis
1398 1119 1441 1159 in
1463 1119 1703 1160 societatem
1732 1133 1796 1159 ar-

419 1190 581 1216 morum
597 1176 826 1231 assumptis.
860 1175 1040 1231 Legatos
1053 1191 1220 1232 quoque
1235 1176 1287 1216 ad
1300 1175 1606 1217 sollicitandum
1626 1175 1796 1217 Latium

420 1233 570 1289 passim
592 1232 822 1274 dimittunt.
886 1232 969 1274 Sed
990 1248 1133 1274 recens
1155 1233 1208 1274 ad
1236 1233 1450 1289 Regillum
1470 1233 1608 1274 lacum
1627 1242 1798 1290 accepta

419 1290 558 1331 clades
580 1290 751 1332 Latinos
779 1291 840 1332 ira
859 1291 1039 1346 odioque
1062 1291 1163 1341 eius,
1186 1291 1427 1347 quicunque
1450 1305 1563 1331 arma
1589 1290 1794 1341 suaderet,

419 1363 473 1389 ne
503 1349 554 1388 ab
578 1348 725 1404 legatis
752 1348 924 1403 quidem
953 1348 1156 1389 violandis
1186 1348 1394 1390 abstinuit.
1459 1347 1797 1404 Comprehensos

420 1405 594 1446 Volscos
628 1406 806 1446 Romam
836 1405 1005 1447 duxere.
1068 1405 1135 1447 Ibi
1165 1406 1307 1447 traditi
1337 1405 1599 1447 consulibus:
1637 1406 1796 1449 indica-

421 1472 593 1518 tumque
622 1471 697 1512 est,
719 1462 892 1504 Volscos
921 1462 1211 1519 Hernicosque
1233 1478 1376 1519 parare
1401 1463 1558 1505 bellum
1579 1463 1793 1506 Romanis.

422 1519 573 1561 Relata
588 1535 631 1561 re
654 1520 706 1561 ad
727 1528 929 1570 senatum,
945 1520 1048 1561 adeo
1068 1520 1146 1561 fuit
1166 1530 1329 1577 gratum
1351 1521 1557 1570 Patribus,
1576 1529 1622 1562 ut
1642 1530 1684 1562 et
1700 1537 1797 1578 cap-

421 1577 601 1618 tivorum
621 1593 694 1619 sex
715 1577 845 1619 millia
866 1577 1027 1618 Latinis
1048 1578 1317 1627 remitterent,
1341 1587 1384 1619 et
1404 1578 1455 1619 de
1476 1578 1658 1628 foedere,
1680 1579 1796 1635 quod

420 1650 548 1691 prope
571 1635 616 1676 in
642 1643 892 1691 perpetuum
922 1644 1120 1691 negatum
1140 1635 1286 1685 fuerat,
1309 1651 1397 1676 rem
1418 1635 1471 1676 ad
1491 1651 1620 1677 novos
1647 1638 1798 1693 magis-

421 1701 551 1734 tratus
586 1692 817 1734 reiicerent.
882 1692 1107 1733 Enimvero
1148 1701 1237 1734 tum
1270 1693 1411 1734 Latini
1450 1693 1632 1749 gaudere
1672 1694 1795 1745 facto,

434 1750 533 1791 meis
562 1759 750 1791 auctores
785 1750 829 1790 in
864 1750 1025 1806 ingenti
1058 1750 1189 1806 gloria
1220 1765 1318 1792 esse.
1385 1749 1596 1792 Coronam
1629 1767 1797 1794 auream

420 1766 511 1848 iovi
532 1807 690 1849 donum
710 1808 755 1848 in
773 1806 1030 1864 Capitolium
1047 1808 1229 1849 mittunt.
1294 1809 1406 1849 Cum
1427 1808 1572 1865 legatis
1586 1809 1795 1867 donoque,

421 1865 495 1921 qui
522 1865 779 1922 captivorum
804 1865 963 1907 remissi
983 1865 1036 1906 ad
1056 1881 1150 1907 suos
1177 1866 1352 1916 fuerant,
1374 1881 1525 1922 magna
1550 1868 1799 1910 circumfusa

421 1922 648 1964 multitudo
669 1923 794 1964 venit.
856 1922 1045 1979 Pergunt
1066 1923 1211 1965 domos
1231 1939 1388 1974 eorum,
1411 1924 1522 1980 apud
1543 1939 1669 1980 quem
1685 1926 1798 1982 quis-

421 1995 504 2036 que
526 1981 777 2021 servierant:
810 1980 961 2036 gratias
982 1990 1125 2036 agunt,
1147 1980 1374 2023 liberaliter
1394 1981 1526 2022 habiti
1546 1982 1731 2039 cultique
1752 1984 1797 2024 in

422 2037 652 2079 calamitate
689 2052 783 2078 sua:
827 2038 925 2079 inde
957 2038 1138 2094 hospitia
1171 2039 1363 2094 iungunt.
1425 2039 1658 2096 Nunquam
1698 2040 1797 2082 alias
1813 2057 1825 2077 1

421 2104 516 2136 ante
538 2095 703 2151 publice
717 2095 993 2152 privatimque
1016 2095 1216 2137 Latinum
1232 2111 1387 2137 nomen
1409 2096 1602 2140 Romano
1622 2098 1798 2155 imperio

419 2152 682 2194 coniunctius
701 2152 790 2194 fuit.

483 2208 566 2251 Sed
606 2219 648 2251 et
678 2210 834 2252 bellum
870 2210 1070 2252 Volscum
1102 2211 1359 2260 imminebat,
1393 2220 1435 2253 et
1469 2212 1625 2263 civitas,
1656 2228 1797 2256 secum

422 2268 511 2324 ipsa
544 2268 711 2317 discors,
750 2268 949 2309 intestino
984 2268 1094 2309 inter
1134 2268 1278 2310 Patres
1313 2269 1565 2326 plebemque
1600 2271 1799 2327 flagrabat

420 2326 531 2376 odio,
554 2325 734 2366 maxime
755 2334 924 2381 propter
950 2340 1080 2366 nexos
1101 2326 1153 2367 ob
1179 2341 1247 2367 aes
1274 2326 1468 2367 alienum.
1532 2327 1795 2379 Fremebant,

423 2389 435 2407 ‘
447 2398 502 2433 se,
524 2383 621 2424 foris
641 2397 715 2439 pro
731 2382 919 2423 libertate
942 2391 985 2423 et
1004 2383 1178 2439 imperio
1195 2383 1451 2433 dimicantes,
1467 2384 1580 2425 domi
1600 2400 1624 2426 a
1639 2385 1797 2427 civibus

423 2447 588 2497 ‘captos
616 2450 657 2481 et
682 2455 896 2496 oppressos
926 2455 1039 2489 esse3
1072 2440 1351 2496 tutioremque
1376 2441 1420 2481 in
1447 2441 1570 2492 bello,
1599 2457 1726 2498 quam
1752 2444 1797 2485 in

423 2504 435 2521 ‘
447 2513 562 2554 pace,
579 2498 688 2539 inter
703 2498 854 2547 hostes,
872 2512 998 2553 quam
1018 2498 1128 2539 inter
1140 2498 1262 2547 cives,
1279 2497 1512 2540 libertatem
1528 2499 1661 2556 plebis
1677 2502 1797 2543 esse?

470 2662 485 2693 7
507 2655 619 2693 Sz'fflzia
644 2654 782 2691 colonia]
832 2653 940 2689 Quam
969 2652 1091 2691 Volsci,
1138 2652 1183 2684 16.
1209 2653 1343 2684 Niehhr.
1360 2653 1379 2684 i.
1398 2663 1427 2693 p.
1447 2662 1515 2694 550.

426 2697 582 2727 Romanis
604 2697 689 2727 bello
714 2696 829 2726 Latino
852 2696 1026 2736 occupatis,
1045 2706 1089 2726 re·
1175 2706 1194 2737 9
1219 2698 1347 2727 Obsides
1361 2698 1439 2727 dant
1454 2699 1622 2736 trecentos]
1644 2698 1737 2730 Mera
1751 2709 1796 2730 re-

426 2743 585 2777 ceperant.
611 2739 742 2770 Niebhr.
759 2739 790 2769 ii.
807 2749 838 2778 p.
855 2749 904 2779 9²-
1133 2739 1245 2777 petitio
1264 2739 1340 2769 belli
1357 2740 1441 2778 quod
1458 2750 1542 2779 supr.
1563 2739 1610 2778 16,
1630 2749 1675 2781 17.
1693 2751 1796 2773 narra-

467 2782 485 2810 8
514 2782 625 2811 Tribus
648 2792 714 2811 vna
741 2786 771 2812 et
793 2782 924 2820 viyinti]
974 2780 1090 2811 Tribus
1133 2785 1192 2812 tur.
1217 2781 1350 2812 Niebhr.
1367 2782 1387 2812 i.
1405 2792 1435 2821 p.
1453 2792 1523 2822 545.

424 2833 487 2852 uua
515 2826 545 2852 et
565 2823 713 2853 vicesima
736 2824 821 2853 haud
844 2824 940 2853 dubie
958 2825 1088 2854 Crustu·
1179 2834 1190 2853 1
1217 2825 1384 2864 Hospilz‘a]
1412 2825 1577 2863 Privatim,
1592 2825 1796 2865 quippefhos-

424 2865 511 2894 mina
526 2868 603 2901 crat,
620 2865 739 2903 quippe
755 2866 925 2896 Claudiam
941 2866 1088 2905 gentibus
1132 2866 1246 2905 pitium
1272 2867 1401 2906 publice
1426 2867 1546 2897 facturn
1569 2867 1638 2897 iura
1664 2868 1795 2898 munici-

425 2906 563 2946 patriciis
578 2906 769 2944 adscriptum
781 2917 847 2938 csse
861 2913 1086 2947 coustansupr.
1132 2908 1175 2948 pii
1192 2910 1287 2940 dabat
1321 2909 1389 2939 infr.
1410 2920 1435 2939 v.
1453 2910 1501 2939 28.
1520 2918 1567 2948 50.
