1934 3211
944 142 1089 184 TITI
1131 142 1307 184 LIVII

437 253 509 279 sex
530 235 660 276 millia
679 235 918 276 hominum:
952 233 1035 274 duo
1063 233 1191 275 millia
1218 242 1260 274 et
1284 233 1503 289 quingenti
1528 232 1659 289 capti:
1693 232 1737 272 in
1756 231 1836 273 iis²

437 293 594 336 tribuni
614 293 792 334 militum
812 300 1028 348 quattuor:
1057 291 1173 347 signa
1192 290 1384 332 militaria
1404 290 1594 346 triginta3
1621 298 1675 339 et,
1693 288 1807 345 quod

437 351 705 394 laetissimum
742 349 964 391 victoribus
1007 348 1097 398 fuit,
1141 348 1396 404 captivorum
1440 356 1606 404 recepta
1649 355 1807 403 septem

439 409 568 450 millia
587 417 630 450 et
648 407 939 464 quadringenti
956 422 966 455 ;
998 406 1152 461 praeda
1174 406 1321 461 ingens
1342 405 1544 446 sociorum
1561 421 1570 446 :
1603 404 1806 460 accitique

439 467 575 508 edicto
596 465 754 507 domini
775 465 826 505 ad
847 479 910 504 res
931 478 1022 503 suas
1042 462 1268 504 noscendas
1289 463 1638 518 recipiendasque.
1683 461 1808 502 Prae-

439 525 582 565 stituta
601 523 681 572 die,
705 536 879 577 quarum
900 535 1036 560 rerum
1057 535 1142 561 non
1166 520 1324 560 exstitit
1344 520 1547 568 dominus,
1569 519 1691 559 militi
1710 533 1809 560 con-

428 132 518 189 “580

225 247 267 278 U.
285 247 322 278 C.
338 245 410 286 456.

223 291 263 321 A.
285 289 323 321 C.
341 288 411 330 296.

441 596 602 623 cessae:
647 579 859 634 coactique
895 577 1074 618 vendere
1116 577 1324 632 praedam,
1361 592 1413 617 ne
1454 576 1563 626 alibi,
1598 591 1723 632 quam
1764 576 1809 616 in

442 639 575 687 armis,
598 637 781 678 animum
802 635 1013 676 haberent.

499 695 704 750 Magnum
735 708 783 734 ea
812 691 1023 748 populatio
1051 690 1256 746 Campani
1287 691 1372 747 agri
1403 690 1627 732 tumultum
1649 691 1808 732 Romae

438 752 709 809 praebuerat:
743 758 785 791 et
813 764 888 805 per
913 764 983 790 eos
1009 748 1113 790 forte
1141 749 1229 789 dies
1256 764 1307 789 ex
1331 748 1497 789 Etruria
1521 747 1690 789 allatum
1709 756 1809 798 erat,

439 818 533 866 post
572 808 797 849 deductum
837 806 934 847 inde
970 805 1299 847 Volumnianum
1339 805 1567 847 exercitum
1603 804 1812 846 Etruriam

441 866 644 908 concitam
672 865 716 905 in
746 879 870 913 arma,
899 872 940 905 et
971 863 1154 904 Gellium
1183 863 1421 920 Egnatium,
1456 862 1704 904 Samnitium
1735 862 1812 904 du-

442 939 546 973 cem,
574 931 617 964 et
645 922 826 963 Umbros
854 921 907 962 ad
938 921 1211 962 defectionem
1242 936 1400 970 vocare,
1434 928 1476 961 et
1509 919 1651 962 Gallos
1680 919 1843 976 preti03

442 981 602 1038 ingenti
634 979 863 1021 sollicitare.
926 978 1007 1019 His
1038 979 1195 1019 nuntiis
1227 987 1392 1020 senatus
1422 977 1667 1019 conterritus
1697 977 1846 1024 iusti-4

443 1039 548 1080 tium
568 1037 709 1087 indici,
727 1037 934 1078 delectum
951 1036 1085 1077 omnis
1100 1036 1263 1091 generis
1278 1036 1494 1077 hominum
1509 1035 1652 1077 haberi
1672 1034 1811 1076 iussit:

443 1111 521 1137 nec
547 1095 719 1152 ingenui
747 1094 870 1135 modo
897 1103 968 1135 aut
997 1093 1178 1134 iuniores
1205 1105 1459 1134 sacramento
1483 1093 1630 1142 adacti,
1651 1092 1725 1134 sed
1751 1107 1814 1133 se-

443 1154 607 1195 niorum
638 1153 762 1193 etiam
787 1151 975 1193 cohortes
1002 1151 1145 1200 factae,
1170 1151 1436 1207 libertinique
1467 1150 1696 1192 centuriati.
1759 1149 1845 1195 Et5

444 1210 730 1253 defendendae
752 1209 863 1250 urbis
884 1208 1053 1250 consilia
1072 1209 1356 1265 agitabantur3
1388 1223 1656 1264 summaeque
1677 1221 1815 1248 rerum

444 1277 608 1325 praetor
647 1267 693 1308 P.
731 1266 998 1322 Sempronius
1037 1275 1234 1322 praeerat.
1299 1265 1499 1307 Ceterum
1538 1273 1653 1322 parte
1693 1279 1815 1306 curae

445 1333 722 1368 exonerarunt
751 1334 939 1366 senatum
967 1323 1015 1365 L.
1032 1323 1249 1365 Volumnii
1279 1323 1458 1365 consulis
1487 1323 1644 1373 literae,
1666 1322 1816 1378 quibus

444 1398 582 1425 caesos
629 1383 821 1438 fusosque
870 1381 1134 1438 populatores
1178 1381 1431 1437 Campaniae
1480 1380 1693 1437 cognitum
1741 1388 1814 1421 est.

445 1440 593 1497 Itaque
633 1448 676 1481 et
713 1439 1035 1495 supplicationes
1074 1440 1127 1480 ob
1166 1454 1253 1480 rem
1292 1439 1398 1480 bene
1438 1447 1595 1495 gestam
1638 1437 1818 1479 consulis

445 1498 615 1538 nomine
646 1497 903 1538 decernunt:
937 1497 1141 1538 iustitium
1171 1496 1405 1546 remittitur,
1428 1496 1542 1553 quod
1567 1496 1700 1537 fuerat
1729 1494 1818 1536 dies

447 1555 593 1595 decem
614 1562 657 1594 et
676 1562 782 1603 octo,
805 1554 1132 1610 supplicatioque
1153 1554 1336 1610 perlaeta
1354 1553 1443 1595 fuit.
1495 1553 1608 1595 Tum
1627 1552 1680 1594 de
1700 1567 1818 1609 prae-

447 1611 551 1653 sidio
578 1611 757 1667 regionis
784 1610 1057 1666 depopulatae
1087 1612 1136 1652 ab
1161 1611 1415 1652 Samnitibus
1441 1611 1586 1667 agitari
1610 1618 1817 1665 coeptum.

446 1668 593 1724 Itaque
621 1668 788 1725 placuit,
814 1676 862 1708 ut
886 1668 991 1708 duae
1020 1668 1205 1709 coloniae
1233 1668 1342 1709 circa
1361 1668 1591 1709 Vescinum
1617 1677 1660 1708 et
1680 1666 1819 1708 Faler-

446 1741 548 1767 num
588 1741 732 1782 agrum
770 1725 1100 1766 deducerentur:
1142 1740 1227 1765 una
1266 1725 1318 1766 ad
1358 1725 1508 1766 ostium
1541 1724 1651 1765 Liris
1689 1724 1818 1774 fluvii,

447 1798 553 1839 quae
580 1782 824 1824 Minturnae
859 1782 1087 1839 appellata3
1117 1781 1245 1823 altera
1268 1782 1311 1822 in
1340 1782 1446 1823 saltu
1465 1781 1659 1831 Vescino,
1682 1780 1850 1824 Faler-6

297 697 362 735 21.

491 1912 508 1932 2
526 1904 567 1933 In
582 1903 622 1933 iis
637 1903 759 1932 tribuni
773 1903 924 1939 militum]
950 1902 1001 1931 An
1016 1901 1113 1931 etiam

448 1945 535 1984 apud
552 1944 709 1975 Samnites
724 1944 842 1974 tribuni
858 1944 1020 1974 militum?
1060 1944 1113 1974 In—

449 1987 613 2026 telligendi
644 1986 791 2017 videntur
819 1987 965 2017 ductores
995 1985 1048 2025 qui
1080 1985 1113 2016 in

449 2029 641 2060 Samnitium
660 2029 801 2060 exercitu
827 2029 939 2059 codem
961 2029 1026 2059 fere
1048 2028 1115 2059 iure

449 2082 487 2102 ae
509 2075 667 2112 potestate
685 2076 800 2107 essent,
816 2081 878 2110 quo
894 2071 1013 2101 tribuni
1033 2070 1114 2101 mili-

450 2118 518 2144 tum
535 2114 567 2144 in
584 2115 742 2145 Romano.
779 2114 831 2144 Sic
847 2114 929 2145 Cato
947 2113 977 2144 in
995 2113 1113 2153 Origin.

452 2156 671 2187 Hannibalem
686 2157 831 2196 appellat
846 2157 1027 2187 dictatorem
1040 2156 1115 2187 Car-

450 2199 707 2238 thaginiensium,
723 2203 755 2230 et
776 2199 998 2230 Maharbalem
1018 2200 1114 2238 mayz'-

450 2246 550 2271 strum
565 2243 714 2282 equitum.
747 2241 790 2272 Et
810 2241 877 2280 ipse
894 2241 1004 2271 Livius
1018 2242 1114 2272 dicta-

451 2288 548 2315 torem
559 2285 646 2323 apud
660 2284 785 2315 Poenos
797 2283 951 2321 nominat,
964 2283 1050 2314 xxiii.
1068 2292 1114 2321 13.

452 2326 556 2357 ΟΜΝ.

494 2377 512 2407 3
534 2370 589 2399 Ad
609 2369 810 2408 desectionem
832 2369 959 2407 vocare]
999 2369 1114 2399 Vocare

453 2414 484 2441 et
505 2412 674 2442 sollicitare
696 2421 753 2451 pro
772 2412 855 2451 vulg.
876 2412 983 2442 vocari
1007 2414 1038 2441 et
1056 2412 1113 2441 sol-

452 2454 571 2484 licitari
582 2454 799 2493 reponendum
811 2454 922 2484 suadet
930 2453 1069 2484 Gronov.
1081 2456 1112 2483 et

450 2495 483 2525 in
505 2500 630 2526 textum
649 2496 769 2535 recepit
786 2496 936 2532 Bekker„
951 2495 996 2525 ita
1014 2499 1049 2525 ut
1066 2495 1111 2525 in-

450 2538 612 2578 telligatur
627 2538 769 2568 Gellium
786 2542 817 2568 et
834 2538 974 2569 Umbros
988 2541 1020 2568 et
1036 2537 1113 2568 Gal-

451 2580 498 2611 los
514 2591 626 2611 vocare
640 2581 681 2611 ad
696 2591 793 2612 arma.

492 2635 512 2661 4
534 2624 670 2654 Senatus
687 2624 892 2661 conterritus]
927 2623 979 2654 Ne
996 2622 1114 2662 oppida

451 2665 619 2696 Romanae
649 2665 760 2696 ditioni
790 2666 916 2696 subdita
942 2676 959 2695 e
988 2665 1113 2705 regione

452 2707 590 2738 fluminis
606 2707 687 2738 Liris
702 2708 882 2739 deficerent.

499 2760 516 2788 5
542 2751 759 2790 Liber-linique
784 2751 972 2788 centuriati]
1008 2760 1049 2782 sc.
1075 2750 1115 2780 In

451 2792 608 2822 centurias
622 2792 761 2822 militum
773 2791 880 2832 scripti
893 2804 899 2823 ε
926 2802 1064 2831 namque
1079 2793 1115 2822 li-

451 2832 576 2870 bertini,
587 2834 639 2872 qui
655 2838 729 2865 ante
744 2844 907 2865 censuram
920 2835 1018 2874 Appii
1034 2834 1116 2865 inter

1156 1900 1292 1931 aerarios
1315 1901 1440 1931 fuerant
1462 1910 1565 1940 neque
1587 1899 1621 1931 in
1645 1899 1821 1940 legionibus

1156 1943 1382 1981 militaverant,
1401 1943 1465 1973 iam
1487 1943 1519 1973 in
1540 1942 1639 1973 tribus
1661 1942 1822 1983 descripti,

1157 1996 1220 2016 non
1236 1986 1374 2025 amplius
1389 1985 1505 2015 militia
1517 1985 1683 2022 vacabant,
1694 1985 1749 2016 sed
1765 1995 1822 2025 pro

1159 2032 1248 2068 parte
1272 2038 1329 2058 sua
1351 2038 1424 2058 cum
1449 2027 1521 2058 aliis
1546 2027 1667 2058 civibus
1690 2026 1724 2057 in
1750 2037 1822 2058 cen-

1159 2071 1256 2101 turias
1282 2070 1443 2111 legionum
1468 2069 1560 2101 relati
1585 2073 1668 2102 sunt.
1695 2070 1736 2102 cf.
1750 2069 1822 2102 infr.

1159 2124 1236 2144 xxn.
1257 2123 1304 2144 12.

1201 2155 1220 2187 6
1237 2157 1327 2194 Quae
1337 2157 1533 2187 Minturnae
1545 2155 1724 2195 appellata]
1749 2155 1822 2186 Iam

1159 2198 1397 2229 Minturnarum
1433 2198 1628 2229 mentionem
1663 2197 1739 2228 fecit
1769 2197 1821 2228 Li-

1159 2241 1238 2278 vius,
1261 2251 1346 2281 supr.
1370 2240 1432 2272 viii.
1460 2251 1508 2278 10,
1532 2250 1578 2271 11.
1601 2240 1644 2270 ix.
1662 2247 1710 2279 25.
1756 2239 1821 2271 Ita-

1158 2293 1219 2322 que
1235 2293 1299 2313 non
1314 2294 1397 2314 nova
1415 2283 1475 2314 hoc
1491 2283 1562 2313 loco
1576 2283 1650 2313 urbs
1665 2282 1822 2320 conditur,

1159 2326 1214 2356 sed
1229 2336 1356 2356 necesse
1371 2329 1419 2356 est
1438 2325 1502 2356 iam
1517 2328 1592 2356 ante
1606 2324 1651 2356 ibi
1666 2323 1821 2364 oppidum

1156 2367 1263 2406 fuisse,
1278 2369 1364 2407 quod
1381 2371 1489 2399 tamen
1512 2367 1576 2398 alio
1597 2367 1726 2398 nomine
1747 2369 1822 2398 ante

1157 2410 1240 2441 hanc
1264 2410 1421 2441 coloniam
1448 2411 1620 2441 deductam
1645 2409 1822 2449 appellare-

1155 2456 1218 2490 tur,
1238 2453 1509 2492 quemadmodum
1531 2462 1607 2482 mox
1628 2455 1823 2482 memoratur

1157 2495 1275 2534 Sinope
1290 2496 1364 2525 urbs
1380 2495 1506 2526 Graeca
1520 2494 1687 2526 Sinuessae
1704 2503 1821 2524 nomen

1156 2547 1176 2567 a
1199 2537 1319 2568 colonis
1339 2537 1508 2577 accepisse.
1553 2537 1621 2568 Ubi
1642 2539 1751 2567 autem
1769 2535 1822 2567 Li-

1158 2579 1226 2610 vius
1248 2580 1424 2620 appellavit
1447 2583 1541 2610 antea
1561 2578 1754 2616 Minturnas,
1774 2577 1822 2609 in—

1156 2622 1331 2662 telligenda
1366 2622 1487 2653 scilicet
1518 2632 1556 2652 ea
1584 2625 1632 2652 est
1667 2621 1741 2652 urbs
1770 2620 1821 2652 eui

1157 2668 1268 2704 postea
1284 2664 1469 2695 Minturnae
1481 2674 1598 2695 nomen
1613 2662 1683 2694 fuit.
1721 2662 1774 2694 Sic
1788 2666 1821 2693 et

1158 2707 1339 2738 Sinuessam
1361 2706 1570 2746 nuncupavit,
1592 2705 1656 2737 viii.
1679 2715 1726 2736 11.
1749 2714 1820 2736 eam

1158 2751 1267 2780 urbem
1294 2759 1375 2789 quae
1404 2753 1482 2779 tunc
1510 2747 1662 2788 temporis
1691 2747 1819 2787 Sinope,

1159 2797 1269 2832 postea
1284 2792 1432 2824 Sinuessa
1446 2791 1611 2832 appellata
1625 2794 1681 2821 est.
1702 2790 1805 2822 Ciu-w.
