1934 3211
558 157 678 215 LI'B.
712 174 767 216 V.
811 173 958 214 CAP.
992 179 1060 216 52.
1430 180 1512 219 343

115 269 267 306 ‘erunt
298 263 562 317 religionum.
628 261 911 317 Confugimus
941 263 984 303 in
1019 262 1280 318 Capitolium
1311 265 1365 305 ad
1396 265 1510 314 deos,
1525 275 1570 307 U.
1587 275 1626 307 C.
1644 276 1716 316 365-

115 320 194 362 ‘ad
211 320 355 363 sedem
376 319 488 361 Iovis
519 319 669 376 optimi
690 319 863 360 maximi
880 335 889 360 ε
923 334 1040 360 saera
1059 320 1103 360 in
1131 320 1254 361 ruina
1273 335 1412 362 rerum
1434 337 1510 363 no-
1523 319 1563 348 A.
1587 318 1625 350 C.
1644 320 1716 359 387.

80 382 315 419 8‘snarum
354 376 433 418 alia
466 385 600 418 terrae
641 376 880 426 celavimus,
918 376 1011 426 alia,
1049 386 1194 418 avecta
1228 377 1273 418 in
1310 377 1510 420 finitimas

112 433 272 483 ‘urbes,
310 434 543 475 amovimus
575 434 627 476 ab
668 433 854 475 hostium
895 433 1037 475 oculis.
1100 433 1293 475 Deorum
1334 434 1507 485 cultum,

111 490 293 532 ‘deserti
325 491 378 532 ab
413 490 494 532 diis
525 490 865 547 hominibusque,
899 500 1041 532 tamen
1071 506 1158 532 non
1194 491 1505 534 intermisimus.

109 553 123 571 6
137 547 382 590 Reddidere
398 548 527 604 igitur
547 548 737 604 patriam,
760 557 802 589 et
823 548 1040 589 victoriam
1057 564 1067 597 3
1100 557 1143 589 et
1164 549 1387 604 antiquum
1408 549 1508 590 belli

109 610 122 629 ‘
135 604 265 646 decus
285 605 507 647 amissum:
542 614 585 647 et
606 605 649 646 in
666 605 818 655 hostes,
841 605 915 661 qui
932 606 1045 647 caeci
1066 606 1237 647 avaritia
1257 606 1300 646 in
1317 606 1505 662 pondere

108 662 222 703 ‘auri
241 661 390 704 foedus
410 677 458 704 ac
480 662 606 704 fidem
624 662 875 712 fefellerunt,
897 672 1114 704 verterunt
1130 671 1330 705 terrorem
1343 663 1506 720 fugam-

107 724 218 776 ‘que
251 727 294 761 et
325 719 511 761 caedem.
576 719 696 761 Haec
729 720 833 761 culti
865 720 1133 776 neglectique
1171 721 1356 762 numinis
1389 729 1506 762 tanta
1589 720 1656 758 52.

107 781 120 800 6
135 786 411 818 monumenta
440 777 485 818 in
510 777 634 819 rebus
661 777 857 819 humanis
887 787 1120 827 cernenteS‚
1149 777 1304 834 ecquid
1328 778 1503 828 sentitis,

106 838 119 858 6
135 833 335 883 Quirites,
358 843 564 890 quantum
586 834 760 875 vixdum
783 850 805 876 e
828 834 1054 891 naufragiis
1074 835 1224 891 prioris
1244 835 1392 891 culpae
1421 835 1505 877 cla-

107 890 280 947 ‘disque
302 901 566 948 emergentes
594 907 788 948 paremus
809 892 957 933 nefas?
1020 892 1180 934 Urbem
1203 893 1418 948 auspicato
1439 893 1504 933 in-

107 953 419 1005 ‘auguratoque
453 949 666 990 conditam
694 949 921 990 habemus:
955 949 1096 990 nullus
1123 949 1238 991 locus
1263 949 1308 990 in
1340 965 1390 990 ea
1417 965 1503 991 non

107 1011 118 1028 6
135 1005 385 1062 religionum
414 1005 676 1061 deorumque
705 1015 767 1047 est
794 1006 971 1062 plenus:
1006 1007 1218 1048 sacrifieiis
1245 1006 1504 1048 sollennibus

106 1068 217 1104 ‘non
237 1063 329 1104 dies
348 1064 481 1119 magis
501 1063 610 1113 stati,
628 1078 755 1118 quam
772 1063 864 1104 loca
883 1072 993 1113 sunt,
1017 1064 1061 1104 in
1076 1064 1230 1120 quibus
1250 1064 1365 1105 fiant.
1411 1063 1504 1105 Hos

105 1125 117 1143 ‘
132 1134 278 1162 omnes
297 1120 412 1170 deos,
427 1121 617 1177 publicos
637 1121 916 1176 privatosque,
936 1120 1137 1169 Quirites,
1153 1120 1359 1162 deserturi
1376 1121 1504 1162 estis?

70 1187 92 1219 9
105 1182 117 1200 6
136 1176 276 1225 Quam
299 1193 375 1234 par
395 1187 578 1219 vestrum
600 1178 755 1218 factum
774 1187 848 1226 est,
864 1177 979 1232 quod
999 1178 1044 1218 in
1066 1177 1284 1219 obsidione
1301 1193 1438 1234 nuper
1458 1178 1504 1218 in

105 1235 299 1290 ‘egregio
320 1234 584 1276 adolescente
615 1234 665 1275 C.
687 1234 828 1283 Fabio,
852 1249 938 1275 non
966 1234 1127 1276 minore
1155 1234 1340 1275 hostium
1369 1235 1504 1276 admi-

104 1296 117 1315 ‘
132 1291 307 1341 ratione,
325 1307 451 1348 quam
469 1301 617 1341 vestra,
640 1300 912 1347 conspectum
934 1300 1020 1339 est3
1055 1306 1188 1347 quum
1210 1292 1321 1332 inter
1339 1291 1504 1333 Gallica

104 1348 215 1390 ‘tela
234 1348 455 1404 degressus
476 1364 528 1390 ex
551 1364 644 1390 arce
666 1349 855 1390 sollenne
873 1348 1025 1389 Fabiae
1047 1349 1184 1404 gentis
1206 1349 1248 1388 in
1270 1348 1375 1390 colle
1394 1349 1503 1397 Qui-

103 1411 115 1429 ‘
129 1405 250 1447 rinali
272 1406 406 1447 obiit?
437 1406 509 1447 An
531 1406 746 1461 gentilicia
767 1420 880 1446 sacra
897 1421 949 1446 ne
972 1406 1016 1445 in
1044 1405 1156 1446 bello
1177 1405 1350 1461 quidem
1372 1406 1502 1447 inter-

103 1468 115 1486 ‘
131 1463 254 1512 mitti,
277 1462 445 1519 publica
465 1478 579 1504 sacra
600 1472 642 1504 ct
667 1463 882 1504 Romanos
903 1462 1004 1503 deos
1025 1463 1151 1503 etiam
1174 1462 1219 1503 in
1239 1477 1342 1518 pace
1364 1463 1501 1504 deseri

103 1519 302 1575 ‘placet?
331 1530 373 1562 et
401 1521 622 1576 pontifices
653 1520 926 1574 flaminesque
960 1519 1286 1575 negligentiores
1313 1519 1502 1575 publica-

103 1582 114 1600 ‘
128 1591 222 1618 rum
257 1577 330 1619 reli
365 1578 510 1618 ionum
551 1592 652 1626 esse,
690 1591 817 1632 quam
853 1576 1039 1632 privatus
1073 1577 1116 1616 in
1147 1575 1323 1617 sollenni
1364 1578 1502 1633 gentis

103 1633 287 1676 ‘fuerit?
318 1592 507 1676 lssgorsitan
536 1633 687 1689 aliquis
712 1633 838 1683 dieat,
865 1641 938 1674 aut
969 1632 1089 1674 Veiis
1119 1647 1169 1674 ea
1199 1649 1274 1675 nos
1305 1633 1500 1684 facturos,

101 1696 113 1715 ‘
127 1699 201 1732 aut
239 1690 324 1732 hue
359 1691 458 1732 inde
495 1691 692 1732 missuros
725 1690 962 1732 sacerdotes
996 1700 1170 1740 nostros,
1206 1691 1280 1746 qui
1320 1691 1497 1733 faciant:

100 1753 303 1804 ‘quorum
335 1757 533 1790 neutrum
564 1748 654 1790 {ieri
686 1747 808 1789 salvis
839 1748 1104 1788 caerimoniis
1139 1757 1290 1804 potest.
1355 1748 1412 1790 Et
1447 1764 1500 1790 ne

100 1805 269 1847 ‘omnia
307 1806 542 1862 generatim
573 1820 689 1847 sacra
724 1820 956 1846 omnes<ue
989 1820 1259 1861 percenseam
1294 1806 1422 1855 deos3
1456 1807 1501 1847 in

68 1853 111 1917 {⁴
128 1861 238 1904 Iovis
254 1859 379 1919 epulo
402 1878 504 1904 num
526 1863 637 1912 alibi,
660 1877 788 1918 quam
814 1862 858 1902 in
883 1821 1109 1918 (bapitolio9
1133 1862 1326 1918 pulvinar
1345 1864 1500 1920 suscipi

68 1922 295 1984 3‘potest?
329 1920 448 1968 Quid
475 1920 528 1961 dc
557 1920 739 1961 aeternis·
760 1919 916 1960 Vestae
946 1919 1114 1975 ignibus
1142 1920 1361 1976 signoque,
1385 1921 1501 1976 quod

99 1977 291 2033 ‘imperii
314 1977 466 2032 pignus
487 1977 676 2018 custodia
697 1977 787 2017 eins
815 1976 961 2032 templi
984 1985 1165 2025 tenetur,
1188 1977 1365 2033 loquar?
1396 1978 1500 2033 quid

23 2052 29 2058 ·
67 2033 178 2077 ⁴‘de
199 2034 404 2075 ancilibus
432 2034 591 2078 vestris,
618 2033 733 2073 Mars
757 2032 956 2081 Gradive,
981 2041 1111 2088 tuque
1138 2034 1318 2082 Quirine
1351 2037 1500 2090 pater?

142 2184 161 2214 8
188 2185 305 2215 Terrae
320 2185 510 2221 relat-imm]
548 2184 645 2214 Terra
663 2184 775 2213 rrlam'-

99 2236 170 2256 muu
184 2226 333 2256 usitatius
348 2225 411 2256 diei
431 2236 538 2256 verum
556 2232 612 2256 est.
662 2225 778 2264 Neque

99 2272 208 2299 tamen
229 2269 334 2300 celare
349 2272 456 2298 terrae
483 2267 691 2298 l‘ntminitati
713 2267 777 2297 cui-

99 2310 174 2341 dam
207 2310 324 2346 tribuo,
356 2315 389 2340 ut
425 2310 607 2341 faciendum
647 2309 777 2340 coniicit

99 2352 235 2386 Douiat.
266 2363 339 2383 nuni
379 2351 474 2383 simili
509 2353 605 2383 modo
642 2353 776 2382 condere

99 2399 217 2431 terrae,
232 2394 314 2425 dixit
338 2395 457 2425 Lucan.
478 2395 496 2425 i.
514 2394 586 2426 W.
604 2399 635 2424 et
659 2394 704 2424 nic
728 2405 774 2425 re-

98 2438 232 2468 condere
248 2443 366 2473 terrae,
385 2437 469 2467 Flnr.
487 2437 506 2468 i.
528 2446 574 2476 ¹3-
603 2437 717 2467 Dum.

141 2488 162 2520 9
185 2480 288 2516 Quam
314 2490 378 2519 par
407 2484 543 2509 nentrum
567 2480 695 2518 fiuvium
719 2484 776 2515 eut,

98 2521 199 2561 quod]
232 2522 369 2560 Supplv,
392 2521 420 2551 ei
445 2522 541 2556 fliete»,
563 2522 654 2561 quud.
704 2521 773 2551 Nini

99 2562 171 2601 quis
183 2563 264 2592 sorte
278 2562 387 2593 mulit:
405 2566 508 2600 Quam
519 2574 582 2602 par
597 2564 773 2601 rea-erosae-

100 2609 167 2635 tum
184 2609 242 2639 eet,
257 2605 349 2644 qual.
373 2606 481 2635 Cum.

148 2656 156 2677 1
178 2647 264 2678 Ionis
279 2647 391 2686 epula]
415 2646 464 2677 Ad
483 2646 543 2676 hoc
560 2646 774 2677 ordinandum

99 2688 198 2728 quod.
220 2687 362 2718 convivis
385 2688 474 2724 love,
496 2688 633 2723 lunone,
656 2694 689 2719 et
715 2689 774 2719 Mi-

100 2740 209 2765 nen-n.
236 2729 348 2760 idibus·
373 2729 576 2760 Novembri-¹
593 2731 774 2761 ceu-brubu-

99 2778 162 2808 ων.
173 2777 237 2803 tren
251 2771 418 2820 Epulonem
433 2771 519 2802 circa
534 2782 586 2803 un.
601 2772 671 2811 556.
689 2772 775 2803 [EC.

99 2813 252 2851 instituti,
281 2816 352 2845 unfr.
382 2813 495 2845 xxxiii.
521 2824 573 2852 ⁴²·
600 2819 632 2845 et
665 2820 774 2853 postca

99 2867 119 2887 u
145 2857 237 2897 Sylla
261 2857 301 2887 nd
329 2861 454 2896 neptem
482 2856 569 2886 uncti
597 2862 691 2892 nunt:
719 2856 776 2887 luu

100 2903 208 2931 nutem
226 2900 341 2939 epulus
362 2909 425 2929 non
443 2904 509 2929 tam
527 2897 569 2929 dii
589 2898 659 2938 ipsi.
676 2909 773 2938 σμωιιι

823 2188 946 2222 septem
978 2183 1143 2221 Epulum-s
1171 2190 1200 2212 et
1230 2183 1344 2213 hurum
1373 2187 1498 2221 cognati

822 2226 1046 2255 absumebant.
1071 2226 1109 2256 ef.
1128 2225 1199 2256 val.
1216 2226 1305 2257 Mau:
1319 2225 1348 2257 ii.
1366 2236 1389 2257 1.
1410 2227 1499 2258 Fu».

825 2269 901 2298 Ant.
921 2268 1016 2298 Rom.
1035 2270 1050 2304 ς’
1070 2277 1140 2306 323.

868 2319 883 2340 2
912 2311 1075 2340 l'ellm'lmr
1094 2311 1232 2349 ¹suscipi]
1262 2311 1291 2341 h.
1309 2322 1337 2342 υ.
1357 2311 1500 2347 Institui,

820 2352 977 2382 adomari.
1036 2352 1191 2382 I‘ulvinur
1222 2353 1339 2391 lui-&sini
1371 2364 1500 2393 quoque

822 2404 878 2433 pru
894 2394 964 2433 ipso
981 2396 1080 2433 epulo
1095 2395 1276 2426 adhibetur.
1301 2397 1444 2426 Sruoru.

869 2446 886 2475 3
915 2438 1092 2477 Siynnque]
1140 2438 1302 2472 l'allmlin,
1333 2439 1418 2476 quod
1457 2440 1498 2468 ub

822 2479 933 2509 Aenea
949 2479 979 2508 iu
997 2479 1124 2508 ltaliam
1143 2479 1315 2509 ndu-ctum
1334 2491 1414 2517 esse,
1431 2481 1497 2511 vul-

818 2520 903 2558 garis
926 2520 1036 2560 npinio
1060 2527 1117 2551 ent.
1168 2521 1241 2551 vid.
1266 2521 1360 2552 niun.
1381 2522 1400 2552 i.
1417 2527 1449 2553 et
1466 2522 1497 2554 ii.

820 2568 850 2593 et
873 2563 958 2593 l'lut.
978 2563 1007 2592 iu
1025 2565 1119 2593 Coun.
1139 2573 1187 2594 ιο.
1212 2565 1319 2594 (Ἱικῑν.

863 2617 882 2642 4
904 2606 1012 2645 'I'uque
1029 2606 1167 2642 Quirina·
1180 2607 1292 2644 paler]
1318 2607 1496 2638 observan-

821 2647 897 2676 dum
915 2647 1034 2677 ancilia
1056 2657 1117 2677 non
1138 2647 1252 2677 Martia
1271 2653 1397 2678 mutum
1415 2649 1497 2680 Gra-

821 2688 898 2724 dixi,
921 2689 975 2718 ned
1001 2689 1098 2719 etium
1126 2689 1256 2724 Quirini
1283 2690 1382 2729 pan-is
1407 2701 1498 2723 sucro

822 2730 881 2760 hoc
911 2731 982 2761 loco
1010 2730 1140 2761 hnberi:
1178 2731 1268 2762 cuiun
1295 2733 1337 2763 rei
1366 2734 1498 2765 :brennae

821 2772 909 2802 uliud
924 2771 1247 2812 testimonimum-gre
1260 2775 1407 2814 reperias.
1432 2776 1495 2809 Sed

821 2814 971 2845 nimirum
999 2815 1088 2846 Mum
1103 2820 1135 2846 vt
1152 2816 1312 2852 Quirinus
1331 2817 1397 2849 duo
1421 2824 1495 2851 sunt

821 2856 952 2887 numina
977 2857 1120 2888 eiu-dem
1147 2858 1209 2890 dei.
1255 2861 1427 2898 Quirinus,
1449 2860 1496 2892 in-

819 2899 888 2939 quit
912 2901 1001 2932 Serv.
1023 2900 1054 2931 in
1078 2901 1158 2932 Aen.
1178 2900 1216 2933 vi.
1234 2903 1308 2943 859,
1331 2908 1378 2935 est
1399 2905 1496 2937 blan
