1934 3211
180 292 309 324 Foedus

179 346 251 365 C'dm

181 379 314 411 Latinis.

254 1557 320 1597 53.

184 1680 315 1710 Bellum

184 1733 256 1770 cum
275 1723 351 1753 Vol-

182 1775 251 1796 seis.

396 198 452 237 60
913 197 1060 239 ΤΙΤΙ
1096 195 1275 238 LIVII

397 286 665 342 Tarquinius,
688 287 1029 344 collaudatisque,
1052 288 1125 344 qui
1147 287 1341 329 Turnum
1371 294 1597 328 novantem
1621 299 1686 326 res
1706 297 1782 340 pro

396 344 615 386 manifesto
630 345 852 401 parricidio
869 346 1018 386 merita
1033 360 1169 402 poena
1184 345 1431 394 affecissent,
1449 345 1507 385 ita
1523 343 1649 385 verba
1663 341 1779 383 fecit:

397 401 551 443 ‘Posse
578 403 750 458 quidem
775 418 816 444 se
845 412 1008 444 vetusto
1038 404 1127 444 iure
1156 418 1291 460 agere,
1324 401 1450 458 quod,
1477 416 1609 458 quum
1639 413 1784 441 omnes

397 465 408 483 ‘
422 459 564 501 Latini
585 462 638 502 ab
665 461 778 501 Alba
805 461 971 502 oriundi
1000 461 1094 510 sint,
1116 461 1160 501 in
1181 476 1232 501 eo
1252 460 1420 501 foedere
1442 467 1676 507 teneantur,
1699 471 1784 512 quo

396 518 471 558 ‘ab
494 517 620 559 Tullo
641 533 706 559 res
731 519 864 559 omnis
886 518 1055 560 Albana
1075 534 1170 559 cum
1191 517 1349 559 colonis
1369 517 1452 557 suis
1472 517 1518 556 111
1543 516 1785 557 Romanum

396 576 589 616 ‘cesserit
608 576 842 631 imperium.
888 575 1089 616 Ceterum
1110 591 1152 616 se
1170 575 1360 616 utilitatis
1380 574 1424 614 id
1445 573 1575 629 magis
1595 572 1785 614 omnium

397 638 545 673 ‘causa
565 648 746 682 censere,
769 642 816 674 ut
835 642 1060 674 renovetur
1079 632 1123 673 id
1146 632 1315 673 foedus:
1349 631 1615 686 secundaque
1647 628 1786 685 potius

397 695 408 713 ‘
421 689 588 731 fortuna
626 690 771 746 populi
813 690 995 732 Romani
1040 698 1088 731 ut
1131 690 1352 746 participes
1397 688 1540 729 Latini
1580 687 1785 735 fruantur,

398 753 410 771 ‘
424 762 550 803 quam
570 748 736 788 urbium
759 748 923 788 excidia
948 747 1282 803 vastationesque
1305 761 1510 803 agrorum,
1537 759 1640 801 quas
1662 743 1787 784 Anco

399 805 549 861 ‘prius,
580 815 696 861 patre
729 805 882 846 deinde
920 820 994 846 suo
1031 814 1245 861 regnante,
1277 804 1460 861 perpessi
1497 803 1591 852 sint,
1623 815 1788 857 semper

399 867 411 886 ‘
427 871 498 903 aut
519 871 775 918 exspectent,
798 871 870 903 aut
889 863 1125 918 patiantur.’
1156 862 1286 903 Haud
1302 861 1524 903 difficulter
1543 873 1786 916 persuasum
1799 866 1817 899 5

397 919 573 969 Latinis,
597 935 838 975 quanquam
859 920 904 960 in
925 935 974 961 eo
995 920 1163 961 foedere
1185 920 1373 977 superior
1389 919 1583 960 Romana
1602 932 1667 958 res
1683 924 1784 958 erat.

400 976 602 1017 Ceterum
638 985 681 1017 et
716 977 852 1033 capita
883 977 1063 1018 nominis
1097 977 1240 1018 Latini
1281 987 1389 1018 stare
1423 991 1470 1017 ac
1505 975 1658 1016 sentire
1689 989 1787 1015 cum

396 1049 494 1089 rege
515 1034 726 1084 videbant,
749 1044 792 1075 et
814 1034 984 1075 Turnus
1004 1035 1068 1075 sui
1089 1035 1241 1091 cuique
1269 1033 1457 1091 periculi,
1484 1034 1518 1074 si
1546 1033 1788 1074 adversatus

398 1100 518 1140 esset,
554 1106 700 1132 recens
739 1100 827 1132 erat
867 1092 1179 1133 documentum.
1241 1092 1307 1133 Ita
1345 1100 1592 1133 renovatum
1625 1089 1786 1140 foedus,

398 1149 690 1205 indictumque
711 1149 943 1190 iunioribus
964 1149 1225 1198 Latinorum,
1255 1159 1302 1190 ut
1323 1164 1376 1191 ex
1397 1148 1563 1190 foedere
1584 1147 1652 1189 die
1674 1155 1788 1188 certa

399 1206 452 1247 ad
472 1206 614 1247 lucum
637 1206 884 1248 Ferentinae
907 1207 1053 1247 armati
1076 1207 1316 1262 frequentes
1337 1207 1539 1247 adessent.
1604 1204 1691 1253 Qui
1715 1204 1788 1245 ubi

398 1264 452 1304 ad
477 1264 663 1305 edictum
686 1264 868 1305 Romani
897 1264 1005 1320 regis
1036 1279 1089 1305 ex
1114 1265 1308 1305 omnibus
1335 1263 1500 1320 populis
1527 1277 1785 1311 convenere3

397 1337 452 1362 ne
474 1321 626 1363 ducem
648 1337 782 1371 suum,
805 1337 910 1362 neve
932 1331 1139 1363 secretum
1160 1322 1396 1378 imperium,
1424 1320 1641 1377 propriave
1669 1320 1789 1375 signa

398 1379 614 1429 haberent,
637 1380 802 1420 miscuit
823 1379 1058 1435 manipulos
1079 1395 1132 1420 ex
1154 1379 1316 1421 Latinis
1346 1378 1646 1434 Romanisque,
1667 1386 1715 1418 ut
1734 1392 1787 1418 ex
1800 1382 1821 1415 6

398 1437 507 1477 binis
528 1437 713 1493 singulos
738 1437 904 1486 faceret,
927 1437 1131 1492 binosque
1153 1452 1206 1478 ex
1233 1437 1418 1493 singulis.
1480 1436 1548 1477 Ita
1566 1435 1788 1492 geminatis
1803 1442 1820 1475 7

399 1494 622 1550 manipulis
644 1495 910 1535 centuriones
932 1494 1142 1550 imposuit.

460 1551 566 1601 Nec,
596 1560 643 1592 ut
670 1552 848 1592 iniustus
879 1552 923 1592 111
947 1567 1049 1607 pace
1080 1567 1167 1601 rex,
1194 1552 1253 1592 ita
1279 1551 1366 1592 dux
1390 1551 1490 1592 belli
1517 1565 1667 1607 pravus
1696 1549 1786 1591 fuit.

404 1609 522 1658 Quin
543 1625 592 1650 ea
611 1618 698 1650 arte
719 1617 936 1666 aequasset
956 1610 1188 1666 superiores
1208 1625 1338 1665 reges,
1360 1609 1405 1649 111
1425 1609 1724 1664 degeneratum
1744 1607 1788 1647 in
1802 1614 1822 1645 8

401 1667 490 1708 aliis
530 1667 628 1708 huic
664 1682 832 1723 quoque
874 1667 1015 1708 decori
1055 1667 1270 1708 offecisset.
1347 1666 1388 1707 Is
1427 1667 1586 1722 primus
1627 1664 1790 1706 Volscis

399 1724 557 1766 bellum
574 1725 618 1765 in
639 1725 841 1766 ducentos
862 1724 1037 1780 amplius
1057 1734 1151 1781 post
1168 1740 1283 1765 suam
1297 1733 1477 1766 aetatem
1493 1738 1624 1764 annos
1644 1722 1788 1772 movit,

403 1782 680 1838 Suessamque
701 1782 935 1823 Pometiam
961 1798 1013 1824 ex
1035 1782 1099 1823 his
1119 1782 1160 1822 vi
1185 1782 1305 1838 cepit.
1369 1781 1456 1822 Ubi
1484 1796 1615 1838 quum
1642 1780 1791 1821 diven-

399 1840 540 1881 denda
554 1840 711 1896 praeda
726 1840 1003 1896 quadraginta
1023 1840 1180 1881 talenta
1195 1840 1355 1895 argenti
1369 1839 1542 1895 aurique
1559 1838 1786 1887 refecisset3
1802 1850 1822 1881 9

400 1898 593 1954 concepit
613 1898 753 1938 animo
770 1913 862 1938 eam
879 1897 1200 1954 amplitudinem
1222 1897 1330 1938 Iovis
1346 1896 1504 1953 templi,
1527 1912 1634 1953 quae
1662 1895 1791 1952 digna

444 2068 460 2099 5
484 2061 683 2090 Persuasum
698 2060 841 2096 Latinis]
871 2059 924 2090 Ita
947 2058 1070 2098 Diony-

400 2101 464 2132 sius
486 2102 526 2133 iv.
543 2110 593 2141 47.
639 2102 762 2133 Contra
784 2101 899 2132 Cicero
922 2102 962 2132 de
986 2102 1070 2141 Rep.

400 2145 431 2175 ii.
461 2155 509 2183 ²4-
555 2145 696 2175 “Omne
724 2143 876 2174 Latinum
904 2144 991 2174 bello
1018 2145 1070 2174 de-

402 2187 510 2218 vicit.”
566 2188 606 2217 In
637 2187 740 2226 primo
771 2187 1074 2226 Carthaginiensum

401 2240 474 2260 cum
506 2230 664 2260 Romanis
694 2230 821 2260 foedere
858 2230 946 2269 apud
978 2230 1075 2269 Poly-

401 2273 487 2302 bium
503 2272 545 2303 iii.
561 2282 609 2302 22.
623 2272 758 2311 legimus
765 2272 835 2309 μηδ’
851 2271 951 2302 ἄλλον
961 2270 1077 2309 μηδένα

400 2314 548 2351 Λατίνων,
564 2314 630 2344 ὅσοι
643 2314 680 2344 ἄν
705 2313 840 2350 ὑπήκοοι.
866 2314 918 2344 ἐὰν
940 2313 975 2344 δέ
995 2325 1076 2344 τινες

401 2358 443 2395 μὴ
464 2356 538 2387 ὦσιν
561 2356 697 2393 ὑπήκοοι,
713 2358 774 2386 τῶν
796 2355 917 2386 πόλεων
939 2356 1074 2395 ἀπεχεσ-

403 2403 511 2430 emesan.

445 2442 464 2473 6
487 2443 625 2473 Miscuit
650 2442 847 2480 manipulos]
886 2442 960 2471 Hoc
992 2446 1071 2471 tem-

403 2496 479 2525 pore
501 2485 651 2515 Romana
673 2484 758 2514 acies
779 2484 891 2514 similis
914 2483 1072 2523 Phalangi

404 2527 646 2563 Macedonicae,
665 2537 770 2566 neque
792 2527 898 2556 adhue
926 2526 1072 2566 manipu-

404 2571 495 2600 latim
512 2574 631 2600 structa
647 2574 726 2606 erat,
740 2569 811 2599 infr.
827 2568 887 2599 viii.
906 2570 934 2599 8.
951 2569 1005 2599 sed
1023 2569 1074 2599 Li-

404 2613 473 2643 vius
488 2623 553 2642 rem
570 2612 747 2651 antiquam,
763 2622 825 2650 quo
840 2611 941 2651 magis
963 2611 1076 2641 clarior

405 2655 582 2694 legentibus
611 2658 703 2692 esset,
732 2654 914 2684 nominibus
942 2653 1075 2684 recenti-

405 2698 510 2727 oribus
526 2697 682 2736 exposuit.

450 2748 465 2778 7
488 2742 543 2770 Em
559 2741 641 2770 binis
655 2740 814 2779 singulos]
840 2741 895 2770 E'oe
910 2740 993 2769 binis
1008 2749 1073 2768 ma—

406 2781 524 2820 nipulis
548 2783 690 2821 sinyulos
712 2782 806 2812 fecit:
832 2781 851 2812 i.
869 2792 895 2812 e.
917 2781 1034 2811 milites
1056 2792 1074 2811 e

405 2823 487 2853 binis
511 2824 683 2863 manipulis
709 2825 894 2863 desumptos
916 2824 948 2854 in
972 2834 1072 2854 unum

406 2866 606 2904 manipulum
639 2866 829 2897 contribuit:
868 2878 907 2898 ετ
936 2868 1073 2906 sinyulis

407 2910 494 2938 binos
506 2921 514 2937 .·
531 2907 550 2937 i.
562 2918 588 2937 0.
602 2909 681 2937 duas
693 2909 785 2939 unius
798 2909 952 2948 manipuli
968 2914 1073 2948 partes

407 2950 438 2981 in
466 2950 557 2980 binos
579 2949 745 2980 distribuit.
793 2952 890 2981 Porro
913 2953 1072 2990 manipuli

1114 2058 1294 2098 appellatio
1317 2058 1392 2088 inde
1409 2059 1507 2089 dueta
1520 2057 1593 2095 fuit,
1607 2057 1791 2088 auctoribus

1117 2101 1203 2132 Plut.
1229 2101 1261 2131 in
1285 2101 1440 2139 Romulo,
1460 2105 1492 2131 et
1514 2100 1607 2132 Ovid.
1636 2100 1721 2131 Fast.
1744 2100 1789 2132 iii.

1115 2144 1200 2183 quod
1227 2143 1249 2173 ii
1273 2144 1326 2183 qui
1352 2144 1531 2174 Romulum
1558 2143 1661 2183 primo
1689 2142 1790 2174 secuti

1118 2190 1203 2223 sunt,
1220 2197 1276 2225 pro
1297 2186 1393 2226 signis
1413 2186 1604 2217 militaribus
1618 2186 1791 2217 habuerint

1120 2229 1266 2268 perticas,
1279 2239 1361 2268 quae
1373 2229 1555 2268 manipulos
1566 2228 1651 2260 foeni
1661 2229 1693 2259 in
1705 2239 1789 2259 sum-

1119 2282 1172 2302 mo
1189 2272 1348 2311 praefixos
1361 2276 1532 2311 gestarent.
1556 2271 1661 2302 Cnssv.

1163 2315 1181 2344 8
1207 2315 1445 2353 Deyeneratum
1469 2316 1506 2344 in
1529 2315 1619 2352 aliis]
1650 2313 1723 2344 Nisi
1745 2313 1790 2351 id,

1119 2357 1205 2395 quod
1220 2356 1254 2386 in
1269 2356 1340 2386 aliis
1351 2358 1446 2387 rebus
1457 2357 1683 2396 degeneratum
1696 2359 1790 2394 esset,

1119 2398 1284 2430 offecisset.
1341 2399 1394 2429 Ita
1426 2399 1542 2439 passim
1576 2398 1687 2429 Livius
1719 2408 1789 2438 par-

1115 2441 1168 2471 tici
1172 2441 1225 2480 pio
1241 2441 1350 2478 utitur,
1366 2451 1429 2480 quo
1450 2441 1494 2471 rei
1515 2451 1642 2472 causam
1658 2441 1790 2479 indicet,

1115 2494 1203 2513 more
1216 2483 1427 2523 Thucydideo
1439 2494 1467 2514 e.
1476 2494 1505 2524 g.
1517 2482 1554 2513 τὸ
1566 2482 1669 2514 δεδιὸς.
1689 2484 1791 2515 Haud

1116 2526 1181 2556 scio
1211 2536 1252 2555 an
1284 2526 1363 2556 haec
1394 2526 1546 2565 loquendi
1576 2526 1679 2556 forma
1707 2526 1790 2557 inter

1119 2568 1198 2599 alias
1214 2578 1324 2598 causas
1343 2572 1437 2607 esset,
1453 2579 1508 2599 cur
1524 2568 1616 2599 Livio
1630 2569 1789 2600 Patavm’-

1119 2616 1168 2641 tas
1183 2612 1423 2650 exprobaretur.

1170 2663 1189 2694 9
1227 2654 1468 2693 Quadrayinta]
1545 2654 1791 2693 Quadrinyenta

1118 2695 1212 2726 Grut.
1230 2696 1330 2726 Gron.
1349 2696 1449 2727 Drak.
1490 2696 1554 2727 Sed
1571 2700 1710 2727 veterem
1726 2696 1790 2727 lec-

1117 2738 1237 2768 tionem
1272 2740 1491 2779 quadrayinta
1526 2739 1646 2770 Stroth.
1683 2738 1789 2770 Bekk.

1119 2781 1253 2811 Niebhr.
1271 2782 1416 2820 probant.
1468 2782 1659 2821 Suspectum
1683 2784 1730 2811 est
1751 2780 1789 2810 il-

1116 2824 1172 2854 lud
1189 2825 1337 2864 aurique,
1354 2825 1439 2863 quod
1456 2824 1614 2854 omittitur
1634 2823 1667 2853 in
1690 2822 1789 2862 pluri-

1115 2867 1174 2896 bus
1190 2870 1256 2905 opt.
1278 2867 1370 2897 codd.
1387 2867 1561 2897 Talentum
1573 2869 1680 2896 autem
1700 2864 1789 2895 Itali-

1116 2919 1188 2939 cum
1202 2914 1330 2939 centum
1339 2910 1446 2949 pondo
1454 2909 1589 2940 valebat.
1605 2908 1645 2939 cf.
1655 2906 1788 2939 Niebhr.

1117 2961 1136 2981 1.
1154 2956 1218 2982 not.
1236 2961 1324 2990 1135.
