1934 3211
163 1142 289 1174 Etrusci

162 1187 282 1216 bellum
299 1185 351 1215 ad-

163 1239 270 1259 versus
285 1228 350 1258 Ro-

162 1281 274 1301 manos
288 1280 354 1300 mo-

163 1314 292 1345 liuntur.

242 2172 304 2208 ll.

176 2227 214 2256 T.
229 2225 342 2256 Manlii

175 2270 246 2300 Cos.
260 2279 354 2299 mors,

366 125 446 162 568
876 115 1025 158 TITI
1065 113 1242 156 LIVII

428 210 630 251 Ceterum
657 207 711 249 ad
732 206 980 263 Nequinum
1007 205 1209 262 oppidum
1231 219 1361 260 quum
1389 203 1506 260 segni
1534 201 1748 244 obsidione

333 287 340 294 ·
369 277 533 324 tempus
554 274 768 315 tereretur,
791 265 875 305 duo
897 280 950 305 ex
971 263 1202 320 oppidanis,
1225 276 1402 318 quorum
1423 269 1541 302 erant
1560 257 1751 301 aedificia

368 327 512 367 iuncta
545 339 677 373 muro,
711 338 837 379 specu
876 322 984 363 facto
1024 320 1078 362 ad
1117 320 1314 361 stationes
1351 319 1563 360 Romanas
1601 317 1750 358 itinere

370 382 534 425 occulto
553 381 825 439 perveniunt:
860 379 958 420 inde
980 378 1034 420 ad
1054 377 1268 419 consulem
1290 376 1474 426 deducti,
1496 374 1752 432 praesidium

369 449 574 482 armatum
594 455 636 480 se
664 439 774 479 intra
800 437 966 478 moenia
992 444 1034 477 et
1061 450 1200 476 muros
1227 442 1470 490 accepturos
1490 433 1749 475 confirmant.

371 498 466 540 Nec
493 496 751 554 aspernanda
777 510 841 536 res
868 494 966 543 visa,
989 508 1127 548 neque
1158 493 1324 533 incaute
1355 491 1575 532 credenda.
1639 488 1753 530 Cum

371 556 499 598 altero
527 569 671 596 eorum
698 553 815 609 (nam
845 551 948 592 alter
977 551 1095 591 obses
1125 548 1331 604 retentus)
1359 549 1443 589 duo
1471 548 1754 604 exploratores

371 629 446 670 per
469 611 710 654 cuniculum
737 609 874 650 missi:
908 623 983 664 per
1003 622 1107 663 quos
1134 607 1231 647 satis
1259 614 1470 662 comperta
1498 620 1556 655 re,
1578 602 1755 646 trecenti

372 671 530 720 armati,
562 667 773 723 transfuga
804 666 910 707 duce
942 665 988 706 in
1023 665 1170 705 urbem
1204 664 1392 720 ingressi,
1423 670 1545 704 nocte
1577 670 1753 718 portam,

373 744 478 784 quae
508 726 701 783 proxima
730 732 830 773 erat,
858 737 1018 779 cepere.
1084 721 1182 770 Qua
1212 721 1398 770 refracta,
1420 719 1565 762 consul
1596 718 1757 760 exerci-

373 795 523 841 tusque
547 784 763 824 Romanus
784 781 871 822 sine
898 779 1123 821 certamine
1149 780 1295 820 urbem
1319 778 1518 819 invasere.
1579 775 1647 818 Ita
1666 775 1757 817 Ne·
1773 792 1785 813 1

374 843 551 898 quinum
585 841 630 881 in
665 839 869 880 ditionem
904 837 1049 894 populi
1087 837 1269 878 Romani
1303 835 1431 877 venit.
1495 833 1675 876 Colonia
1706 847 1757 874 eo

375 900 569 941 adversus
591 898 773 939 Umbros
793 896 929 945 missa,
951 911 976 936 a
994 895 1167 936 flumine
1190 894 1353 935 Narnia
1375 892 1606 950 appellata:
1639 905 1758 933 exer·
1772 907 1788 928 2

376 958 481 999 citus
502 972 598 997 cum
619 970 770 1011 magna
789 953 944 1011 praeda
964 952 1145 993 Romam
1165 951 1373 993 reductus.

435 1014 599 1056 Eodem
620 1028 730 1054 anno
751 1013 803 1053 ab
825 1010 1010 1053 Etruscis
1031 1009 1227 1051 adversus
1253 1009 1435 1050 indutias
1460 1015 1652 1064 paratum
1671 1004 1790 1052 bel-3

376 1073 489 1114 lum:
528 1071 602 1113 sed
632 1086 702 1112 eos
737 1069 817 1111 alia
852 1068 1070 1110 molientes
1105 1067 1323 1108 Gallorum
1357 1067 1504 1122 ingens
1539 1064 1759 1113 exercitus,

378 1131 482 1171 fines
522 1130 742 1185 ingressus,
778 1125 1004 1183 paullisper
1038 1141 1062 1166 a
1095 1125 1307 1182 proposito
1343 1124 1499 1165 avertit.
1574 1121 1763 1164 Pecunia

379 1188 546 1237 deinde,
583 1202 667 1242 qua
705 1185 883 1226 multum
924 1192 1127 1240 poterant,
1163 1183 1270 1232 freti,
1307 1182 1438 1223 socios
1480 1196 1533 1222 ex
1573 1179 1762 1221 hostibus

379 1246 513 1286 facere
538 1244 681 1285 Gallos
709 1250 926 1291 conantur,
949 1250 996 1282 ut
1023 1256 1072 1282 eo
1103 1241 1300 1282 adiuncto
1331 1239 1519 1281 exercitu
1547 1253 1643 1280 cum
1675 1236 1763 1278 Ro-

380 1303 512 1344 manis
532 1301 747 1344 bellarent.
810 1300 878 1341 De
904 1299 1099 1340 societate
1127 1297 1241 1339 haud
1269 1298 1458 1339 abnuunt
1487 1295 1676 1338 barbari:
1709 1293 1762 1335 de

380 1360 572 1402 mercede
613 1360 760 1415 agitur.
842 1357 940 1406 Qua
978 1365 1099 1413 pacta
1139 1364 1406 1412 acceptaque,
1447 1369 1579 1411 quum
1621 1361 1765 1410 parata

380 1428 518 1459 cetera
553 1418 606 1459 ad
640 1416 798 1458 bellum
831 1423 980 1465 essent,
1018 1414 1220 1470 sequique
1258 1413 1458 1454 Etruscus
1492 1412 1667 1460 iuberet,
1699 1409 1764 1450 in-

380 1476 487 1516 fitias
507 1484 622 1524 eunt,
656 1480 667 1498 ‘
683 1473 920 1515 mercedem
943 1488 984 1514 se
1006 1472 1105 1514 belli
1129 1472 1332 1513 Romanis
1357 1470 1566 1512 inferendi
1592 1477 1760 1526 pactos:

383 1539 393 1556 ‘
411 1532 613 1588 quicquid
634 1531 883 1587 acceperint,
905 1530 1124 1586 accepisse,
1147 1545 1199 1570 ne
1222 1544 1367 1585 agrum
1389 1528 1612 1570 Etruscum
1632 1534 1766 1568 vasta-

385 1597 394 1614 ‘
411 1599 516 1639 rent,
550 1589 756 1643 armisque
798 1587 1047 1628 lacesserent
1082 1587 1272 1628 cultores.
1336 1586 1590 1627 Militaturos
1627 1593 1766 1626 tamen

385 1656 394 1671 ‘
411 1663 467 1697 se,
490 1647 523 1687 si
544 1647 688 1702 utique
712 1645 877 1686 Etrusci
898 1644 1028 1685 velint
1044 1661 1054 1693 3
1087 1644 1161 1684 sed
1181 1643 1297 1684 nulla
1317 1643 1397 1684 alia
1416 1643 1622 1692 mercede,
1640 1656 1766 1698 quam

386 1712 395 1728 ‘
413 1714 459 1745 ut
493 1705 537 1745 in
572 1713 733 1760 partem
770 1703 857 1758 agri
893 1702 1161 1758 accipiantur,
1199 1701 1455 1756 tandemque
1490 1700 1630 1755 aliqua
1668 1698 1766 1740 sede

386 1770 396 1786 ‘
414 1771 525 1803 certa
545 1760 796 1803 consistant.⁷
855 1759 995 1800 Multa
1015 1759 1067 1799 de
1095 1774 1145 1799 eo
1171 1758 1346 1799 concilia
1369 1757 1620 1814 populorum
1641 1755 1768 1797 Etru-

385 1820 468 1861 riae
502 1819 667 1860 habita:
701 1833 779 1859 nec
812 1817 956 1873 perfici
989 1816 1213 1872 quicquam
1245 1815 1407 1871 potuit3
1440 1830 1526 1856 non
1559 1822 1643 1855 tam
1670 1813 1770 1869 quia

385 1877 578 1918 imminui
599 1891 756 1933 agrum,
780 1890 905 1930 quam
927 1874 1025 1930 quia
1051 1873 1209 1914 accolas
1237 1873 1314 1914 sibi
1335 1873 1512 1928 quisque
1540 1872 1767 1927 adiungere

388 1945 470 1976 tarn
500 1935 691 1976 efferatae
719 1932 855 1989 gentis
883 1931 1073 1972 homines
1103 1931 1308 1972 horrebat.
1371 1929 1437 1971 Ita
1465 1929 1623 1970 dimissi
1656 1928 1771 1970 Galli

387 1992 605 2048 pecuniam
635 1991 849 2046 ingentem
877 1989 964 2029 sine
995 1988 1133 2029 labore
1168 2003 1215 2029 ae
1248 1987 1434 2044 periculo
1465 1995 1625 2043 partam
1657 1994 1769 2027 retu-

386 2050 535 2091 lerunt.
600 2049 759 2089 Romae
791 2057 989 2088 terrorem
1019 2046 1211 2102 praebuit
1242 2046 1351 2086 fama
1384 2044 1535 2086 Gallici
1567 2043 1802 2086 tumultus4

387 2108 440 2148 ad
470 2107 625 2148 bellum
649 2105 871 2147 Etruscum
900 2104 1076 2145 adiecti:
1111 2119 1160 2144 eo
1189 2103 1326 2143 minus
1354 2111 1599 2144 cunctanter
1623 2100 1771 2143 foedus

390 2166 516 2206 ictum
539 2180 635 2205 cum
656 2162 821 2204 Picenti
846 2161 1001 2218 populo
1023 2170 1095 2202 est.
1159 2161 1209 2201 T.
1230 2160 1394 2201 Manlio
1422 2159 1581 2201 consuli
1604 2158 1772 2200 Etruria

389 2222 600 2279 provincia
621 2230 728 2262 sorte
750 2220 911 2268 evenit3
935 2219 1020 2274 qui,
1037 2218 1210 2259 vixdum
1231 2218 1438 2274 ingressus
1455 2217 1637 2258 hostium
1651 2216 1770 2265 fines,

390 2295 519 2336 quum
549 2287 812 2319 exerceretur
839 2277 948 2317 inter
976 2276 1150 2331 equites,
1173 2276 1224 2316 ab
1248 2276 1394 2332 rapido
1421 2290 1545 2316 cursu
1570 2274 1772 2315 circuma-

388 2338 526 2393 gendo
547 2352 656 2392 equo
677 2336 843 2384 effusus,
866 2333 1077 2389 extemplo
1102 2348 1230 2389 prope
1260 2332 1509 2389 exspiravit:
1544 2331 1690 2373 tertius
1719 2331 1771 2372 ab

390 2412 439 2436 eo
460 2410 557 2436 casu
577 2394 665 2434 dies
686 2393 780 2433 finis
801 2392 908 2432 vitae
931 2390 1089 2432 consuli
1110 2391 1199 2431 fuit.
1260 2391 1357 2439 Quo
1378 2390 1492 2431 velut
1513 2389 1651 2431 omine
1672 2388 1772 2430 belli

391 2461 572 2508 accepto,
590 2451 690 2492 deos
710 2466 784 2506 pro
806 2465 847 2490 sc
865 2448 1115 2490 commisisse
1137 2447 1293 2489 bellum
1311 2456 1589 2488 memorantes
1607 2446 1773 2488 Etrusci

441 2587 450 2606 1
478 2578 529 2606 lta
542 2576 745 2615 Nequinum]
766 2573 853 2604 Urbs
868 2572 899 2602 in
916 2572 977 2601 situ
996 2582 1061 2610 per·
1109 2582 1135 2610 5.
1155 2575 1189 2601 ut
1206 2570 1316 2602 Livius
1338 2572 1416 2609 vult,
1433 2571 1485 2611 qui
1508 2582 1593 2602 anno
1617 2570 1773 2602 consulari

395 2623 588 2658 opportuno,
604 2622 639 2647 ut
653 2627 734 2656 quae
758 2616 818 2646 iter
837 2626 857 2645 a
877 2613 1008 2645 Samnio
1031 2614 1062 2643 in
1108 2618 1246 2644 exeunte
1263 2618 1372 2653 pactas
1387 2624 1440 2644 eas
1455 2613 1625 2645 existimat.

400 2661 565 2690 Umbriam
579 2664 611 2690 et
622 2659 783 2689 Etruriam
797 2662 923 2688 tantum
940 2667 1002 2687 non
1015 2656 1059 2686 in-
1148 2668 1165 2694 4
1183 2658 1299 2687 Gallici
1315 2658 1486 2694 tzmzultus]
1512 2656 1667 2696 Polybius
1680 2656 1711 2687 ii.
1727 2666 1773 2697 19.

395 2703 597 2733 tercluderet.
1107 2699 1231 2736 Gallos,
1242 2698 1383 2729 exercitu
1396 2710 1452 2729 suo
1465 2709 1537 2729 cum
1550 2698 1693 2730 Etruscis
1702 2709 1774 2729 con-

440 2755 456 2774 2
479 2747 504 2774 Λ
517 2746 656 2783 flamine
672 2744 819 2781 Narnia]
836 2741 994 2772 Fluminis
1010 2752 1061 2771 no·
1109 2741 1229 2778 iuncto,
1259 2742 1338 2771 fines
1371 2742 1537 2772 Romanos
1566 2744 1714 2778 vastasse,
1743 2744 1775 2771 et

397 2797 468 2815 rnen
486 2788 676 2816 Nur-&urbs
692 2785 786 2816 hodie
802 2786 921 2815 Narm'.
1110 2784 1225 2822 praeda
1242 2787 1382 2817 onustos,
1397 2784 1530 2814 saltibus
1544 2783 1706 2823 Apennini
1724 2793 1772 2813 su-

442 2838 458 2865 3
483 2830 644 2858 sidem-sus
662 2829 821 2865 indutias]
859 2827 994 2856 Biennio
1019 2826 1062 2855 in-
1111 2826 1236 2865 peratis,
1266 2827 1306 2856 ad
1342 2837 1414 2856 snos
1451 2826 1566 2857 redisse
1598 2826 1774 2857 incolumes

398 2870 553 2899 (luliarum
584 2871 723 2900 nondum
752 2870 892 2908 expleto,
918 2870 955 2899 cf.
978 2879 1063 2908 supr.
1109 2868 1223 2898 scribit.
