1934 3211
583 148 711 191 LIB.
746 148 826 189 IX.
869 148 1018 201 CAP.
1057 154 1120 192 14.
1466 155 1550 194 515

144 238 365 281 Tarentini
391 237 693 288 interveniunt,
715 237 1018 279 denuntiantes
1041 237 1300 280 Samnitibus
1324 240 1549 283 Romanis·
1563 252 1606 283 U.
1623 251 1663 283 C.
1680 262 1754 291 434·

143 311 240 352 que,
261 305 310 337 ut
336 295 494 337 bellum
522 295 793 336 omitterent:
826 309 903 351 per
931 304 1046 337 utros
1076 296 1272 346 stetisset,
1294 313 1380 352 quo
1408 299 1547 340 minus
1560 296 1600 328 A·
1624 295 1663 327 C.
1680 296 1753 333 3¹8·

141 352 430 394 discederetur
459 353 512 394 ab
539 352 677 403 armis,
700 352 899 394 adversus
929 367 1001 394 eos
1031 368 1075 394 se
1103 368 1180 410 pro
1211 353 1352 395 alteris
1385 370 1548 412 pugna-

142 418 268 452 turos.
332 409 397 451 Ea
431 409 643 467 legatione
680 410 875 467 Papirius
915 410 1072 461 audita,
1109 411 1287 467 perinde
1324 427 1372 453 ac
1408 422 1548 454 motus

140 467 264 509 dictis
291 482 450 517 eorum,
473 483 571 509 cum
599 467 760 525 collega
789 483 833 510 se
861 469 1273 510 communicaturum
1301 470 1544 526 respondit:

139 524 359 582 accitoque
391 540 455 575 eo,
484 540 619 582 quum
650 534 817 583 tempus
849 541 974 568 omne
1008 526 1054 567 in
1085 536 1289 583 apparatu
1321 542 1548 584 consump-

110 581 271 632 7sisset,
299 582 533 624 collocutus
564 583 618 624 de
650 598 695 625 re
728 583 844 625 haud
877 584 1019 634 dubia,
1049 584 1216 641 signum
1249 600 1417 642 pugnae
1450 600 1547 642 pro-

138 640 290 696 posuit.
372 640 613 697 Agentibus
662 641 807 683 divina
855 641 1140 698 humanaque,
1192 657 1300 698 quae
1350 642 1545 692 assolent,

138 712 272 754 quum
308 698 397 740 acie
431 698 722 740 dimicandum
759 708 834 749 est,
869 699 1124 749 consulibus,
1159 699 1384 742 Tarentini
1418 700 1547 756 legati

138 769 370 806 occursare,
404 771 652 812 responsum
685 765 1006 813 exspectantes;
1045 758 1199 813 quibus
1231 758 1426 814 Papirius
1458 758 1543 800 ait:

139 817 152 836 ‘
168 812 375 870 Auspicia
401 813 589 856 secunda
616 829 720 864 esse,
744 814 981 865 Tarentini,
1003 815 1206 871 pullarius
1226 816 1406 857 nuntiat.
1470 815 1545 857 Li-

139 875 301 912 ‘tatum
329 880 547 928 praeterea
573 880 636 913 est
663 872 843 928 egregie.
907 872 1167 914 Auctoribus
1194 873 1287 923 diis,
1310 882 1358 914 ut
1377 873 1544 923 videtis,

139 928 220 970 ‘ad
247 944 338 970 rem
362 929 592 986 gerendam
619 930 949 985 proficiscimur.'
1011 929 1142 985 Signa
1169 930 1269 972 inde
1289 931 1389 972 ferri
1410 931 1542 981 iussit,

136 994 180 1027 et
218 987 360 1043 copias
400 987 562 1036 eduxit,
606 987 874 1028 vanissimam
919 987 1142 1043 increpans
1186 997 1372 1044 gentem,
1420 1004 1542 1045 quae,

134 1057 305 1084 suarum
338 1044 548 1100 impotens
580 1059 720 1085 rerum
751 1059 851 1101 prae
879 1044 1120 1086 domesticis
1151 1045 1429 1087 seditionibus
1459 1046 1544 1087 dis-

134 1101 389 1158 eordiisque,
412 1101 505 1142 aliis
533 1101 707 1143 modum
735 1102 850 1158 pacis
878 1117 926 1144 ac
954 1102 1054 1144 belli
1075 1102 1211 1144 facere
1237 1117 1422 1159 aequum
1444 1118 1543 1145 een-

134 1167 256 1200 seret.
322 1158 533 1201 Samnites
573 1174 627 1200 ex
668 1168 786 1215 parte
828 1159 971 1209 altera,
1012 1175 1146 1215 quum
1187 1175 1358 1202 omnem
1398 1175 1542 1203 curam

134 1215 234 1258 belli
264 1216 534 1266 remisissent,
564 1217 665 1273 quia
691 1225 765 1258 aut
792 1232 940 1273 pacem
968 1232 1065 1259 vere
1093 1218 1334 1274 cupiebant,
1369 1227 1441 1260 aut
1468 1234 1542 1260 ex-

134 1273 334 1330 pediebat
367 1273 577 1324 simulare,
610 1283 658 1315 ut
690 1274 944 1316 Tarentinos
979 1275 1058 1316 sibi
1091 1275 1379 1325 conciliarent,
1409 1291 1542 1332 quum

134 1331 361 1373 instructos
386 1340 560 1388 repente
587 1331 641 1373 ad
668 1347 856 1389 pugnam
879 1331 1096 1374 Romanos
1116 1333 1447 1389 conspexissent,
1469 1349 1543 1375 vo—

103 1389 312 1439 ssciferari,
346 1395 416 1431 ‘se
448 1389 493 1430 in
524 1390 770 1431 auctoritate
794 1390 1125 1432 Tarentinorum
1156 1405 1341 1440 manere,
1364 1406 1442 1433 nee
1468 1391 1543 1433 de-

136 1452 149 1471 ‘
164 1447 365 1489 scendere
387 1447 432 1488 in
451 1447 600 1497 aciem,
618 1462 697 1489 nec
718 1456 837 1489 extra
853 1447 1009 1489 vallum
1031 1462 1146 1489 arma
1161 1447 1280 1490 ferre.
1325 1448 1542 1505 Deceptos

136 1509 150 1528 ‘
164 1505 318 1561 potius,
340 1504 628 1561 quodcunque
659 1519 778 1546 casus
808 1505 926 1554 ferat,
955 1520 1161 1562 passurOS,
1191 1520 1319 1561 quam
1349 1514 1398 1547 ut
1426 1521 1543 1562 spre-

136 1567 149 1586 ‘
165 1562 270 1604 visse
303 1563 419 1619 pacis
449 1571 639 1604 auctores
671 1562 926 1604 Tarentinos
959 1562 1193 1604 videantur.
1256 1562 1466 1619 Accipere
1497 1578 1541 1605 se

136 1625 149 1644 ‘
163 1621 317 1670 omen,’
337 1620 531 1662 consules
551 1620 683 1669 aiunt,
719 1626 730 1644 ‘
746 1629 790 1661 et
817 1634 910 1661 eam
935 1620 1096 1676 precari
1125 1629 1314 1662 mentem
1335 1620 1540 1671 hostibus,

135 1683 212 1720 ‘ut
243 1693 298 1719 ne
326 1677 480 1719 vallum
510 1677 685 1734 quidem
718 1677 976 1718 defendant.’
1037 1677 1136 1734 Ipsi,
1163 1677 1274 1719 inter
1303 1693 1346 1719 se
1377 1679 1540 1735 partitis
1555 1688 1680 1719 Iterum
1695 1688 1760 1718 vin-

133 1735 278 1792 copiiS,
300 1735 535 1777 succedunt
567 1735 752 1776 hostium
786 1735 1076 1785 munimentis,
1105 1744 1160 1784 et,
1190 1735 1314 1777 simul
1348 1736 1538 1793 undique
1552 1735 1670 1805 {¹}th

132 1793 282 1843 adorti,
304 1808 438 1849 quum
468 1807 563 1849 pars
593 1792 721 1834 fossas
751 1792 985 1849 explerent,
1010 1808 1106 1849 pars
1134 1792 1339 1835 vellerent
1368 1794 1538 1844 vallum,
1552 1779 1750 1847 &gigantem

132 1859 261 1907 atque
287 1851 333 1892 in
358 1850 485 1892 fossas
508 1858 773 1907 proruerent,
797 1865 876 1892 nec
897 1850 1028 1892 virtus
1058 1850 1184 1892 modo
1215 1851 1352 1901 insita,
1375 1852 1451 1893 sed
1481 1852 1541 1894 ira

133 1909 275 1958 etiam,
316 1908 577 1950 exulceratos
627 1908 859 1964 ignominia
909 1908 1143 1949 stimularet
1189 1908 1364 1959 animos,
1406 1918 1541 1951 eastra

134 1966 349 2007 invasere:
383 1975 426 2006 et
450 1981 526 2021 pro
547 1980 590 2006 se
612 1965 806 2021 quisque,
841 1970 852 1988 ‘
869 1979 955 2005 non
980 1965 1084 2006 haec
1105 1965 1298 2015 furculas,
1321 1981 1400 2007 nec
1425 1965 1540 2008 Cau-

136 2023 296 2072 ‘dium,
327 2037 404 2064 nec
435 2022 563 2063 saltus
596 2022 730 2063 invios
763 2037 865 2070 esse,
896 2021 968 2062 ubi
1001 2036 1185 2063 errorem
1217 2022 1328 2063 fraus
1359 2024 1538 2079 superbe

136 2086 148 2104 ‘
165 2080 357 2129 vicisset3
389 2080 463 2121 scd
496 2079 733 2121 Romanam
759 2079 971 2125 virtutem,
999 2093 1126 2134 quam
1158 2094 1235 2120 nec
1263 2079 1432 2129 vallum,
1459 2095 1538 2122 nec

136 2138 296 2180 ‘fossae
325 2138 542 2187 arcerent‚'
571 2145 863 2185 memoratum,
896 2136 1080 2177 caedunt
1112 2137 1268 2192 pariter
1299 2138 1538 2179 resistentes

135 2197 346 2252 fusosque,
379 2196 560 2236 inermes
590 2204 716 2250 atquc
748 2203 940 2242 armatOS,
970 2209 1122 2242 servos,
1152 2193 1316 2243 liberos,
1346 2195 1537 2251 pubereS‚

134 2254 375 2310 inpuberes,
404 2253 610 2301 homines,
643 2252 943 2307 iumentaque:
990 2266 1069 2292 nee
1101 2250 1233 2292 ullum
1265 2252 1538 2308 superfuisset

134 2311 304 2361 animal,
333 2311 377 2352 ni
408 2310 600 2352 consules
632 2309 817 2364 receptui
851 2309 1017 2365 signum
1049 2308 1276 2358 dedissent,
1309 2310 1451 2351 avidos
1486 2326 1537 2352 ue

134 2369 275 2411 caedis
301 2368 455 2410 milites
479 2383 502 2409 e
527 2368 671 2409 castris
701 2367 882 2407 hostium
915 2367 1091 2422 imperio
1122 2381 1169 2407 ae
1199 2367 1322 2407 minis
1353 2382 1405 2408 ex
1423 2326 1537 2408 nilis-

134 2436 240 2468 sent.
304 2426 454 2483 Itaque
483 2425 595 2482 apud
626 2425 809 2465 infensos
841 2425 894 2464 ob
928 2423 1235 2480 interpellatam
1265 2383 1535 2466 dulcedinem

136 2485 220 2526 irae
251 2484 472 2526 confestim
504 2483 636 2524 oratio
668 2482 809 2523 habita
840 2491 915 2529 cst,
947 2491 992 2523 ut
1019 2481 1241 2522 doceretur
1269 2481 1399 2530 miles,
1434 2482 1536 2524 ‘mi—

136 2542 280 2583 ‘nime
311 2542 509 2598 cuiquam
542 2540 722 2581 militum
755 2538 946 2580 eonsules
979 2539 1077 2580 odio
1112 2539 1154 2579 in
1183 2539 1322 2580 hostes
1353 2540 1535 2585 cessisse,

139 2605 240 2641 ‘aut
261 2614 473 2641 cessuros:
507 2599 611 2655 quin
640 2597 782 2645 duces,
808 2597 912 2637 sicut
943 2596 1054 2645 belli,
1086 2597 1141 2637 ita
1170 2597 1413 2637 insatiabilis
1439 2612 1537 2653 sup-

140 2657 298 2714 ‘plieii,
327 2656 487 2697 futuros
520 2655 658 2704 fuisse,
686 2655 729 2695 ni
763 2663 975 2710 respectus
1003 2654 1193 2709 equitum
1228 2663 1536 2701 sexcentorum,

141 2719 153 2738 ‘
169 2716 241 2769 qui
266 2713 470 2754 Luceriae
492 2712 657 2753 obsides
680 2720 935 2759 tenerentur,
960 2710 1241 2766 praepedisset
1264 2711 1449 2752 animos:
1485 2726 1537 2752 ne

183 2828 200 2859 7
222 2821 357 2859 Siynum
380 2819 528 2858 puynaae]
559 2816 717 2848 Tunicam
745 2827 815 2856 pur-
863 2818 1009 2855 renam-re]
1041 2819 1083 2848 Sc
1100 2817 1285 2849 Tarentinis
1302 2817 1389 2857 pacin
1404 2819 1538 2849 auctori-

138 2873 283 2902 purcum.
320 2861 395 2892 Vid.
413 2865 478 2891 not.
496 2860 535 2890 nd
556 2861 594 2890 vi.
617 2869 662 2890 12.
863 2861 932 2894 bus.
953 2869 1063 2899 ριιοοῐιι
1089 2860 1310 2894 suadentibus.
1331 2871 1430 2900 usquo
1451 2862 1539 2891 obse·

180 2908 199 2935 8
222 2907 262 2935 Se
290 2906 323 2934 in
350 2905 542 2934 auctoritate
569 2903 814 2932 'Parentium-um
861 2903 915 2940 qui
934 2902 1026 2932 vello.
1050 2902 1157 2934 (Ὶιιῖν.

1197 2944 1304 2985 ι,12
