1934 3211
598 162 730 217 L'iss.
764 173 841 216 VI
883 174 1131 218 CAP.13.
1486 181 1566 220 361

169 270 409 314 suffecerint
428 268 592 310 milites.
659 269 789 317 Quod
810 284 943 325 quum
965 270 1016 311 ab
1037 270 1222 325 antiquis
1243 271 1418 312 taciturn
1448 288 1569 329 prae-

168 327 489 390 tei-missumque
510 325 586 375 sit3
617 326 737 367 cuius
757 326 931 368 tandem
948 342 1027 383 ego
1042 327 1103 368 rei
1123 336 1289 383 praeter
1309 329 1567 384 opinionem,

168 398 276 440 quae
297 398 372 424 sua
391 383 544 438 cuique
566 384 821 425 coniectanti
837 399 926 425 esse
948 393 1099 450 potest,
1115 393 1260 426 auctor
1275 385 1384 425 sim?
1423 385 1568 428 Simile

166 441 254 482 veri
274 448 349 490 est,
372 449 445 482 aut
475 440 703 482 intervallis
730 441 950 491 bellorum,
977 442 1085 483 sieut
1115 457 1230 483 nune
1261 442 1306 482 in
1336 441 1570 484 delectibus

166 497 216 539 fit
238 472 455 547 Romanis,
482 497 563 539 alia
593 506 719 554 atque
751 498 832 540 alia
861 498 1006 540 subole
1038 499 1251 540 iuniorum
1282 499 1337 540 ad
1366 499 1477 541 bella
1506 501 1572 541 in-

166 555 391 598 stauranda
411 556 534 597 toties
556 571 651 597 usos
673 571 785 598 esse:
820 566 891 597 aut
917 571 1003 598 non
1035 572 1088 598 ex
1119 557 1269 598 iisdem
1300 572 1466 614 semper
1494 573 1571 614 po-

165 613 276 670 pulis
316 613 527 654 exercitus
567 614 755 670 scriptos,
789 629 1033 670 quanquam
1069 614 1219 656 eadem
1259 629 1426 671 semper
1465 630 1571 671 gens

165 670 324 712 bellum
345 671 556 712 intulerit:
593 680 665 712 aut
686 671 1037 713 innumerabilem
1068 671 1386 713 multitudinem
1416 672 1570 714 libero-

132 734 258 770 6rum
289 729 474 785 capitum
508 729 552 769 in
583 729 633 769 iis
663 729 788 770 fuisse
819 729 933 779 locis,
956 744 1065 785 quae
1097 744 1224 779 nunc,
1247 730 1317 770 vix
1345 730 1570 772 seminario

164 785 320 842 exiguo
342 786 524 827 militum
551 786 709 835 relicto,
732 787 899 828 servitia
923 787 1118 828 Romana
1147 787 1199 828 ab
1230 787 1456 829 solitudine
1478 788 1570 828 vin-

164 843 319 885 dicant.
382 843 540 900 Ingens
570 855 696 894 certe,
718 843 851 900 (quod
887 845 996 886 inter
1025 859 1172 886 omnes
1202 854 1392 886 auctores
1417 859 1570 888 conve-

164 901 263 957 nit,)
284 917 525 958 quanquam
550 916 685 958 nuper
709 901 879 943 Camilli
900 902 1033 943 ductu
1053 911 1180 958 atque
1202 902 1389 958 auspicio
1409 903 1568 944 accisae

163 974 230 1001 res
251 969 383 1010 erant,
406 959 656 1001 Volscorum
687 959 897 1001 exereitus
923 960 1026 1000 fuit:
1060 959 1114 1000 ad
1141 959 1222 1001 hoc
1244 960 1388 1001 Latini
1411 959 1570 1001 Herni-

135 1017 288 1072 7cique
310 1026 583 1066 accesserant,
606 1025 648 1059 et
672 1016 982 1058 Circeiensium
1003 1016 1191 1073 quidam,
1214 1027 1257 1058 et
1277 1017 1417 1059 coloni
1438 1019 1567 1059 etiam

164 1089 188 1115 a
208 1074 382 1116 Velitris
405 1075 599 1116 Romani.
664 1073 870 1124 Dictator,
893 1075 1036 1116 eastris
1057 1089 1108 1115 eo
1129 1075 1198 1116 die
1220 1075 1377 1131 positis,
1400 1084 1567 1131 postero

163 1146 296 1188 quum
333 1132 546 1188 auspicato
586 1131 805 1188 prodisset,
839 1131 1060 1187 hostiaque
1097 1146 1217 1173 caesa
1256 1147 1404 1189 pacem
1439 1132 1568 1174 deum

130 1188 386 1239 sadorasset,
408 1189 543 1231 laetus
573 1189 627 1230 ad
658 1189 851 1238 milites,
841 1204 923 1230 iam
945 1204 1060 1230 arma
1090 1189 1144 1230 ad
1174 1190 1436 1246 propositum
1460 1205 1568 1248 pug-

162 1261 242 1288 nae
264 1247 444 1303 signum,
467 1248 575 1288 sicut
603 1246 791 1288 edictum
813 1255 914 1296 erat,
938 1246 1031 1288 luce
1060 1248 1195 1303 prima
1222 1248 1448 1304 capienteS,
1471 1263 1567 1304 pro-

162 1305 309 1345 cessit:
346 1304 531 1346 ‘Nostra
566 1305 741 1346 victoria
775 1313 851 1354 est,
889 1304 1070 1354 milites,'
1103 1305 1255 1361 inquit,
1289 1305 1350 1345 ‘si
1372 1305 1477 1361 quid
1507 1305 1568 1347 dii

164 1367 388 1418 ‘vatesque
411 1377 555 1403 eorum
582 1363 626 1402 in
647 1362 835 1403 futurum
857 1362 1014 1404 vident.
1078 1362 1242 1418 Itaque,
1266 1372 1313 1404 ut
1333 1362 1457 1404 decet
1478 1378 1568 1404 cer-

164 1424 255 1460 ‘tae
277 1435 365 1476 spei
418 1419 546 1469 lenos,
570 1429 611 1461 et
633 1434 730 1460 cum
756 1419 984 1476 imparibus
1006 1435 1156 1461 manus
1176 1429 1454 1470 conserturos,
1471 1420 1568 1476 pilis

164 1482 286 1518 ‘ante
317 1435 447 1533 peti'es
475 1477 632 1533 positis,
663 1476 813 1533 gladiis
850 1485 1014 1518 tantum
1043 1477 1210 1518 dextras
1241 1492 1475 1518 armemus:
1512 1493 1567 1519 ne

164 1535 375 1590 ‘procurri
408 1535 580 1590 quidem
618 1534 669 1575 ab
705 1549 793 1575 aeie
829 1533 970 1584 velim,
1007 1534 1082 1575 sed
1118 1535 1285 1576 obnisos
1317 1549 1391 1575 vos
1427 1534 1566 1576 stabili

164 1591 321 1648 ‘gradu
351 1592 408 1632 im
468 1601 557 1633 tum
588 1591 772 1633 hostium
803 1591 1010 1647 excipere.
1077 1591 1164 1633 Ubi
1190 1591 1251 1633 illi
1272 1607 1380 1633 vana
1410 1593 1568 1634 iniece-

162 1649 271 1690 ‘rint
304 1650 415 1690 missi
434 1650 486 1699 ia,
519 1659 561 1691 et
592 1649 712 1690 effusi
748 1649 953 1690 stantibus
983 1649 1100 1690 vobis
1131 1665 1174 1691 se
1208 1649 1442 1700 intulerint,
1476 1659 1568 1692 tum

162 1706 345 1748 ‘micent
374 1707 518 1763 gladii,
542 1716 584 1748 et
611 1707 752 1747 veniat
777 1707 822 1747 in
854 1716 1040 1748 mentem
1061 1707 1316 1772 unicuique,
1339 1707 1441 1749 deos
1462 1723 1566 1758 esse,

161 1764 259 1820 ‘qui
298 1764 540 1806 Romanum
577 1764 805 1813 adiuvent3
850 1763 964 1814 deos,
999 1764 1073 1821 qui
1108 1765 1304 1806 secundis
1340 1765 1486 1806 avibus
1521 1766 1566 1807 in

161 1821 393 1878 ‘proelium
416 1822 617 1864 miserint.
682 1822 764 1872 Tu,
789 1822 839 1863 Τ.
869 1822 1059 1872 Quincti,
1083 1823 1270 1879 equitem
1293 1823 1481 1864 intentus
1512 1823 1567 1864 ad

161 1879 368 1936 ‘primum
400 1880 568 1921 initium
600 1880 704 1921 moti
732 1879 973 1921 certaminis
995 1890 1161 1922 teneas:
1196 1880 1267 1921 ubi
1289 1880 1493 1922 haerere
1483 1896 1566 1922 iam

161 1936 319 1978 ‘aciem
342 1937 493 1978 collato
515 1937 624 1993 pede
646 1937 812 1986 videris,
837 1946 927 1978 tum
956 1947 1158 1979 terrorem
1181 1948 1419 1994 equestrem
1442 1954 1567 1980 occu-

162 1995 294 2050 ‘patis
319 1994 400 2035 alio
421 2010 574 2050 pavore
606 1994 739 2035 infer:
777 1995 1051 2050 invectusque
1084 1995 1252 2036 ordines
1283 1996 1565 2051 pugnantium

162 2051 286 2092 ‘dissi
320 2052 368 2092 a.’
431 2052 500 2092 Sic
532 2067 675 2107 equeS,
707 2051 765 2092 sic
795 2051 939 2106 pedes,
963 2061 1008 2091 ut
1039 2061 1322 2108 praeceperat
1346 2067 1402 2107 pu
1434 2062 1562 2094 nant:

162 2124 241 2150 nec
304 2124 360 2149 ux
393 2108 591 2173 lcffiones,
625 2124 701 2149 nec
734 2108 899 2149 fortuna
924 2108 1070 2149 fefellit
1100 2108 1264 2149 ducem.
1330 2108 1410 2149 Mu
1430 2109 1565 2151 titudo

131 2166 359 2214 9hostium,
395 2165 497 2206 nulli
536 2166 608 2214 rei,
644 2175 936 2222 praeterquam
972 2181 1161 2214 numero,
1199 2166 1317 2215 freti,
1355 2175 1398 2207 ct
1435 2166 1566 2207 oculis

163 2233 384 2280 utramque
428 2223 606 2264 metiens
648 2224 793 2272 aciem,
829 2233 985 2264 temere
1027 2223 1233 2280 proelium
1268 2224 1373 2274 iniit,
1407 2233 1564 2266 temere

162 2281 323 2322 omisit:
358 2281 538 2322 clamore
572 2290 734 2322 tantum
768 2281 1075 2337 missilibusque
1100 2281 1192 2323 telis
1221 2292 1260 2322 et
1295 2282 1430 2338 primo
1460 2297 1566 2338 pug-

205 2415 225 2448 6
245 2418 336 2455 Quae
353 2428 440 2447 nunc
457 2441 463 2447 .
479 2441 484 2446 .
499 2441 506 2447 .
523 2419 655 2447 scri-itia
674 2418 837 2453 li'mnmm]

165 2460 261 2495 Quae
291 2470 388 2494 nunc,
415 2459 586 2497 quominus
612 2461 737 2489 deserta
767 2458 841 2494 nint,

163 2501 244 2531 nervi
290 2502 508 2531 Romanorum
551 2502 608 2531 suli
662 2502 840 2541 prohibent.

169 2544 259 2574 Have
287 2544 428 2573 conditio
461 2555 562 2574 reruni
593 2544 664 2574 Tib.
691 2544 841 2574 (im-ehu

168 2586 297 2617 ltaliam
323 2587 501 2625 per-nummi
521 2587 657 2625 prinnini
675 2587 840 2616 commise-

166 2629 333 2662 nntium-m.
353 2629 469 2658 deinde
495 2639 566 2658 vcro
590 2629 840 2667 indignationem

887 2418 1084 2447 coaluerant.
1140 2417 1286 2446 Velitrae
1326 2418 1398 2446 nrlm
1438 2418 1567 2456 penitus

890 2460 1020 2492 Volsca.
1044 2459 1165 2498 quipp(-
1192 2470 1275 2498 qunt-
1303 2460 1446 2490 tabulam
1474 2460 1564 2490 illuni

888 2503 1029 2535 unicum,
1046 2513 1128 2540 «lune
1151 2502 1266 2531 Volsca
1286 2502 1393 2539 lingui·
1412 2503 1565 2542 inscripta

888 2545 1035 2578 habt-tur.
1052 2545 1082 2574 in
1103 2546 1205 2574 lucem
1227 2545 1405 2584 protulerit.

931 2591 949 2615 ἒ(
967 2589 1170 2626 Propositum
1187 2599 1318 2626 puyncw
1333 2589 1478 2626 signium]
1498 2588 1564 2626 Sig-

889 2640 963 2659 num
1005 2630 1083 2659 illnd
1118 2635 1183 2660 erut
1223 2641 1332 2666 manin
1367 2631 1566 2667 coccineum.

166 2671 327 2703 movebat.
347 2676 376 2700 ct
403 2671 432 2700 in
456 2682 552 2700 enum
573 2676 651 2705 crnt,
668 2682 724 2700 cur
746 2673 839 2708 Agru-

166 2714 226 2743 rim·
248 2724 321 2743 flurin
346 2714 430 2749 lego*
450 2714 559 2742 nniinn
580 2714 772 2752 conciperet.
802 2715 841 2743 cs.

171 2757 255 2787 l'lut.
285 2756 315 2785 in
345 2756 418 2786 Tib.
446 2755 584 2785 (amech.
620 2756 785 2786 wau-imni.
812 2767 842 2796 p.

171 2808 236 2880 υς.
251 2843 361 2871 l'olom'
382 2842 476 2870 etiam
497 2852 515 2870 n
541 2842 666 2871 velitri,
685 2842 838 2878 Rotnani]

163 2884 295 2916 Scilicet
317 2888 439 2913 vetere.-
455 2884 573 2913 ansen
587 2884 706 2921 origine
723 2884 841 2917 coloni.

165 2926 218 2965 qui
236 2937 308 2957 cum
331 2926 486 2957 Romani.-
508 2926 538 2956 in
563 2936 657 2957 unam
676 2927 839 2956 eimau-m

888 2674 972 2710 qum!
1006 2683 1102 2711 κιιμηι
1134 2673 1339 2711 punctorium.
1367 2673 1431 2703 siu·
1463 2674 1564 2704 inber·

889 2716 1039 2744 inu-ulum
1073 2715 1285 2754 imper-«noris,
1310 2716 1564 2755 expandebatur.

893 2757 977 2787 l’lut.
997 2758 1026 2786 in
1050 2757 1125 2788 Fui».
1150 2759 1256 2788 (Ῐιιιιῑν.

931 2811 950 2838 ι)
968 2801 1061 2829 Nulli
1080 2802 1143 2838 rvi]
1163 2801 1201 2830 cf.
1214 2802 1308 2840 supr.
1322 2801 1362 2832 iv.
1378 2809 1426 2840 37.
1448 2801 1566 2832 Noster

887 2852 958 2872 cuin
979 2842 1077 2872 ‹lnndi
1103 2854 1177 2873 canu
1203 2854 1318 2874 nornen
1335 2845 1447 2883 fretus
1471 2843 1563 2875 inter-

886 2885 962 2915 «lum
982 2885 1097 2915 iunxit.

1583 283 1774 326 U..3,C70.

1581 327 1684 359 A..C
1703 329 1775 367 81.

1582 1081 1763 1113 Dictatoris

1579 1125 1682 1155 oratio
1697 1125 1740 1156 ad

1579 1167 1710 1199 milites.

1654 2106 1718 2144 13.

1580 2160 1622 2190 V·
1615 2161 1669 2191 icti

1581 2203 1610 2234 V
1615 2203 1704 2234 olsci.
