1934 3211
406 177 490 216 264
918 172 1067 215 ΤΙΤΙ
1107 171 1287 214 LIVII

190 275 233 307 U.
252 276 289 307 C.
309 284 379 315 33²·
409 270 421 288 ‘
437 273 485 305 ut
505 263 681 319 equites,
704 263 776 319 qui
798 263 953 305 salvam
981 263 1285 320 rempublicam
1309 260 1466 303 vellent
1486 275 1588 309 esse,
1611 274 1665 301 ex
1685 259 1806 315 equis

188 319 228 349 A.
252 319 290 349 C.
308 327 380 356 4²0·
409 328 421 346 ⁶
434 321 694 371 desilirent3’
725 321 916 362 omnium
936 328 1168 362 turmarum
1181 320 1407 375 equitibus,
1422 317 1604 359 velutad
1624 316 1806 358 consulis

191 388 328 427 Equites

189 441 333 470 pugnam

189 473 374 504 restituunt.

198 1765 347 1804 Uterque

196 1807 356 1837 exercitus

196 1854 298 1880 castra
314 1850 401 1880 dese-

197 1891 220 1920 ri
225 1896 246 1923 t.

264 957 330 994 39.

264 2664 332 2701 40.

407 379 632 435 imperium
648 379 788 419 motis:
824 384 836 402 ⁶
850 377 946 418 Nisi
966 379 1097 428 haec,'
1118 378 1269 433 inquit,
1294 382 1506 432 ‘parmata
1521 375 1670 416 cohors
1690 374 1807 415 sistat

410 436 642 491 ‘impetum
666 436 864 484 hostium,
887 444 1028 476 actum
1056 435 1108 476 de
1130 434 1307 490 imperio
1329 442 1401 474 est.
1468 431 1705 487 Sequimini
1729 445 1807 487 pro

412 493 590 534 ‘vexillo
612 493 828 548 cuspidem
849 507 998 533 meam.
1064 491 1287 533 Ostendite
1317 490 1522 531 Romanis
1542 488 1805 544 Volscisque,

413 557 577 606 ‘neque
611 550 826 606 equitibus
858 549 976 590 vobis
1006 548 1112 589 ullos
1147 548 1325 603 equites,
1358 562 1437 588 nec
1468 546 1682 602 peditibus
1718 560 1807 587 esse

414 607 601 663 ‘pedites
640 607 787 662 pares.'
857 605 1004 652 Quum
1044 605 1224 646 clamore
1261 605 1532 660 comprobata
1569 603 1808 644 adhortatio

413 673 532 714 esset,
562 664 677 705 vadit
708 663 788 704 alte
820 663 1038 718 cuspidem
1065 677 1228 717 gerens.
1294 661 1562 715 Quacunque
1590 659 1808 708 incedunt,

411 722 453 763 vi
473 721 584 761 viam
604 721 786 761 faciunt:
821 734 870 760 eo
892 734 934 760 se
956 719 1143 759 inferunt
1163 719 1338 760 obiectis
1358 717 1526 774 parmis,
1549 717 1622 758 ubi
1637 731 1810 757 suorum

412 778 640 834 plurimum
654 777 839 818 laborem
853 776 1010 818 vident.
1056 776 1313 817 Restituitur
1328 775 1523 816 omnibus
1535 774 1638 816 locis
1652 788 1808 830 pugna,

411 837 457 875 in
486 850 593 890 quae
624 849 694 875 eos
721 835 904 890 impetus
929 833 1050 875 tulit:
1084 849 1164 874 nec
1193 833 1371 874 dubium
1396 840 1497 882 erat,
1521 832 1638 888 quin,
1660 832 1695 873 si
1723 840 1809 872 tam

411 892 535 947 pauci
555 891 680 932 simul
696 892 809 933 obire
832 891 974 933 omnia
993 900 1175 947 possent,
1191 899 1308 947 terga
1327 890 1465 931 daturi
1479 889 1619 930 hostes
1640 889 1808 930 fuerint.

414 949 470 990 Et
487 964 619 1004 quum
640 949 724 989 iam
745 958 863 1004 parte
884 948 999 990 nulla
1015 949 1333 997 sustinerentur,
1357 948 1430 988 dat
1450 948 1618 1003 signum
1631 946 1811 988 Volscus

411 1007 650 1061 imperator,
674 1015 721 1047 ut
741 1006 951 1062 parmatiS,
975 1022 1106 1047 novae
1129 1006 1292 1047 cohorti
1313 1005 1510 1054 hostium,
1528 1004 1644 1046 locus
1660 1003 1807 1045 detur:

412 1063 547 1104 donec
580 1064 741 1119 impetu
775 1064 879 1104 illati
912 1064 964 1105 ab
1005 1064 1089 1104 suis
1125 1063 1415 1104 excludantur.
1482 1062 1616 1110 Quod
1645 1061 1719 1103 ubi
1749 1069 1812 1102 est

411 1121 581 1170 factum,
618 1121 833 1162 interclusi
875 1121 1062 1178 equites:
1107 1135 1186 1161 nec
1221 1134 1493 1176 perrumpere
1526 1119 1689 1168 eadem,
1727 1133 1812 1174 qua

413 1178 675 1228 transierant,
698 1193 841 1234 posse3
875 1178 933 1219 ibi
955 1179 1137 1220 maxime
1161 1178 1358 1219 confertis
1378 1177 1580 1226 hostibus,
1596 1191 1680 1232 qua
1699 1176 1810 1217 viam

411 1236 622 1276 fecerant:
667 1244 710 1276 et
750 1235 896 1276 consul
936 1235 1208 1291 legionesque
1252 1234 1484 1283 Romanae,
1526 1248 1659 1289 quum
1695 1233 1812 1288 quod

413 1302 614 1348 tegumen
642 1292 768 1334 modo
797 1292 933 1334 omnis
964 1293 1173 1333 exercitus
1192 1292 1340 1342 fuerat,
1363 1305 1570 1346 nusquam
1604 1290 1810 1341 viderent,

412 1365 466 1390 ne
482 1359 544 1390 tot
556 1349 801 1391 fortissimos
817 1350 925 1390 viros
938 1350 1185 1391 interclusos
1199 1350 1457 1405 opprimeret
1469 1347 1611 1397 hostis,
1628 1347 1812 1389 tendunt

414 1407 458 1446 in
480 1422 778 1463 quemcunque
807 1422 960 1448 casum.
1024 1407 1192 1448 Diversi
1224 1406 1378 1456 Volsci,
1402 1405 1501 1446 hinc
1526 1404 1743 1446 consulem
1763 1420 1812 1446 ac

414 1463 603 1519 legiones
638 1465 856 1513 sustinere,
889 1464 1020 1505 altera
1048 1464 1185 1505 fronte
1222 1464 1376 1505 instare
1411 1463 1649 1519 Tempanio
1684 1470 1811 1518 atque

416 1520 651 1575 equitibus:
686 1521 760 1576 qui
785 1537 917 1576 quum
949 1537 1071 1578 saepe
1106 1521 1245 1563 conati
1270 1521 1516 1577 nequissent
1539 1534 1811 1576 perrumpere

417 1578 470 1617 ad
491 1592 599 1627 suos,
622 1578 785 1618 tumulo
807 1578 990 1633 quodam
1019 1588 1234 1634 occupato,
1257 1579 1302 1619 in
1323 1579 1468 1620 orbem
1489 1593 1532 1619 se
1554 1578 1811 1627 tutabantur,

414 1649 682 1690 nequaquam
723 1634 857 1676 inulti.
922 1635 1017 1676 Nec
1057 1651 1224 1691 pugnae
1257 1636 1352 1676 finis
1384 1643 1482 1676 ante
1514 1643 1683 1676 noctem
1717 1634 1809 1675 fuit.

418 1691 580 1732 Consul
596 1707 780 1747 quoque,
796 1707 1004 1747 nusquam
1018 1693 1189 1733 remisso
1206 1692 1447 1741 certamine,
1465 1692 1566 1733 dum
1583 1692 1811 1747 quicquam

415 1748 621 1804 superfuit
640 1749 757 1798 lucis,
780 1749 944 1790 hostem
966 1749 1114 1790 tenuit.
1169 1748 1270 1790 Nox
1291 1749 1474 1789 incertos
1494 1748 1684 1790 diremit:
1719 1756 1810 1789 tan-

414 1814 566 1861 tusque
589 1807 640 1846 ab
661 1806 947 1861 imprudentia
968 1814 1142 1847 eventus
1164 1814 1340 1861 utraque
1362 1814 1495 1846 castra
1511 1805 1649 1847 tenuit
1668 1820 1809 1864 pavor,
1825 1824 1843 1856 5

414 1871 473 1912 ut,
506 1863 660 1904 relictis
688 1863 837 1903 sauciis
862 1871 904 1904 et
932 1878 1084 1919 magna
1110 1872 1228 1919 parte
1250 1863 1665 1919 impedimentorum,
1687 1864 1812 1904 ambo

413 1935 489 1975 pro
528 1920 648 1961 victis
689 1920 897 1961 exercitus
937 1935 980 1961 se
1021 1921 1066 1960 in
1107 1930 1271 1961 montes
1306 1920 1520 1976 proximos
1560 1920 1809 1976 reciperent.

415 1977 623 2018 Tumulus
654 1985 793 2018 tamen
831 1977 1125 2018 circumsessus
1162 1978 1271 2018 ultra
1302 1977 1485 2018 mediam
1518 1986 1687 2019 noctem
1723 1986 1807 2018 est:

414 2049 498 2089 quo
516 2049 647 2089 quum
669 2034 1073 2075 circumsedentibus
1089 2035 1330 2075 nuntiatum
1353 2043 1473 2084 esset,
1492 2043 1625 2076 castra
1645 2034 1812 2075 deserta

414 2107 514 2140 csse,
531 2092 663 2132 victos
684 2092 763 2132 rati
783 2107 890 2141 suos,
914 2101 957 2133 et
972 2092 1064 2148 ipsi,
1083 2107 1167 2148 qua
1188 2107 1400 2148 quemque
1421 2092 1466 2132 in
1481 2092 1664 2133 tenebris
1683 2106 1814 2148 pavor

415 2148 523 2198 tulit,
540 2148 747 2205 fugerunt.
812 2149 1072 2205 Tempanius
1089 2158 1206 2190 metu
1218 2149 1465 2190 insidiarum
1481 2164 1578 2190 suos
1598 2149 1651 2191 ad
1671 2149 1812 2190 lucem

417 2206 563 2247 tenuit.
626 2206 860 2261 Degressus
900 2206 1055 2247 deinde
1089 2207 1177 2262 ipse
1212 2222 1309 2247 cum
1350 2206 1494 2262 paucis
1534 2206 1809 2263 speculatum,

416 2279 548 2318 quum
581 2264 632 2305 ab
668 2264 819 2304 sauciis
854 2264 1042 2305 hostibus
1075 2264 1325 2305 sciscitando
1358 2264 1642 2319 comperisset,
1679 2272 1812 2306 castra

416 2320 666 2361 Volscorum
694 2321 859 2362 deserta
886 2336 987 2370 esse,
1010 2321 1143 2362 laetus
1169 2322 1220 2362 ab
1246 2320 1410 2362 tumulo
1431 2335 1527 2361 suos
1557 2320 1745 2370 devocat,
1768 2328 1811 2361 et

413 2378 458 2418 in
489 2387 622 2419 castra
654 2378 847 2419 Romana
876 2387 1079 2433 penetrat.
1146 2378 1231 2419 Ubi
1257 2392 1390 2433 quum
1416 2385 1533 2418 vasta
1559 2377 1809 2432 desertaque

413 2435 566 2485 onmia,
590 2444 715 2491 atque
744 2435 937 2484 eandem,
960 2450 1087 2491 quam
1109 2435 1223 2490 apud
1250 2434 1402 2483 hostes,
1424 2434 1669 2475 foeditatem
1693 2434 1811 2475 inve-

413 2492 554 2542 nisset,
577 2493 821 2548 priusquam
851 2492 1026 2533 Volscos
1047 2492 1239 2548 cognitus
1261 2506 1375 2532 error
1399 2491 1633 2541 reduceret,
1657 2491 1811 2547 quibus

412 2558 576 2604 poterat
597 2550 747 2590 sauciis
763 2549 900 2590 ductis
921 2564 1077 2599 secum,
1096 2550 1265 2605 ignarus
1286 2563 1413 2604 quam
1430 2548 1647 2605 regionem
1664 2547 1810 2590 consul

412 2607 596 2660 petisset,
615 2607 668 2647 ad
689 2607 837 2647 urbem
858 2607 1060 2663 proximis
1081 2606 1301 2647 itineribus
1322 2606 1470 2662 pergit.

471 2663 561 2704 Iam
582 2679 632 2705 eo
653 2663 763 2705 fama
789 2679 956 2720 pugnae
978 2664 1174 2708 adversae
1204 2672 1519 2719 castrorumque
1547 2663 1810 2704 desertorum

411 2720 571 2773 perlata
602 2729 712 2762 erat:
752 2730 795 2762 et
830 2729 926 2762 ante
961 2721 1101 2763 omnia
1131 2721 1338 2777 deplorati
1365 2729 1485 2762 erant
1514 2720 1691 2777 equites,
1722 2734 1809 2761 non

458 2871 474 2901 5
499 2865 550 2893 Ab
576 2866 795 2903 imprudentia
819 2867 968 2906 eventus]
1010 2865 1086 2895 Pro-
1132 2866 1229 2897 bant:
1253 2866 1473 2905 imprudentia
1494 2865 1557 2896 iam
1579 2875 1638 2905 pro
1655 2866 1806 2905 ignoran-

415 2908 485 2943 pter
512 2906 624 2943 proclii
651 2911 815 2944 eventum,
840 2917 936 2946 quem
963 2907 1085 2946 ignora·
1132 2909 1177 2938 tia
1194 2907 1297 2947 posita
1315 2907 1450 2939 vide-tur.
1476 2907 1586 2939 Domae.
