<?xml version="1.0" encoding="UTF-8"?>
<!DOCTYPE html PUBLIC "-//W3C//DTD XHTML 1.0 Transitional//EN"
    "http://www.w3.org/TR/xhtml1/DTD/xhtml1-transitional.dtd">
<html xmlns="http://www.w3.org/1999/xhtml" xml:lang="en" lang="en">
 <head>
  <title>
</title>
<meta http-equiv="Content-Type" content="text/html;charset=utf-8" />
  <meta name='ocr-system' content='tesseract 3.04.00' />
  <meta name='ocr-capabilities' content='ocr_page ocr_carea ocr_par ocr_line ocrx_word'/>
</head>
<body>
  <div class='ocr_page' id='page_1' title='image "./historiarumli01livyuoft_0177.png"; bbox 0 0 1934 3211; ppageno 0'>
   <div class='ocr_carea' id='block_1_1' title="bbox 553 176 1525 224">
    <p class='ocr_par' dir='ltr' id='par_1_1' title="bbox 553 176 1525 224">
     <span class='ocr_line' id='line_1_1' title="bbox 553 176 1525 224; baseline 0.004 -4"><span class='ocrx_word' id='word_1_1' title='bbox 553 178 680 220; x_wconf 90' lang='lat' dir='ltr'>LIB.</span> <span class='ocrx_word' id='word_1_2' title='bbox 715 176 795 219; x_wconf 94' lang='lat' dir='ltr'><strong>III.</strong></span> <span class='ocrx_word' id='word_1_3' title='bbox 841 177 987 220; x_wconf 92' lang='lat' dir='ltr'>CAP.</span> <span class='ocrx_word' id='word_1_4' title='bbox 1026 183 1089 220; x_wconf 90' lang='lat'>18.</span> <span class='ocrx_word' id='word_1_5' title='bbox 1446 184 1525 224; x_wconf 90' lang='lat'>165</span> 
     </span>
    </p>
   </div>
   <div class='ocr_carea' id='block_1_2' title="bbox 73 267 1727 2448">
    <p class='ocr_par' dir='ltr' id='par_1_2' title="bbox 124 267 1727 489">
     <span class='ocr_line' id='line_1_2' title="bbox 127 267 1727 327; baseline 0.002 -16"><span class='ocrx_word' id='word_1_6' title='bbox 127 268 399 312; x_wconf 89' lang='lat' dir='ltr'>‘tribuniciae</span> <span class='ocrx_word' id='word_1_7' title='bbox 420 267 638 324; x_wconf 89' lang='lat' dir='ltr'>potestatis</span> <span class='ocrx_word' id='word_1_8' title='bbox 664 276 1002 324; x_wconf 85' lang='lat' dir='ltr'><strong>sacratarumque</strong></span> <span class='ocrx_word' id='word_1_9' title='bbox 1030 267 1173 324; x_wconf 85' lang='lat' dir='ltr'>legum</span> <span class='ocrx_word' id='word_1_10' title='bbox 1194 268 1384 320; x_wconf 90' lang='lat' dir='ltr'>oblitum,</span> <span class='ocrx_word' id='word_1_11' title='bbox 1407 271 1523 327; x_wconf 85' lang='lat' dir='ltr'>quis·</span> <span class='ocrx_word' id='word_1_12' title='bbox 1538 279 1582 313; x_wconf 92' lang='lat' dir='ltr'>U.</span> <span class='ocrx_word' id='word_1_13' title='bbox 1599 281 1637 313; x_wconf 85' lang='lat' dir='ltr'>C.</span> <span class='ocrx_word' id='word_1_14' title='bbox 1656 291 1727 324; x_wconf 79' lang='lat'>294·</span> 
     </span>
     <span class='ocr_line' id='line_1_3' title="bbox 126 323 1726 383; baseline 0.002 -15"><span class='ocrx_word' id='word_1_15' title='bbox 126 326 244 383; x_wconf 87' lang='lat' dir='ltr'>‘quis</span> <span class='ocrx_word' id='word_1_16' title='bbox 263 325 333 366; x_wconf 90' lang='lat' dir='ltr'>ille</span> <span class='ocrx_word' id='word_1_17' title='bbox 354 325 420 375; x_wconf 88' lang='lat' dir='ltr'>sit,</span> <span class='ocrx_word' id='word_1_18' title='bbox 442 325 685 381; x_wconf 88' lang='lat' dir='ltr'>ubicunque</span> <span class='ocrx_word' id='word_1_19' title='bbox 710 325 776 375; x_wconf 90' lang='lat' dir='ltr'>sit,</span> <span class='ocrx_word' id='word_1_20' title='bbox 798 325 844 366; x_wconf 88' lang='lat' dir='ltr'>in</span> <span class='ocrx_word' id='word_1_21' title='bbox 867 324 1092 382; x_wconf 87' lang='lat' dir='ltr'>Capitolio,</span> <span class='ocrx_word' id='word_1_22' title='bbox 1114 325 1160 366; x_wconf 91' lang='lat' dir='ltr'>in</span> <span class='ocrx_word' id='word_1_23' title='bbox 1180 325 1283 375; x_wconf 91' lang='lat' dir='ltr'>foro,</span> <span class='ocrx_word' id='word_1_24' title='bbox 1304 341 1382 382; x_wconf 93' lang='lat' dir='ltr'>pro</span> <span class='ocrx_word' id='word_1_25' title='bbox 1402 327 1520 370; x_wconf 89' lang='lat' dir='ltr'>hoste</span> <span class='ocrx_word' id='word_1_26' title='bbox 1534 323 1574 355; x_wconf 73' lang='grc' dir='ltr'>Α·</span> <span class='ocrx_word' id='word_1_27' title='bbox 1599 324 1636 356; x_wconf 88' lang='lat' dir='ltr'>C.</span> <span class='ocrx_word' id='word_1_28' title='bbox 1653 326 1726 365; x_wconf 81' lang='lat'><strong>45⁸·</strong></span> 
     </span>
     <span class='ocr_line' id='line_1_4' title="bbox 125 381 1518 439; baseline 0.002 -15"><span class='ocrx_word' id='word_1_29' title='bbox 125 383 401 424; x_wconf 74' lang='lat' dir='ltr'>‘habiturum</span> <span class='ocrx_word' id='word_1_30' title='bbox 454 381 657 424; x_wconf 91' lang='lat' dir='ltr'>Iuberent</span> <span class='ocrx_word' id='word_1_31' title='bbox 673 382 844 432; x_wconf 88' lang='lat' dir='ltr'>tribuni,</span> <span class='ocrx_word' id='word_1_32' title='bbox 863 383 1064 439; x_wconf 91' lang='lat' dir='ltr'>quoniam</span> <span class='ocrx_word' id='word_1_33' title='bbox 1080 383 1125 423; x_wconf 90' lang='lat' dir='ltr'>in</span> <span class='ocrx_word' id='word_1_34' title='bbox 1145 382 1226 439; x_wconf 89' lang='lat' dir='ltr'>Ap.</span> <span class='ocrx_word' id='word_1_35' title='bbox 1248 382 1518 427; x_wconf 86' lang='lat' dir='ltr'>Herdonium</span> 
     </span>
     <span class='ocr_line' id='line_1_5' title="bbox 124 439 1518 489; baseline 0.001 -8"><span class='ocrx_word' id='word_1_36' title='bbox 124 445 350 489; x_wconf 86' lang='lat' dir='ltr'>‘vetarent,</span> <span class='ocrx_word' id='word_1_37' title='bbox 379 440 424 480; x_wconf 87' lang='lat' dir='ltr'>in</span> <span class='ocrx_word' id='word_1_38' title='bbox 449 439 497 480; x_wconf 90' lang='lat' dir='ltr'>P.</span> <span class='ocrx_word' id='word_1_39' title='bbox 528 439 746 480; x_wconf 87' lang='lat' dir='ltr'>Valerium</span> <span class='ocrx_word' id='word_1_40' title='bbox 772 439 987 480; x_wconf 91' lang='lat' dir='ltr'>consulem</span> <span class='ocrx_word' id='word_1_41' title='bbox 1015 440 1124 480; x_wconf 92' lang='lat' dir='ltr'>sumi</span> <span class='ocrx_word' id='word_1_42' title='bbox 1148 455 1284 482; x_wconf 85' lang='lat' dir='ltr'>arma:</span> <span class='ocrx_word' id='word_1_43' title='bbox 1318 455 1518 483; x_wconf 86' lang='lat' dir='ltr'>ausurum</span> 
     </span>
    </p>

    <p class='ocr_par' dir='ltr' id='par_1_3' title="bbox 89 496 1518 1298">
     <span class='ocr_line' id='line_1_6' title="bbox 89 496 1518 555; baseline 0.001 -16"><span class='ocrx_word' id='word_1_44' title='bbox 89 518 108 539; x_wconf 82' lang='lat'>2</span> <span class='ocrx_word' id='word_1_45' title='bbox 123 502 190 538; x_wconf 89' lang='lat' dir='ltr'>‘se</span> <span class='ocrx_word' id='word_1_46' title='bbox 212 497 257 538; x_wconf 88' lang='lat' dir='ltr'>in</span> <span class='ocrx_word' id='word_1_47' title='bbox 278 497 470 546; x_wconf 90' lang='lat' dir='ltr'>tribunis,</span> <span class='ocrx_word' id='word_1_48' title='bbox 494 496 611 552; x_wconf 91' lang='lat' dir='ltr'>quod</span> <span class='ocrx_word' id='word_1_49' title='bbox 638 496 834 553; x_wconf 86' lang='lat' dir='ltr'>princeps</span> <span class='ocrx_word' id='word_1_50' title='bbox 859 496 1040 538; x_wconf 87' lang='lat' dir='ltr'>familiae</span> <span class='ocrx_word' id='word_1_51' title='bbox 1063 512 1161 538; x_wconf 89' lang='lat' dir='ltr'>suae</span> <span class='ocrx_word' id='word_1_52' title='bbox 1190 513 1315 538; x_wconf 87' lang='lat' dir='ltr'>ausus</span> <span class='ocrx_word' id='word_1_53' title='bbox 1335 498 1380 539; x_wconf 91' lang='lat' dir='ltr'>in</span> <span class='ocrx_word' id='word_1_54' title='bbox 1408 500 1518 555; x_wconf 85' lang='lat' dir='ltr'>regi-</span> 
     </span>
     <span class='ocr_line' id='line_1_7' title="bbox 121 553 1517 612; baseline 0.001 -17"><span class='ocrx_word' id='word_1_55' title='bbox 121 554 223 595; x_wconf 90' lang='lat' dir='ltr'>‘bus</span> <span class='ocrx_word' id='word_1_56' title='bbox 243 554 378 596; x_wconf 75' lang='lat' dir='ltr'>esset.&#39;</span> <span class='ocrx_word' id='word_1_57' title='bbox 439 553 540 594; x_wconf 87' lang='lat' dir='ltr'>Vim</span> <span class='ocrx_word' id='word_1_58' title='bbox 569 553 760 594; x_wconf 86' lang='lat' dir='ltr'>ultimam</span> <span class='ocrx_word' id='word_1_59' title='bbox 788 554 1014 610; x_wconf 86' lang='lat' dir='ltr'><strong>apparebat</strong></span> <span class='ocrx_word' id='word_1_60' title='bbox 1039 553 1235 604; x_wconf 88' lang='lat' dir='ltr'>futuram,</span> <span class='ocrx_word' id='word_1_61' title='bbox 1257 556 1517 612; x_wconf 90' lang='lat' dir='ltr'>spectaculo-</span> 
     </span>
     <span class='ocr_line' id='line_1_8' title="bbox 118 610 1513 668; baseline 0.001 -15"><span class='ocrx_word' id='word_1_62' title='bbox 118 626 202 668; x_wconf 91' lang='lat' dir='ltr'>que</span> <span class='ocrx_word' id='word_1_63' title='bbox 215 611 466 653; x_wconf 86' lang='lat' dir='ltr'>seditionem</span> <span class='ocrx_word' id='word_1_64' title='bbox 481 611 718 652; x_wconf 84' lang='lat' dir='ltr'>Romanam</span> <span class='ocrx_word' id='word_1_65' title='bbox 733 610 921 652; x_wconf 86' lang='lat' dir='ltr'>hostibus</span> <span class='ocrx_word' id='word_1_66' title='bbox 934 610 1039 652; x_wconf 90' lang='lat' dir='ltr'>fore:</span> <span class='ocrx_word' id='word_1_67' title='bbox 1067 626 1146 652; x_wconf 90' lang='lat' dir='ltr'>nec</span> <span class='ocrx_word' id='word_1_68' title='bbox 1160 611 1229 652; x_wconf 85' lang='lat' dir='ltr'>lex</span> <span class='ocrx_word' id='word_1_69' title='bbox 1247 621 1389 654; x_wconf 89' lang='lat' dir='ltr'>tamen</span> <span class='ocrx_word' id='word_1_70' title='bbox 1400 613 1513 665; x_wconf 85' lang='lat' dir='ltr'>ferri,</span> 
     </span>
     <span class='ocr_line' id='line_1_9' title="bbox 117 667 1515 728; baseline 0.002 -18"><span class='ocrx_word' id='word_1_71' title='bbox 117 683 198 710; x_wconf 89' lang='lat' dir='ltr'>nec</span> <span class='ocrx_word' id='word_1_72' title='bbox 213 669 274 710; x_wconf 88' lang='lat' dir='ltr'>ire</span> <span class='ocrx_word' id='word_1_73' title='bbox 291 669 335 709; x_wconf 92' lang='lat' dir='ltr'>in</span> <span class='ocrx_word' id='word_1_74' title='bbox 352 667 611 724; x_wconf 84' lang='lat' dir='ltr'>Capitolium</span> <span class='ocrx_word' id='word_1_75' title='bbox 628 668 774 710; x_wconf 85' lang='lat' dir='ltr'>consul</span> <span class='ocrx_word' id='word_1_76' title='bbox 787 668 937 725; x_wconf 92' lang='lat' dir='ltr'>potuit.</span> <span class='ocrx_word' id='word_1_77' title='bbox 1002 668 1103 709; x_wconf 83' lang='lat' dir='ltr'>Nox</span> <span class='ocrx_word' id='word_1_78' title='bbox 1119 670 1348 712; x_wconf 89' lang='lat' dir='ltr'>certamina</span> <span class='ocrx_word' id='word_1_79' title='bbox 1363 680 1515 728; x_wconf 90' lang='lat' dir='ltr'>coepta</span> 
     </span>
     <span class='ocr_line' id='line_1_10' title="bbox 117 725 1509 782; baseline 0.003 -16"><span class='ocrx_word' id='word_1_80' title='bbox 117 725 349 782; x_wconf 86' lang='lat' dir='ltr'>oppressit:</span> <span class='ocrx_word' id='word_1_81' title='bbox 384 726 542 767; x_wconf 90' lang='lat' dir='ltr'>tribuni</span> <span class='ocrx_word' id='word_1_82' title='bbox 572 741 731 767; x_wconf 82' lang='lat' dir='ltr'>cessere</span> <span class='ocrx_word' id='word_1_83' title='bbox 756 726 884 775; x_wconf 85' lang='lat' dir='ltr'>nocti,</span> <span class='ocrx_word' id='word_1_84' title='bbox 914 726 1110 768; x_wconf 90' lang='lat' dir='ltr'>timentes</span> <span class='ocrx_word' id='word_1_85' title='bbox 1138 727 1357 768; x_wconf 88' lang='lat' dir='ltr'>consulum</span> <span class='ocrx_word' id='word_1_86' title='bbox 1383 743 1509 770; x_wconf 89' lang='lat' dir='ltr'>arma.</span> 
     </span>
     <span class='ocr_line' id='line_1_11' title="bbox 117 783 1510 841; baseline 0.002 -17"><span class='ocrx_word' id='word_1_87' title='bbox 117 783 286 824; x_wconf 89' lang='lat' dir='ltr'>Amotis</span> <span class='ocrx_word' id='word_1_88' title='bbox 300 783 400 825; x_wconf 88' lang='lat' dir='ltr'>inde</span> <span class='ocrx_word' id='word_1_89' title='bbox 423 783 640 824; x_wconf 88' lang='lat' dir='ltr'>seditionis</span> <span class='ocrx_word' id='word_1_90' title='bbox 656 783 908 833; x_wconf 84' lang='lat' dir='ltr'>auctoribus,</span> <span class='ocrx_word' id='word_1_91' title='bbox 931 783 1078 825; x_wconf 90' lang='lat' dir='ltr'>Patres</span> <span class='ocrx_word' id='word_1_92' title='bbox 1093 784 1312 827; x_wconf 90' lang='lat' dir='ltr'>circumire</span> <span class='ocrx_word' id='word_1_93' title='bbox 1329 785 1510 841; x_wconf 86' lang='lat' dir='ltr'>plebem,</span> 
     </span>
     <span class='ocr_line' id='line_1_12' title="bbox 115 840 1507 898; baseline 0.001 -16"><span class='ocrx_word' id='word_1_94' title='bbox 115 840 428 897; x_wconf 85' lang='lat' dir='ltr'>inferentesque</span> <span class='ocrx_word' id='word_1_95' title='bbox 445 856 488 882; x_wconf 89' lang='lat' dir='ltr'>se</span> <span class='ocrx_word' id='word_1_96' title='bbox 511 841 555 881; x_wconf 92' lang='lat' dir='ltr'>in</span> <span class='ocrx_word' id='word_1_97' title='bbox 576 841 764 890; x_wconf 86' lang='lat' dir='ltr'>circulos,</span> <span class='ocrx_word' id='word_1_98' title='bbox 782 856 995 882; x_wconf 86' lang='lat' dir='ltr'>sermones</span> <span class='ocrx_word' id='word_1_99' title='bbox 1017 841 1196 898; x_wconf 88' lang='lat' dir='ltr'>tempori</span> <span class='ocrx_word' id='word_1_100' title='bbox 1216 852 1335 898; x_wconf 89' lang='lat' dir='ltr'>aptos</span> <span class='ocrx_word' id='word_1_101' title='bbox 1352 857 1507 885; x_wconf 87' lang='lat' dir='ltr'>serere:</span> 
     </span>
     <span class='ocr_line' id='line_1_13' title="bbox 115 897 1511 956; baseline 0.002 -17"><span class='ocrx_word' id='word_1_102' title='bbox 115 897 357 948; x_wconf 88' lang='lat' dir='ltr'>admonere,</span> <span class='ocrx_word' id='word_1_103' title='bbox 389 904 400 922; x_wconf 86' lang='lat'>‘</span> <span class='ocrx_word' id='word_1_104' title='bbox 416 898 476 939; x_wconf 93' lang='lat' dir='ltr'>Ut</span> <span class='ocrx_word' id='word_1_105' title='bbox 509 897 714 948; x_wconf 88' lang='lat' dir='ltr'>viderent,</span> <span class='ocrx_word' id='word_1_106' title='bbox 737 898 781 938; x_wconf 91' lang='lat' dir='ltr'>in</span> <span class='ocrx_word' id='word_1_107' title='bbox 809 898 925 954; x_wconf 91' lang='lat' dir='ltr'>quod</span> <span class='ocrx_word' id='word_1_108' title='bbox 953 898 1180 940; x_wconf 85' lang='lat' dir='ltr'>discrimen</span> <span class='ocrx_word' id='word_1_109' title='bbox 1207 900 1511 956; x_wconf 85' lang='lat' dir='ltr'>rempublicam</span> 
     </span>
     <span class='ocr_line' id='line_1_14' title="bbox 116 955 1508 1012; baseline 0.002 -16"><span class='ocrx_word' id='word_1_110' title='bbox 116 955 412 997; x_wconf 55' lang='lat' dir='ltr'>‘adducerent</span> <span class='ocrx_word' id='word_1_111' title='bbox 477 955 578 997; x_wconf 93' lang='lat' dir='ltr'>Non</span> <span class='ocrx_word' id='word_1_112' title='bbox 603 956 714 997; x_wconf 89' lang='lat' dir='ltr'>inter</span> <span class='ocrx_word' id='word_1_113' title='bbox 739 955 885 997; x_wconf 89' lang='lat' dir='ltr'>Patres</span> <span class='ocrx_word' id='word_1_114' title='bbox 906 971 953 997; x_wconf 91' lang='lat' dir='ltr'>ac</span> <span class='ocrx_word' id='word_1_115' title='bbox 978 956 1146 1012; x_wconf 90' lang='lat' dir='ltr'>plebem</span> <span class='ocrx_word' id='word_1_116' title='bbox 1173 966 1386 999; x_wconf 88' lang='lat' dir='ltr'>certamen</span> <span class='ocrx_word' id='word_1_117' title='bbox 1407 973 1508 1008; x_wconf 89' lang='lat' dir='ltr'>esse,</span> 
     </span>
     <span class='ocr_line' id='line_1_15' title="bbox 116 1012 1508 1071; baseline 0.001 -17"><span class='ocrx_word' id='word_1_118' title='bbox 116 1013 215 1054; x_wconf 88' lang='lat' dir='ltr'>‘sed</span> <span class='ocrx_word' id='word_1_119' title='bbox 235 1012 360 1054; x_wconf 92' lang='lat' dir='ltr'>simul</span> <span class='ocrx_word' id='word_1_120' title='bbox 381 1013 528 1054; x_wconf 90' lang='lat' dir='ltr'>Patres</span> <span class='ocrx_word' id='word_1_121' title='bbox 549 1013 815 1070; x_wconf 83' lang='lat' dir='ltr'>plebemque,</span> <span class='ocrx_word' id='word_1_122' title='bbox 837 1028 976 1055; x_wconf 87' lang='lat' dir='ltr'>arcem</span> <span class='ocrx_word' id='word_1_123' title='bbox 994 1014 1119 1063; x_wconf 88' lang='lat' dir='ltr'>urbis,</span> <span class='ocrx_word' id='word_1_124' title='bbox 1144 1014 1299 1071; x_wconf 85' lang='lat' dir='ltr'>templa</span> <span class='ocrx_word' id='word_1_125' title='bbox 1319 1015 1508 1066; x_wconf 92' lang='lat' dir='ltr'>deorum,</span> 
     </span>
     <span class='ocr_line' id='line_1_16' title="bbox 115 1070 1510 1127; baseline 0.002 -16"><span class='ocrx_word' id='word_1_126' title='bbox 115 1075 127 1093; x_wconf 91' lang='lat'>‘</span> <span class='ocrx_word' id='word_1_127' title='bbox 140 1079 314 1127; x_wconf 89' lang='lat' dir='ltr'>penates</span> <span class='ocrx_word' id='word_1_128' title='bbox 335 1070 524 1127; x_wconf 91' lang='lat' dir='ltr'>publicos</span> <span class='ocrx_word' id='word_1_129' title='bbox 544 1071 811 1127; x_wconf 88' lang='lat' dir='ltr'>privatosque</span> <span class='ocrx_word' id='word_1_130' title='bbox 829 1070 1017 1113; x_wconf 81' lang='lat' dir='ltr'>hostibus</span> <span class='ocrx_word' id='word_1_131' title='bbox 1033 1071 1159 1112; x_wconf 86' lang='lat' dir='ltr'>dedi.’</span> <span class='ocrx_word' id='word_1_132' title='bbox 1200 1072 1318 1113; x_wconf 90' lang='lat' dir='ltr'>Dum</span> <span class='ocrx_word' id='word_1_133' title='bbox 1339 1072 1443 1114; x_wconf 91' lang='lat' dir='ltr'>haec</span> <span class='ocrx_word' id='word_1_134' title='bbox 1464 1073 1510 1114; x_wconf 91' lang='lat' dir='ltr'>in</span> 
     </span>
     <span class='ocr_line' id='line_1_17' title="bbox 112 1127 1506 1184; baseline 0.003 -16"><span class='ocrx_word' id='word_1_135' title='bbox 112 1127 203 1169; x_wconf 90' lang='lat' dir='ltr'>foro</span> <span class='ocrx_word' id='word_1_136' title='bbox 227 1127 436 1169; x_wconf 87' lang='lat' dir='ltr'>sedandae</span> <span class='ocrx_word' id='word_1_137' title='bbox 462 1128 695 1169; x_wconf 78' lang='lat' dir='ltr'>discordiae</span> <span class='ocrx_word' id='word_1_138' title='bbox 721 1143 846 1169; x_wconf 87' lang='lat' dir='ltr'>causa</span> <span class='ocrx_word' id='word_1_139' title='bbox 879 1138 1072 1184; x_wconf 82' lang='lat' dir='ltr'>aguntur,</span> <span class='ocrx_word' id='word_1_140' title='bbox 1099 1129 1290 1170; x_wconf 90' lang='lat' dir='ltr'>consules</span> <span class='ocrx_word' id='word_1_141' title='bbox 1323 1131 1506 1181; x_wconf 87' lang='lat' dir='ltr'>interim,</span> 
     </span>
     <span class='ocr_line' id='line_1_18' title="bbox 113 1184 1509 1243; baseline 0.003 -17"><span class='ocrx_word' id='word_1_142' title='bbox 113 1199 167 1226; x_wconf 91' lang='lat' dir='ltr'>ne</span> <span class='ocrx_word' id='word_1_143' title='bbox 193 1184 350 1235; x_wconf 87' lang='lat' dir='ltr'>Sabini,</span> <span class='ocrx_word' id='word_1_144' title='bbox 373 1201 426 1226; x_wconf 90' lang='lat' dir='ltr'>ne</span> <span class='ocrx_word' id='word_1_145' title='bbox 448 1185 608 1227; x_wconf 87' lang='lat' dir='ltr'>Veiens</span> <span class='ocrx_word' id='word_1_146' title='bbox 628 1185 757 1227; x_wconf 86' lang='lat' dir='ltr'>hostis</span> <span class='ocrx_word' id='word_1_147' title='bbox 779 1194 1030 1237; x_wconf 81' lang='lat' dir='ltr'>moveretur,</span> <span class='ocrx_word' id='word_1_148' title='bbox 1052 1186 1163 1227; x_wconf 90' lang='lat' dir='ltr'>circa</span> <span class='ocrx_word' id='word_1_149' title='bbox 1189 1196 1327 1243; x_wconf 81' lang='lat' dir='ltr'>portas</span> <span class='ocrx_word' id='word_1_150' title='bbox 1348 1203 1509 1230; x_wconf 89' lang='lat' dir='ltr'>muros-</span> 
     </span>
     <span class='ocr_line' id='line_1_19' title="bbox 113 1243 504 1298; baseline 0.003 -15"><span class='ocrx_word' id='word_1_151' title='bbox 113 1257 196 1298; x_wconf 87' lang='lat' dir='ltr'>que</span> <span class='ocrx_word' id='word_1_152' title='bbox 218 1243 504 1284; x_wconf 85' lang='lat' dir='ltr'>discesserant.</span> 
     </span>
    </p>

    <p class='ocr_par' dir='ltr' id='par_1_4' title="bbox 110 1299 1660 1646">
     <span class='ocr_line' id='line_1_20' title="bbox 172 1299 1660 1360; baseline 0.005 -19"><span class='ocrx_word' id='word_1_153' title='bbox 172 1299 333 1342; x_wconf 89' lang='lat' dir='ltr'>Eadem</span> <span class='ocrx_word' id='word_1_154' title='bbox 365 1310 487 1342; x_wconf 89' lang='lat' dir='ltr'>nocte</span> <span class='ocrx_word' id='word_1_155' title='bbox 520 1310 562 1342; x_wconf 89' lang='lat' dir='ltr'>et</span> <span class='ocrx_word' id='word_1_156' title='bbox 590 1301 823 1342; x_wconf 90' lang='lat' dir='ltr'>Tusculum</span> <span class='ocrx_word' id='word_1_157' title='bbox 849 1300 901 1343; x_wconf 89' lang='lat' dir='ltr'>de</span> <span class='ocrx_word' id='word_1_158' title='bbox 933 1316 1026 1343; x_wconf 88' lang='lat' dir='ltr'>arce</span> <span class='ocrx_word' id='word_1_159' title='bbox 1055 1309 1176 1358; x_wconf 88' lang='lat' dir='ltr'>capta</span> <span class='ocrx_word' id='word_1_160' title='bbox 1209 1301 1507 1360; x_wconf 86' lang='lat' dir='ltr'>Capitolioque</span> <span class='ocrx_word' id='word_1_161' title='bbox 1599 1312 1660 1350; x_wconf 85' lang='grc'>18.</span> 
     </span>
     <span class='ocr_line' id='line_1_21' title="bbox 112 1358 1506 1414; baseline 0.003 -15"><span class='ocrx_word' id='word_1_162' title='bbox 112 1368 328 1414; x_wconf 90' lang='lat' dir='ltr'>occupato,</span> <span class='ocrx_word' id='word_1_163' title='bbox 355 1367 398 1399; x_wconf 87' lang='lat' dir='ltr'>et</span> <span class='ocrx_word' id='word_1_164' title='bbox 425 1358 505 1399; x_wconf 86' lang='lat' dir='ltr'>alio</span> <span class='ocrx_word' id='word_1_165' title='bbox 535 1359 722 1400; x_wconf 88' lang='lat' dir='ltr'>turbatae</span> <span class='ocrx_word' id='word_1_166' title='bbox 754 1359 868 1399; x_wconf 91' lang='lat' dir='ltr'>urbis</span> <span class='ocrx_word' id='word_1_167' title='bbox 896 1367 1008 1400; x_wconf 89' lang='lat' dir='ltr'>statu</span> <span class='ocrx_word' id='word_1_168' title='bbox 1035 1359 1173 1399; x_wconf 90' lang='lat' dir='ltr'>nuntii</span> <span class='ocrx_word' id='word_1_169' title='bbox 1203 1361 1392 1402; x_wconf 87' lang='lat' dir='ltr'>veniunt.</span> <span class='ocrx_word' id='word_1_170' title='bbox 1456 1363 1506 1403; x_wconf 90' lang='lat' dir='ltr'>L.</span> 
     </span>
     <span class='ocr_line' id='line_1_22' title="bbox 112 1414 1509 1465; baseline 0.004 -10"><span class='ocrx_word' id='word_1_171' title='bbox 112 1414 330 1456; x_wconf 87' lang='lat' dir='ltr'>Mamilius</span> <span class='ocrx_word' id='word_1_172' title='bbox 362 1415 536 1457; x_wconf 88' lang='lat' dir='ltr'>Tusculi</span> <span class='ocrx_word' id='word_1_173' title='bbox 568 1425 658 1457; x_wconf 92' lang='lat' dir='ltr'>tum</span> <span class='ocrx_word' id='word_1_174' title='bbox 692 1416 871 1457; x_wconf 87' lang='lat' dir='ltr'>dictator</span> <span class='ocrx_word' id='word_1_175' title='bbox 903 1424 1001 1457; x_wconf 83' lang='lat' dir='ltr'>erat.</span> <span class='ocrx_word' id='word_1_176' title='bbox 1065 1415 1119 1465; x_wconf 92' lang='lat' dir='ltr'>Is,</span> <span class='ocrx_word' id='word_1_177' title='bbox 1154 1417 1375 1458; x_wconf 87' lang='lat' dir='ltr'>confestim</span> <span class='ocrx_word' id='word_1_178' title='bbox 1407 1434 1509 1460; x_wconf 90' lang='lat' dir='ltr'>con—</span> 
     </span>
     <span class='ocr_line' id='line_1_23' title="bbox 111 1473 1507 1532; baseline 0.002 -18"><span class='ocrx_word' id='word_1_179' title='bbox 111 1481 258 1514; x_wconf 87' lang='lat' dir='ltr'>vocato</span> <span class='ocrx_word' id='word_1_180' title='bbox 298 1482 459 1523; x_wconf 90' lang='lat' dir='ltr'>senatu,</span> <span class='ocrx_word' id='word_1_181' title='bbox 501 1482 627 1529; x_wconf 91' lang='lat' dir='ltr'>atque</span> <span class='ocrx_word' id='word_1_182' title='bbox 675 1473 926 1514; x_wconf 89' lang='lat' dir='ltr'>introductis</span> <span class='ocrx_word' id='word_1_183' title='bbox 973 1473 1145 1523; x_wconf 88' lang='lat' dir='ltr'>nuntiis,</span> <span class='ocrx_word' id='word_1_184' title='bbox 1188 1489 1340 1531; x_wconf 80' lang='lat' dir='ltr'>magno</span> <span class='ocrx_word' id='word_1_185' title='bbox 1381 1491 1507 1532; x_wconf 88' lang='lat' dir='ltr'>opere</span> 
     </span>
     <span class='ocr_line' id='line_1_24' title="bbox 110 1530 1507 1588; baseline 0.002 -17"><span class='ocrx_word' id='word_1_186' title='bbox 110 1540 267 1580; x_wconf 85' lang='lat' dir='ltr'>censet,</span> <span class='ocrx_word' id='word_1_187' title='bbox 306 1530 399 1571; x_wconf 89' lang='lat' dir='ltr'>‘Ne</span> <span class='ocrx_word' id='word_1_188' title='bbox 434 1539 694 1587; x_wconf 87' lang='lat' dir='ltr'>exspectent,</span> <span class='ocrx_word' id='word_1_189' title='bbox 729 1530 831 1571; x_wconf 91' lang='lat' dir='ltr'>dum</span> <span class='ocrx_word' id='word_1_190' title='bbox 864 1531 915 1571; x_wconf 90' lang='lat' dir='ltr'>ab</span> <span class='ocrx_word' id='word_1_191' title='bbox 953 1530 1093 1572; x_wconf 90' lang='lat' dir='ltr'>Roma</span> <span class='ocrx_word' id='word_1_192' title='bbox 1127 1531 1266 1588; x_wconf 85' lang='lat' dir='ltr'>legati,</span> <span class='ocrx_word' id='word_1_193' title='bbox 1302 1533 1507 1575; x_wconf 84' lang='lat' dir='ltr'>auxilium</span> 
     </span>
     <span class='ocr_line' id='line_1_25' title="bbox 111 1587 1507 1646; baseline 0.003 -18"><span class='ocrx_word' id='word_1_194' title='bbox 111 1592 340 1643; x_wconf 87' lang='lat' dir='ltr'>‘petentes,</span> <span class='ocrx_word' id='word_1_195' title='bbox 377 1588 571 1629; x_wconf 82' lang='lat' dir='ltr'>veniant:</span> <span class='ocrx_word' id='word_1_196' title='bbox 625 1587 859 1644; x_wconf 90' lang='lat' dir='ltr'>periculum</span> <span class='ocrx_word' id='word_1_197' title='bbox 899 1588 1049 1644; x_wconf 91' lang='lat' dir='ltr'>ipsum,</span> <span class='ocrx_word' id='word_1_198' title='bbox 1091 1588 1416 1646; x_wconf 89' lang='lat' dir='ltr'>discrimenque,</span> <span class='ocrx_word' id='word_1_199' title='bbox 1458 1606 1507 1632; x_wconf 90' lang='lat' dir='ltr'>ac</span> 
     </span>
    </p>

    <p class='ocr_par' dir='ltr' id='par_1_5' title="bbox 73 1644 1696 2448">
     <span class='ocr_line' id='line_1_26' title="bbox 78 1644 1506 1702; baseline 0.003 -16"><span class='ocrx_word' id='word_1_200' title='bbox 78 1659 97 1691; x_wconf 82' lang='lat'><strong>3</strong></span> <span class='ocrx_word' id='word_1_201' title='bbox 112 1645 308 1686; x_wconf 87' lang='lat' dir='ltr'>‘sociales</span> <span class='ocrx_word' id='word_1_202' title='bbox 328 1644 441 1695; x_wconf 86' lang='lat' dir='ltr'>deos,</span> <span class='ocrx_word' id='word_1_203' title='bbox 464 1645 678 1702; x_wconf 87' lang='lat' dir='ltr'>fidemque</span> <span class='ocrx_word' id='word_1_204' title='bbox 695 1645 914 1686; x_wconf 88' lang='lat' dir='ltr'>foederum</span> <span class='ocrx_word' id='word_1_205' title='bbox 930 1645 974 1686; x_wconf 92' lang='lat' dir='ltr'>id</span> <span class='ocrx_word' id='word_1_206' title='bbox 996 1661 1179 1702; x_wconf 88' lang='lat' dir='ltr'>poscere.</span> <span class='ocrx_word' id='word_1_207' title='bbox 1243 1647 1506 1690; x_wconf 90' lang='lat' dir='ltr'>Demerendi</span> 
     </span>
     <span class='ocr_line' id='line_1_27' title="bbox 111 1702 1505 1760; baseline 0.003 -17"><span class='ocrx_word' id='word_1_208' title='bbox 111 1702 341 1745; x_wconf 85' lang='lat' dir='ltr'>‘beneficio</span> <span class='ocrx_word' id='word_1_209' title='bbox 366 1712 449 1744; x_wconf 90' lang='lat' dir='ltr'>tam</span> <span class='ocrx_word' id='word_1_210' title='bbox 472 1712 701 1759; x_wconf 88' lang='lat' dir='ltr'>potentem,</span> <span class='ocrx_word' id='word_1_211' title='bbox 725 1711 810 1744; x_wconf 86' lang='lat' dir='ltr'>tam</span> <span class='ocrx_word' id='word_1_212' title='bbox 835 1703 1117 1760; x_wconf 90' lang='lat' dir='ltr'>propinquam</span> <span class='ocrx_word' id='word_1_213' title='bbox 1145 1705 1371 1755; x_wconf 85' lang='lat' dir='ltr'>civitatem,</span> <span class='ocrx_word' id='word_1_214' title='bbox 1394 1721 1505 1747; x_wconf 91' lang='lat' dir='ltr'>nun-</span> 
     </span>
     <span class='ocr_line' id='line_1_28' title="bbox 109 1761 1695 1825; baseline 0.003 -24"><span class='ocrx_word' id='word_1_215' title='bbox 109 1764 261 1825; x_wconf 81' lang='lat' dir='ltr'>‘quam</span> <span class='ocrx_word' id='word_1_216' title='bbox 281 1775 424 1817; x_wconf 90' lang='lat' dir='ltr'>parem</span> <span class='ocrx_word' id='word_1_217' title='bbox 446 1761 707 1802; x_wconf 87' lang='lat' dir='ltr'>occasionem</span> <span class='ocrx_word' id='word_1_218' title='bbox 729 1761 900 1802; x_wconf 86' lang='lat' dir='ltr'>daturos</span> <span class='ocrx_word' id='word_1_219' title='bbox 928 1761 1055 1802; x_wconf 53' lang='lat' dir='ltr'>deos?</span> <span class='ocrx_word' id='word_1_220' title='bbox 1115 1761 1261 1804; x_wconf 89' lang='lat' dir='ltr'>Placet</span> <span class='ocrx_word' id='word_1_221' title='bbox 1281 1763 1379 1804; x_wconf 87' lang='lat' dir='ltr'>ferri</span> <span class='ocrx_word' id='word_1_222' title='bbox 1400 1779 1504 1805; x_wconf 86' lang='lat' dir='ltr'>aux-</span> <span class='ocrx_word' id='word_1_223' title='bbox 1517 1775 1695 1807; x_wconf 81' lang='lat' dir='ltr'>Tusculani</span> 
     </span>
     <span class='ocr_line' id='line_1_29' title="bbox 107 1816 1676 1878; baseline 0.004 -19"><span class='ocrx_word' id='word_1_224' title='bbox 107 1816 246 1859; x_wconf 84' lang='lat' dir='ltr'>ilmm:</span> <span class='ocrx_word' id='word_1_225' title='bbox 279 1818 476 1860; x_wconf 81' lang='lat' dir='ltr'>iuventus</span> <span class='ocrx_word' id='word_1_226' title='bbox 493 1819 789 1867; x_wconf 82' lang='lat' dir='ltr'>conscribitur3</span> <span class='ocrx_word' id='word_1_227' title='bbox 822 1833 937 1859; x_wconf 88' lang='lat' dir='ltr'>arma</span> <span class='ocrx_word' id='word_1_228' title='bbox 952 1818 1116 1860; x_wconf 84' lang='lat' dir='ltr'>dantur.</span> <span class='ocrx_word' id='word_1_229' title='bbox 1172 1820 1353 1861; x_wconf 87' lang='lat' dir='ltr'>Romam</span> <span class='ocrx_word' id='word_1_230' title='bbox 1370 1822 1505 1878; x_wconf 88' lang='lat' dir='ltr'>prima</span> <span class='ocrx_word' id='word_1_231' title='bbox 1519 1818 1676 1876; x_wconf 58' lang='lat' dir='ltr'>R⁰J3¹5³¹¹i⁸</span> 
     </span>
     <span class='ocr_line' id='line_1_30' title="bbox 107 1861 1674 1936; baseline 0.004 -21"><span class='ocrx_word' id='word_1_232' title='bbox 107 1873 200 1916; x_wconf 90' lang='lat' dir='ltr'>luce</span> <span class='ocrx_word' id='word_1_233' title='bbox 221 1876 452 1926; x_wconf 85' lang='lat' dir='ltr'>venientes,</span> <span class='ocrx_word' id='word_1_234' title='bbox 476 1876 619 1932; x_wconf 90' lang='lat' dir='ltr'>procul</span> <span class='ocrx_word' id='word_1_235' title='bbox 643 1877 824 1933; x_wconf 88' lang='lat' dir='ltr'>speciem</span> <span class='ocrx_word' id='word_1_236' title='bbox 846 1876 1031 1918; x_wconf 88' lang='lat' dir='ltr'>hostium</span> <span class='ocrx_word' id='word_1_237' title='bbox 1052 1878 1295 1934; x_wconf 85' lang='lat' dir='ltr'>praebuere.</span> <span class='ocrx_word' id='word_1_238' title='bbox 1359 1880 1503 1936; x_wconf 90' lang='lat' dir='ltr'>Aequi</span> <span class='ocrx_word' id='word_1_239' title='bbox 1515 1861 1674 1935; x_wconf 35' lang='lat' dir='ltr'>&amp;mptum</span> 
     </span>
     <span class='ocr_line' id='line_1_31' title="bbox 107 1933 1504 1984; baseline 0.004 -10"><span class='ocrx_word' id='word_1_240' title='bbox 107 1937 181 1974; x_wconf 78' lang='lat' dir='ltr'>aut</span> <span class='ocrx_word' id='word_1_241' title='bbox 221 1933 366 1975; x_wconf 90' lang='lat' dir='ltr'>Volsci</span> <span class='ocrx_word' id='word_1_242' title='bbox 406 1934 548 1975; x_wconf 90' lang='lat' dir='ltr'>venire</span> <span class='ocrx_word' id='word_1_243' title='bbox 584 1934 661 1974; x_wconf 89' lang='lat' dir='ltr'>visi</span> <span class='ocrx_word' id='word_1_244' title='bbox 697 1943 805 1975; x_wconf 90' lang='lat' dir='ltr'>sunt.</span> <span class='ocrx_word' id='word_1_245' title='bbox 869 1934 1054 1984; x_wconf 87' lang='lat' dir='ltr'>Deinde,</span> <span class='ocrx_word' id='word_1_246' title='bbox 1091 1935 1162 1976; x_wconf 90' lang='lat' dir='ltr'>ubi</span> <span class='ocrx_word' id='word_1_247' title='bbox 1202 1951 1334 1978; x_wconf 81' lang='lat' dir='ltr'>vanus</span> <span class='ocrx_word' id='word_1_248' title='bbox 1371 1945 1504 1979; x_wconf 88' lang='lat' dir='ltr'>terror</span> 
     </span>
     <span class='ocr_line' id='line_1_32' title="bbox 107 1989 1500 2047; baseline 0.003 -16"><span class='ocrx_word' id='word_1_249' title='bbox 107 1989 220 2040; x_wconf 83' lang='lat' dir='ltr'>abiit,</span> <span class='ocrx_word' id='word_1_250' title='bbox 244 1991 405 2047; x_wconf 88' lang='lat' dir='ltr'>accepti</span> <span class='ocrx_word' id='word_1_251' title='bbox 426 1991 470 2031; x_wconf 91' lang='lat' dir='ltr'>in</span> <span class='ocrx_word' id='word_1_252' title='bbox 491 1992 652 2040; x_wconf 88' lang='lat' dir='ltr'>urbem,</span> <span class='ocrx_word' id='word_1_253' title='bbox 674 1991 840 2047; x_wconf 82' lang='lat' dir='ltr'>agmine</span> <span class='ocrx_word' id='word_1_254' title='bbox 870 1991 913 2031; x_wconf 86' lang='lat' dir='ltr'>in</span> <span class='ocrx_word' id='word_1_255' title='bbox 935 1992 1071 2032; x_wconf 86' lang='lat' dir='ltr'>forum</span> <span class='ocrx_word' id='word_1_256' title='bbox 1094 1992 1371 2035; x_wconf 83' lang='lat' dir='ltr'>descendunt.</span> <span class='ocrx_word' id='word_1_257' title='bbox 1435 1995 1500 2037; x_wconf 91' lang='lat' dir='ltr'>Ibi</span> 
     </span>
     <span class='ocr_line' id='line_1_33' title="bbox 105 2046 1501 2106; baseline 0.004 -19"><span class='ocrx_word' id='word_1_258' title='bbox 105 2046 188 2088; x_wconf 84' lang='lat' dir='ltr'>iam</span> <span class='ocrx_word' id='word_1_259' title='bbox 215 2047 262 2089; x_wconf 89' lang='lat' dir='ltr'>P.</span> <span class='ocrx_word' id='word_1_260' title='bbox 288 2047 494 2097; x_wconf 83' lang='lat' dir='ltr'>Valerius,</span> <span class='ocrx_word' id='word_1_261' title='bbox 517 2048 661 2089; x_wconf 88' lang='lat' dir='ltr'>relicto</span> <span class='ocrx_word' id='word_1_262' title='bbox 683 2048 737 2088; x_wconf 89' lang='lat' dir='ltr'>ad</span> <span class='ocrx_word' id='word_1_263' title='bbox 763 2056 976 2104; x_wconf 86' lang='lat' dir='ltr'>portarum</span> <span class='ocrx_word' id='word_1_264' title='bbox 1007 2049 1215 2105; x_wconf 87' lang='lat' dir='ltr'>praesidia</span> <span class='ocrx_word' id='word_1_265' title='bbox 1241 2050 1413 2106; x_wconf 85' lang='lat' dir='ltr'>collega,</span> <span class='ocrx_word' id='word_1_266' title='bbox 1436 2052 1501 2092; x_wconf 87' lang='lat' dir='ltr'>in-</span> 
     </span>
     <span class='ocr_line' id='line_1_34' title="bbox 105 2105 1502 2156; baseline 0.004 -12"><span class='ocrx_word' id='word_1_267' title='bbox 105 2105 291 2146; x_wconf 85' lang='lat' dir='ltr'>struebat</span> <span class='ocrx_word' id='word_1_268' title='bbox 313 2105 457 2146; x_wconf 86' lang='lat' dir='ltr'>aciem.</span> <span class='ocrx_word' id='word_1_269' title='bbox 522 2105 765 2146; x_wconf 85' lang='lat' dir='ltr'>Auctoritas</span> <span class='ocrx_word' id='word_1_270' title='bbox 786 2105 862 2145; x_wconf 84' lang='lat' dir='ltr'>viri</span> <span class='ocrx_word' id='word_1_271' title='bbox 885 2115 1082 2155; x_wconf 84' lang='lat' dir='ltr'>moverat,</span> <span class='ocrx_word' id='word_1_272' title='bbox 1106 2106 1362 2156; x_wconf 81' lang='lat' dir='ltr'>affirmantis,</span> <span class='ocrx_word' id='word_1_273' title='bbox 1388 2113 1399 2131; x_wconf 77' lang='lat'><strong><em>⁶</em></strong></span> <span class='ocrx_word' id='word_1_274' title='bbox 1418 2107 1502 2150; x_wconf 89' lang='lat' dir='ltr'>Ca-</span> 
     </span>
     <span class='ocr_line' id='line_1_35' title="bbox 73 2161 1500 2218; baseline 0.004 -17"><span class='ocrx_word' id='word_1_275' title='bbox 73 2161 279 2217; x_wconf 81' lang='lat' dir='ltr'>4‘pitolio</span> <span class='ocrx_word' id='word_1_276' title='bbox 309 2172 566 2218; x_wconf 87' lang='lat' dir='ltr'>recuperato,</span> <span class='ocrx_word' id='word_1_277' title='bbox 599 2172 642 2203; x_wconf 88' lang='lat' dir='ltr'>ct</span> <span class='ocrx_word' id='word_1_278' title='bbox 673 2163 774 2204; x_wconf 87' lang='lat' dir='ltr'>urbe</span> <span class='ocrx_word' id='word_1_279' title='bbox 806 2172 964 2218; x_wconf 83' lang='lat' dir='ltr'>pacata,</span> <span class='ocrx_word' id='word_1_280' title='bbox 996 2163 1030 2203; x_wconf 86' lang='lat' dir='ltr'>si</span> <span class='ocrx_word' id='word_1_281' title='bbox 1063 2163 1229 2204; x_wconf 83' lang='lat' dir='ltr'>edoceri</span> <span class='ocrx_word' id='word_1_282' title='bbox 1261 2179 1304 2205; x_wconf 88' lang='lat' dir='ltr'>sc</span> <span class='ocrx_word' id='word_1_283' title='bbox 1337 2165 1500 2216; x_wconf 88' lang='lat' dir='ltr'>sissent,</span> 
     </span>
     <span class='ocr_line' id='line_1_36' title="bbox 107 2218 1500 2275; baseline 0.003 -16"><span class='ocrx_word' id='word_1_284' title='bbox 107 2224 118 2243; x_wconf 89' lang='lat'><strong>‘</strong></span> <span class='ocrx_word' id='word_1_285' title='bbox 133 2234 240 2275; x_wconf 85' lang='lat' dir='ltr'>quac</span> <span class='ocrx_word' id='word_1_286' title='bbox 261 2218 376 2260; x_wconf 86' lang='lat' dir='ltr'>fraus</span> <span class='ocrx_word' id='word_1_287' title='bbox 397 2220 448 2260; x_wconf 87' lang='lat' dir='ltr'>ab</span> <span class='ocrx_word' id='word_1_288' title='bbox 478 2220 655 2260; x_wconf 88' lang='lat' dir='ltr'>tribunis</span> <span class='ocrx_word' id='word_1_289' title='bbox 677 2219 842 2260; x_wconf 88' lang='lat' dir='ltr'>occulta</span> <span class='ocrx_word' id='word_1_290' title='bbox 863 2219 906 2259; x_wconf 84' lang='lat' dir='ltr'>iu</span> <span class='ocrx_word' id='word_1_291' title='bbox 935 2219 1027 2275; x_wconf 82' lang='lat' dir='ltr'>lege</span> <span class='ocrx_word' id='word_1_292' title='bbox 1056 2221 1246 2271; x_wconf 86' lang='lat' dir='ltr'>ferretur,</span> <span class='ocrx_word' id='word_1_293' title='bbox 1271 2237 1500 2264; x_wconf 88' lang='lat' dir='ltr'>memorem</span> 
     </span>
     <span class='ocr_line' id='line_1_37' title="bbox 107 2277 1499 2336; baseline 0.004 -20"><span class='ocrx_word' id='word_1_294' title='bbox 107 2281 174 2318; x_wconf 87' lang='lat' dir='ltr'>‘se</span> <span class='ocrx_word' id='word_1_295' title='bbox 204 2277 408 2318; x_wconf 86' lang='lat' dir='ltr'>maiorum</span> <span class='ocrx_word' id='word_1_296' title='bbox 437 2292 620 2326; x_wconf 89' lang='lat' dir='ltr'>suorum,</span> <span class='ocrx_word' id='word_1_297' title='bbox 651 2292 879 2318; x_wconf 86' lang='lat' dir='ltr'>memorem</span> <span class='ocrx_word' id='word_1_298' title='bbox 908 2278 1183 2333; x_wconf 74' lang='lat' dir='ltr'>cognominis,</span> <span class='ocrx_word' id='word_1_299' title='bbox 1214 2279 1329 2334; x_wconf 87' lang='lat' dir='ltr'>quod</span> <span class='ocrx_word' id='word_1_300' title='bbox 1354 2280 1499 2336; x_wconf 89' lang='lat' dir='ltr'>populi</span> 
     </span>
     <span class='ocr_line' id='line_1_38' title="bbox 106 2333 1502 2388; baseline 0.003 -14"><span class='ocrx_word' id='word_1_301' title='bbox 106 2333 298 2375; x_wconf 85' lang='lat' dir='ltr'>‘colendi</span> <span class='ocrx_word' id='word_1_302' title='bbox 339 2333 453 2375; x_wconf 86' lang='lat' dir='ltr'>velut</span> <span class='ocrx_word' id='word_1_303' title='bbox 495 2334 745 2376; x_wconf 86' lang='lat' dir='ltr'>hereditaria</span> <span class='ocrx_word' id='word_1_304' title='bbox 780 2349 880 2388; x_wconf 82' lang='lat' dir='ltr'>cura</span> <span class='ocrx_word' id='word_1_305' title='bbox 914 2335 992 2375; x_wconf 84' lang='lat' dir='ltr'>sibi</span> <span class='ocrx_word' id='word_1_306' title='bbox 1033 2351 1057 2376; x_wconf 88' lang='lat' dir='ltr'>a</span> <span class='ocrx_word' id='word_1_307' title='bbox 1092 2336 1316 2378; x_wconf 85' lang='lat' dir='ltr'>maioribus</span> <span class='ocrx_word' id='word_1_308' title='bbox 1350 2338 1502 2379; x_wconf 89' lang='lat' dir='ltr'>tradita</span> 
     </span>
     <span class='ocr_line' id='line_1_39' title="bbox 107 2392 1696 2448; baseline 0.003 -16"><span class='ocrx_word' id='word_1_309' title='bbox 107 2396 251 2441; x_wconf 82' lang='lat' dir='ltr'>‘esset,</span> <span class='ocrx_word' id='word_1_310' title='bbox 273 2392 496 2433; x_wconf 86' lang='lat' dir='ltr'>concilium</span> <span class='ocrx_word' id='word_1_311' title='bbox 527 2392 659 2448; x_wconf 85' lang='lat' dir='ltr'>plebis</span> <span class='ocrx_word' id='word_1_312' title='bbox 688 2407 773 2435; x_wconf 72' lang='lat' dir='ltr'>non</span> <span class='ocrx_word' id='word_1_313' title='bbox 801 2392 1129 2448; x_wconf 85' lang='lat' dir='ltr'>impediturum.’</span> <span class='ocrx_word' id='word_1_314' title='bbox 1192 2393 1320 2435; x_wconf 84' lang='lat' dir='ltr'>Hunc</span> <span class='ocrx_word' id='word_1_315' title='bbox 1347 2394 1499 2436; x_wconf 83' lang='lat' dir='ltr'>ducem</span> <span class='ocrx_word' id='word_1_316' title='bbox 1516 2402 1628 2441; x_wconf 77' lang='lat' dir='ltr'>Pugna</span> <span class='ocrx_word' id='word_1_317' title='bbox 1643 2403 1696 2433; x_wconf 84' lang='lat' dir='ltr'>nd-</span> 
     </span>
    </p>
   </div>
   <div class='ocr_carea' id='block_1_3' title="bbox 104 2445 1705 2967">
    <p class='ocr_par' dir='ltr' id='par_1_6' title="bbox 105 2445 1705 2518">
     <span class='ocr_line' id='line_1_40' title="bbox 105 2445 1705 2518; baseline 0.003 -29"><span class='ocrx_word' id='word_1_318' title='bbox 105 2449 251 2499; x_wconf 82' lang='lat' dir='ltr'>sccuti,</span> <span class='ocrx_word' id='word_1_319' title='bbox 275 2450 558 2506; x_wconf 86' lang='lat' dir='ltr'>nequicquam</span> <span class='ocrx_word' id='word_1_320' title='bbox 574 2449 896 2491; x_wconf 78' lang='lat' dir='ltr'>reclamantibus</span> <span class='ocrx_word' id='word_1_321' title='bbox 918 2450 1108 2500; x_wconf 82' lang='lat' dir='ltr'>tribunis,</span> <span class='ocrx_word' id='word_1_322' title='bbox 1132 2451 1174 2491; x_wconf 81' lang='lat' dir='ltr'>in</span> <span class='ocrx_word' id='word_1_323' title='bbox 1192 2451 1346 2492; x_wconf 84' lang='lat' dir='ltr'>clivum</span> <span class='ocrx_word' id='word_1_324' title='bbox 1371 2452 1501 2508; x_wconf 84' lang='lat' dir='ltr'>Capi·</span> <span class='ocrx_word' id='word_1_325' title='bbox 1513 2445 1705 2518; x_wconf 49' lang='lat' dir='ltr'>Jssffiffifst‘</span> 
     </span>
    </p>

    <p class='ocr_par' dir='ltr' id='par_1_7' title="bbox 104 2546 1502 2590">
     <span class='ocr_line' id='line_1_41' title="bbox 104 2546 1502 2590; baseline 0.005 -15"><span class='ocrx_word' id='word_1_326' title='bbox 104 2546 214 2584; x_wconf 75' lang='lat' dir='ltr'>litum]</span> <span class='ocrx_word' id='word_1_327' title='bbox 243 2546 390 2576; x_wconf 72' lang='lat' dir='ltr'>oblitum</span> <span class='ocrx_word' id='word_1_328' title='bbox 415 2547 490 2586; x_wconf 81' lang='lat' dir='ltr'>quid</span> <span class='ocrx_word' id='word_1_329' title='bbox 515 2551 597 2577; x_wconf 68' lang='lat' dir='ltr'>esset</span> <span class='ocrx_word' id='word_1_330' title='bbox 614 2547 780 2576; x_wconf 73' lang='lat' dir='ltr'>consulare</span> <span class='ocrx_word' id='word_1_331' title='bbox 826 2547 932 2577; x_wconf 79' lang='lat' dir='ltr'>miliae</span> <span class='ocrx_word' id='word_1_332' title='bbox 957 2546 1025 2576; x_wconf 68' lang='lat' dir='ltr'>eius</span> <span class='ocrx_word' id='word_1_333' title='bbox 1049 2548 1207 2586; x_wconf 74' lang='lat' dir='ltr'>appellnt,</span> <span class='ocrx_word' id='word_1_334' title='bbox 1230 2548 1312 2578; x_wconf 73' lang='lat' dir='ltr'>sicut</span> <span class='ocrx_word' id='word_1_335' title='bbox 1340 2560 1409 2588; x_wconf 75' lang='lat' dir='ltr'>cap.</span> <span class='ocrx_word' id='word_1_336' title='bbox 1434 2560 1502 2590; x_wconf 79' lang='lat' dir='ltr'>seq.</span> 
     </span>
    </p>

    <p class='ocr_par' dir='ltr' id='par_1_8' title="bbox 105 2587 1300 2627">
     <span class='ocr_line' id='line_1_42' title="bbox 105 2587 1300 2627; baseline 0.003 -9"><span class='ocrx_word' id='word_1_337' title='bbox 105 2587 290 2627; x_wconf 80' lang='lat' dir='ltr'>imperium,</span> <span class='ocrx_word' id='word_1_338' title='bbox 313 2590 429 2627; x_wconf 70' lang='lat' dir='ltr'>quibua</span> <span class='ocrx_word' id='word_1_339' title='bbox 456 2589 611 2619; x_wconf 65' lang='lat' dir='ltr'>limitibus</span> <span class='ocrx_word' id='word_1_340' title='bbox 638 2588 778 2618; x_wconf 72' lang='lat' dir='ltr'>contine-</span> <span class='ocrx_word' id='word_1_341' title='bbox 825 2590 978 2618; x_wconf 74' lang='lat' dir='ltr'>maiurum</span> <span class='ocrx_word' id='word_1_342' title='bbox 994 2601 1134 2620; x_wconf 68' lang='lat' dir='ltr'>suorum.</span> <span class='ocrx_word' id='word_1_343' title='bbox 1159 2592 1300 2621; x_wconf 68' lang='lat' dir='ltr'>smum.</span> 
     </span>
    </p>

    <p class='ocr_par' dir='ltr' id='par_1_9' title="bbox 105 2631 1500 2670">
     <span class='ocr_line' id='line_1_43' title="bbox 105 2631 1500 2670; baseline 0.004 -10"><span class='ocrx_word' id='word_1_344' title='bbox 105 2635 215 2666; x_wconf 71' lang='lat' dir='ltr'>rotun-3</span> <span class='ocrx_word' id='word_1_345' title='bbox 238 2635 268 2660; x_wconf 85' lang='lat' dir='ltr'>ct</span> <span class='ocrx_word' id='word_1_346' title='bbox 285 2631 397 2661; x_wconf 75' lang='lat' dir='ltr'>endem</span> <span class='ocrx_word' id='word_1_347' title='bbox 417 2637 564 2670; x_wconf 76' lang='lat' dir='ltr'>agentem</span> <span class='ocrx_word' id='word_1_348' title='bbox 583 2632 690 2666; x_wconf 73' lang='lat' dir='ltr'>modo,</span> <span class='ocrx_word' id='word_1_349' title='bbox 706 2642 780 2670; x_wconf 80' lang='lat' dir='ltr'>quo,</span> <span class='ocrx_word' id='word_1_350' title='bbox 870 2641 886 2670; x_wconf 83' lang='lat'>3</span> <span class='ocrx_word' id='word_1_351' title='bbox 909 2633 1047 2661; x_wconf 58' lang='lat' dir='ltr'>Sor-iales</span> <span class='ocrx_word' id='word_1_352' title='bbox 1073 2634 1160 2669; x_wconf 64' lang='lat' dir='ltr'>fleus!</span> <span class='ocrx_word' id='word_1_353' title='bbox 1197 2633 1284 2662; x_wconf 69' lang='lat' dir='ltr'>Dens</span> <span class='ocrx_word' id='word_1_354' title='bbox 1307 2634 1442 2665; x_wconf 78' lang='lat' dir='ltr'>arbitros</span> <span class='ocrx_word' id='word_1_355' title='bbox 1467 2640 1500 2666; x_wconf 78' lang='lat' dir='ltr'>et</span> 
     </span>
    </p>

    <p class='ocr_par' dir='ltr' id='par_1_10' title="bbox 105 2672 1500 2713">
     <span class='ocr_line' id='line_1_44' title="bbox 105 2672 1500 2713; baseline 0.004 -10"><span class='ocrx_word' id='word_1_356' title='bbox 105 2672 130 2703; x_wconf 72' lang='lat' dir='ltr'>ni</span> <span class='ocrx_word' id='word_1_357' title='bbox 158 2673 267 2703; x_wconf 72' lang='lat' dir='ltr'>consul</span> <span class='ocrx_word' id='word_1_358' title='bbox 297 2672 422 2703; x_wconf 66' lang='lat' dir='ltr'>infinita</span> <span class='ocrx_word' id='word_1_359' title='bbox 446 2678 527 2703; x_wconf 58' lang='lat' dir='ltr'>cau-et</span> <span class='ocrx_word' id='word_1_360' title='bbox 556 2678 725 2713; x_wconf 68' lang='lat' dir='ltr'>potestate,</span> <span class='ocrx_word' id='word_1_361' title='bbox 749 2678 780 2703; x_wconf 80' lang='lat' dir='ltr'>et</span> <span class='ocrx_word' id='word_1_362' title='bbox 825 2675 1238 2713; x_wconf 64' lang='lat' dir='ltr'>testes1›m·2‹‚ru1nqui1·us</span> <span class='ocrx_word' id='word_1_363' title='bbox 1260 2676 1336 2706; x_wconf 72' lang='lat' dir='ltr'>socii</span> <span class='ocrx_word' id='word_1_364' title='bbox 1361 2677 1444 2708; x_wconf 79' lang='lat' dir='ltr'>inter</span> <span class='ocrx_word' id='word_1_365' title='bbox 1466 2688 1500 2709; x_wconf 71' lang='lat' dir='ltr'>se</span> 
     </span>
    </p>

    <p class='ocr_par' dir='ltr' id='par_1_11' title="bbox 105 2714 1064 2754">
     <span class='ocr_line' id='line_1_45' title="bbox 105 2714 1064 2754; baseline 0.002 -10"><span class='ocrx_word' id='word_1_366' title='bbox 105 2714 276 2754; x_wconf 81' lang='lat' dir='ltr'>imperium</span> <span class='ocrx_word' id='word_1_367' title='bbox 301 2714 369 2745; x_wconf 80' lang='lat' dir='ltr'>sinc</span> <span class='ocrx_word' id='word_1_368' title='bbox 394 2715 619 2754; x_wconf 72' lang='lat' dir='ltr'>provocatione</span> <span class='ocrx_word' id='word_1_369' title='bbox 636 2715 777 2745; x_wconf 77' lang='lat' dir='ltr'>haberet.</span> <span class='ocrx_word' id='word_1_370' title='bbox 824 2716 962 2745; x_wconf 72' lang='lat' dir='ltr'>devincti</span> <span class='ocrx_word' id='word_1_371' title='bbox 981 2722 1064 2746; x_wconf 73' lang='lat' dir='ltr'>nunt.</span> 
     </span>
    </p>

    <p class='ocr_par' dir='ltr' id='par_1_12' title="bbox 106 2757 1499 2844">
     <span class='ocr_line' id='line_1_46' title="bbox 106 2757 1499 2799; baseline 0.004 -11"><span class='ocrx_word' id='word_1_372' title='bbox 106 2757 212 2789; x_wconf 63' lang='lat' dir='ltr'>Clun‘.</span> <span class='ocrx_word' id='word_1_373' title='bbox 869 2770 885 2796; x_wconf 74' lang='lat'>4</span> <span class='ocrx_word' id='word_1_374' title='bbox 909 2760 943 2787; x_wconf 73' lang='lat' dir='ltr'>Si</span> <span class='ocrx_word' id='word_1_375' title='bbox 959 2760 1079 2789; x_wconf 69' lang='lat' dir='ltr'>edoceri</span> <span class='ocrx_word' id='word_1_376' title='bbox 1095 2770 1127 2789; x_wconf 74' lang='lat' dir='ltr'>se</span> <span class='ocrx_word' id='word_1_377' title='bbox 1143 2761 1275 2799; x_wconf 63' lang='lat' dir='ltr'>sissent]</span> <span class='ocrx_word' id='word_1_378' title='bbox 1302 2761 1334 2792; x_wconf 82' lang='lat' dir='ltr'>Si</span> <span class='ocrx_word' id='word_1_379' title='bbox 1358 2772 1392 2793; x_wconf 73' lang='lat' dir='ltr'>so</span> <span class='ocrx_word' id='word_1_380' title='bbox 1412 2762 1499 2794; x_wconf 72' lang='lat' dir='ltr'>sivis-</span> 
     </span>
     <span class='ocr_line' id='line_1_47' title="bbox 141 2799 1497 2844; baseline 0.004 -14"><span class='ocrx_word' id='word_1_381' title='bbox 141 2800 545 2839; x_wconf 60' lang='lat' dir='ltr'>2I²rincrpssamiliae1se</span> <span class='ocrx_word' id='word_1_382' title='bbox 559 2799 654 2829; x_wconf 77' lang='lat' dir='ltr'>l‘nter</span> <span class='ocrx_word' id='word_1_383' title='bbox 664 2799 732 2829; x_wconf 69' lang='lat' dir='ltr'>eius</span> <span class='ocrx_word' id='word_1_384' title='bbox 744 2800 778 2830; x_wconf 82' lang='grc' dir='ltr'>Ρ.</span> <span class='ocrx_word' id='word_1_385' title='bbox 824 2806 894 2830; x_wconf 69' lang='lat' dir='ltr'>sent</span> <span class='ocrx_word' id='word_1_386' title='bbox 911 2801 1049 2836; x_wconf 73' lang='lat' dir='ltr'>edoceri,</span> <span class='ocrx_word' id='word_1_387' title='bbox 1065 2812 1222 2840; x_wconf 71' lang='lat' dir='ltr'>quaenam</span> <span class='ocrx_word' id='word_1_388' title='bbox 1249 2803 1279 2833; x_wconf 89' lang='lat' dir='ltr'>in</span> <span class='ocrx_word' id='word_1_389' title='bbox 1306 2805 1385 2844; x_wconf 82' lang='lat' dir='ltr'>lege,</span> <span class='ocrx_word' id='word_1_390' title='bbox 1401 2816 1497 2844; x_wconf 73' lang='lat' dir='ltr'>quam</span> 
     </span>
    </p>

    <p class='ocr_par' dir='ltr' id='par_1_13' title="bbox 107 2840 1497 2884">
     <span class='ocr_line' id='line_1_48' title="bbox 107 2840 1497 2884; baseline 0.005 -12"><span class='ocrx_word' id='word_1_391' title='bbox 107 2840 259 2873; x_wconf 71' lang='lat' dir='ltr'>Valerius</span> <span class='ocrx_word' id='word_1_392' title='bbox 274 2842 454 2878; x_wconf 78' lang='lat' dir='ltr'>Publicola,</span> <span class='ocrx_word' id='word_1_393' title='bbox 462 2852 556 2881; x_wconf 84' lang='lat' dir='ltr'>quem</span> <span class='ocrx_word' id='word_1_394' title='bbox 572 2841 681 2872; x_wconf 64' lang='lat' dir='ltr'>Livius</span> <span class='ocrx_word' id='word_1_395' title='bbox 694 2841 778 2872; x_wconf 79' lang='lat' dir='ltr'>hund</span> <span class='ocrx_word' id='word_1_396' title='bbox 825 2843 967 2873; x_wconf 72' lang='lat' dir='ltr'>ferebant</span> <span class='ocrx_word' id='word_1_397' title='bbox 984 2843 1115 2882; x_wconf 78' lang='lat' dir='ltr'>tribuni,</span> <span class='ocrx_word' id='word_1_398' title='bbox 1130 2846 1257 2877; x_wconf 77' lang='lat' dir='ltr'>occulta</span> <span class='ocrx_word' id='word_1_399' title='bbox 1273 2846 1358 2878; x_wconf 79' lang='lat' dir='ltr'>smus</span> <span class='ocrx_word' id='word_1_400' title='bbox 1375 2848 1497 2884; x_wconf 76' lang='lat' dir='ltr'>lateret.</span> 
     </span>
    </p>

    <p class='ocr_par' dir='ltr' id='par_1_14' title="bbox 106 2884 930 2924">
     <span class='ocr_line' id='line_1_49' title="bbox 106 2884 930 2924; baseline -0.004 -9"><span class='ocrx_word' id='word_1_401' title='bbox 106 2884 183 2915; x_wconf 72' lang='lat' dir='ltr'>natis</span> <span class='ocrx_word' id='word_1_402' title='bbox 198 2895 321 2916; x_wconf 84' lang='lat' dir='ltr'>memor</span> <span class='ocrx_word' id='word_1_403' title='bbox 336 2889 516 2924; x_wconf 77' lang='lat' dir='ltr'>temporum</span> <span class='ocrx_word' id='word_1_404' title='bbox 535 2884 629 2914; x_wconf 64' lang='lat' dir='ltr'>huius</span> <span class='ocrx_word' id='word_1_405' title='bbox 648 2884 780 2921; x_wconf 74' lang='lat' dir='ltr'>Valerii,</span> <span class='ocrx_word' id='word_1_406' title='bbox 824 2887 930 2916; x_wconf 63' lang='lat' dir='ltr'>Cnev,</span> 
     </span>
    </p>

    <p class='ocr_par' dir='ltr' id='par_1_15' title="bbox 108 2927 778 2967">
     <span class='ocr_line' id='line_1_50' title="bbox 108 2927 778 2967; baseline -0.003 -9"><span class='ocrx_word' id='word_1_407' title='bbox 108 2935 147 2958; x_wconf 81' lang='lat' dir='ltr'>ex</span> <span class='ocrx_word' id='word_1_408' title='bbox 170 2937 227 2959; x_wconf 68' lang='lat' dir='ltr'>nun</span> <span class='ocrx_word' id='word_1_409' title='bbox 249 2931 355 2958; x_wconf 68' lang='lat' dir='ltr'>aetate</span> <span class='ocrx_word' id='word_1_410' title='bbox 381 2927 516 2963; x_wconf 63' lang='lat' dir='ltr'>locutus,</span> <span class='ocrx_word' id='word_1_411' title='bbox 530 2927 708 2967; x_wconf 73' lang='lat' dir='ltr'>principem</span> <span class='ocrx_word' id='word_1_412' title='bbox 723 2927 778 2965; x_wconf 74' lang='lat' dir='ltr'>sn·</span> 
     </span>
    </p>
   </div>
  </div>
 </body>
</html>
