<?xml version="1.0" encoding="UTF-8"?>
<!DOCTYPE html PUBLIC "-//W3C//DTD XHTML 1.0 Transitional//EN"
    "http://www.w3.org/TR/xhtml1/DTD/xhtml1-transitional.dtd">
<html xmlns="http://www.w3.org/1999/xhtml" xml:lang="en" lang="en">
 <head>
  <title>
</title>
<meta http-equiv="Content-Type" content="text/html;charset=utf-8" />
  <meta name='ocr-system' content='tesseract 3.04.00' />
  <meta name='ocr-capabilities' content='ocr_page ocr_carea ocr_par ocr_line ocrx_word'/>
</head>
<body>
  <div class='ocr_page' id='page_1' title='image "./historiarumli01livyuoft_0302.png"; bbox 0 0 1934 3211; ppageno 0'>
   <div class='ocr_carea' id='block_1_1' title="bbox 688 457 1531 513">
    <p class='ocr_par' dir='ltr' id='par_1_1' title="bbox 688 457 1531 513">
     <span class='ocr_line' id='line_1_1' title="bbox 688 457 1531 513; baseline 0.004 -3"><span class='ocrx_word' id='word_1_1' title='bbox 688 457 948 513; x_wconf 88' lang='lat' dir='ltr'>EPITO</span> <span class='ocrx_word' id='word_1_2' title='bbox 971 459 1094 512; x_wconf 84' lang='lat' dir='ltr'><em>ME</em></span> <span class='ocrx_word' id='word_1_3' title='bbox 1153 460 1401 513; x_wconf 75' lang='lat' dir='ltr'>LIBRI</span> <span class='ocrx_word' id='word_1_4' title='bbox 1464 460 1531 513; x_wconf 88' lang='lat' dir='ltr'><em>V.</em></span> 
     </span>
    </p>
   </div>
   <div class='ocr_carea' id='block_1_2' title="bbox 385 784 1805 2780">
    <p class='ocr_par' dir='ltr' id='par_1_2' title="bbox 385 784 1805 2780">
     <span class='ocr_line' id='line_1_2' title="bbox 406 784 1802 838; baseline 0 -14"><span class='ocrx_word' id='word_1_5' title='bbox 406 785 486 825; x_wconf 92' lang='lat' dir='ltr'><em>IN</em></span> <span class='ocrx_word' id='word_1_6' title='bbox 496 786 688 825; x_wconf 74' lang='lat' dir='ltr'><em>obsidione</em></span> <span class='ocrx_word' id='word_1_7' title='bbox 726 786 908 825; x_wconf 73' lang='lat' dir='ltr'><em>Veiormn</em></span> <span class='ocrx_word' id='word_1_8' title='bbox 938 784 1196 824; x_wconf 72' lang='lat' dir='ltr'><em>hibernacula</em></span> <span class='ocrx_word' id='word_1_9' title='bbox 1218 785 1407 824; x_wconf 85' lang='lat' dir='ltr'><em>militibus</em></span> <span class='ocrx_word' id='word_1_10' title='bbox 1422 786 1546 838; x_wconf 87' lang='lat' dir='ltr'><em>facta</em></span> <span class='ocrx_word' id='word_1_11' title='bbox 1567 791 1668 825; x_wconf 89' lang='lat' dir='ltr'><em>sunt.</em></span> <span class='ocrx_word' id='word_1_12' title='bbox 1730 785 1802 824; x_wconf 88' lang='lat' dir='ltr'><em>Ea</em></span> 
     </span>
     <span class='ocr_line' id='line_1_3' title="bbox 404 843 1800 896; baseline 0 -15"><span class='ocrx_word' id='word_1_13' title='bbox 404 857 465 881; x_wconf 86' lang='lat' dir='ltr'><em>res</em></span> <span class='ocrx_word' id='word_1_14' title='bbox 492 857 613 896; x_wconf 82' lang='lat' dir='ltr'><em>quum</em></span> <span class='ocrx_word' id='word_1_15' title='bbox 644 849 738 882; x_wconf 90' lang='lat' dir='ltr'><em>esset</em></span> <span class='ocrx_word' id='word_1_16' title='bbox 769 857 882 890; x_wconf 68' lang='lat' dir='ltr'><em>nova,</em></span> <span class='ocrx_word' id='word_1_17' title='bbox 906 843 1213 895; x_wconf 64' lang='lat' dir='ltr'><em>indiquationem</em></span> <span class='ocrx_word' id='word_1_18' title='bbox 1244 843 1492 881; x_wconf 85' lang='lat' dir='ltr'><em>tribunorum</em></span> <span class='ocrx_word' id='word_1_19' title='bbox 1516 843 1642 895; x_wconf 74' lang='lat' dir='ltr'><em>plebis</em></span> <span class='ocrx_word' id='word_1_20' title='bbox 1669 844 1800 890; x_wconf 87' lang='lat' dir='ltr'><em>movit,</em></span> 
     </span>
     <span class='ocr_line' id='line_1_4' title="bbox 403 900 1798 953; baseline 0.001 -16"><span class='ocrx_word' id='word_1_21' title='bbox 403 902 660 953; x_wconf 80' lang='lat' dir='ltr'><em>querentium,</em></span> <span class='ocrx_word' id='word_1_22' title='bbox 684 914 761 939; x_wconf 85' lang='lat' dir='ltr'><em>non</em></span> <span class='ocrx_word' id='word_1_23' title='bbox 786 901 881 939; x_wconf 90' lang='lat' dir='ltr'><em>dari</em></span> <span class='ocrx_word' id='word_1_24' title='bbox 903 900 1012 953; x_wconf 75' lang='lat' dir='ltr'><em>plebi</em></span> <span class='ocrx_word' id='word_1_25' title='bbox 1037 914 1106 938; x_wconf 83' lang='lat' dir='ltr'><em>nec</em></span> <span class='ocrx_word' id='word_1_26' title='bbox 1134 914 1206 952; x_wconf 78' lang='lat' dir='ltr'><em>per</em></span> <span class='ocrx_word' id='word_1_27' title='bbox 1231 900 1392 938; x_wconf 73' lang='lat' dir='ltr'><em>hiemem</em></span> <span class='ocrx_word' id='word_1_28' title='bbox 1425 900 1590 938; x_wconf 88' lang='lat' dir='ltr'><em>militiae</em></span> <span class='ocrx_word' id='word_1_29' title='bbox 1617 901 1798 953; x_wconf 76' lang='lat' dir='ltr'><em>requiem.</em></span> 
     </span>
     <span class='ocr_line' id='line_1_5' title="bbox 403 956 1802 1010; baseline 0 -15"><span class='ocrx_word' id='word_1_30' title='bbox 403 957 572 1010; x_wconf 77' lang='lat' dir='ltr'><em>Equites</em></span> <span class='ocrx_word' id='word_1_31' title='bbox 594 963 677 996; x_wconf 89' lang='lat' dir='ltr'><em>tum</em></span> <span class='ocrx_word' id='word_1_32' title='bbox 688 959 867 1010; x_wconf 76' lang='lat' dir='ltr'><em>primum</em></span> <span class='ocrx_word' id='word_1_33' title='bbox 888 959 997 1010; x_wconf 86' lang='lat' dir='ltr'><em>equis</em></span> <span class='ocrx_word' id='word_1_34' title='bbox 1017 958 1100 995; x_wconf 86' lang='lat' dir='ltr'><em>suis</em></span> <span class='ocrx_word' id='word_1_35' title='bbox 1128 971 1273 996; x_wconf 81' lang='lat' dir='ltr'><em>merere</em></span> <span class='ocrx_word' id='word_1_36' title='bbox 1295 963 1512 1010; x_wconf 76' lang='lat' dir='ltr'><em>coeperunt.</em></span> <span class='ocrx_word' id='word_1_37' title='bbox 1585 956 1720 1005; x_wconf 75' lang='lat' dir='ltr'><em>Quum</em></span> <span class='ocrx_word' id='word_1_38' title='bbox 1741 958 1802 996; x_wconf 88' lang='lat' dir='ltr'><em>in-</em></span> 
     </span>
     <span class='ocr_line' id='line_1_6' title="bbox 403 1014 1802 1068; baseline 0.001 -16"><span class='ocrx_word' id='word_1_39' title='bbox 403 1014 568 1053; x_wconf 84' lang='lat' dir='ltr'><em>undatio</em></span> <span class='ocrx_word' id='word_1_40' title='bbox 589 1029 634 1052; x_wconf 64' lang='lat' dir='ltr'><em>ex</em></span> <span class='ocrx_word' id='word_1_41' title='bbox 655 1015 746 1053; x_wconf 89' lang='lat' dir='ltr'><em>lacu</em></span> <span class='ocrx_word' id='word_1_42' title='bbox 768 1014 928 1053; x_wconf 82' lang='lat' dir='ltr'><em>Albano</em></span> <span class='ocrx_word' id='word_1_43' title='bbox 943 1015 1068 1067; x_wconf 88' lang='lat' dir='ltr'><em>facta</em></span> <span class='ocrx_word' id='word_1_44' title='bbox 1090 1020 1198 1062; x_wconf 86' lang='lat' dir='ltr'><em>esset,</em></span> <span class='ocrx_word' id='word_1_45' title='bbox 1222 1020 1343 1062; x_wconf 78' lang='lat' dir='ltr'><em>vates,</em></span> <span class='ocrx_word' id='word_1_46' title='bbox 1366 1016 1436 1068; x_wconf 84' lang='lat' dir='ltr'><em>qui</em></span> <span class='ocrx_word' id='word_1_47' title='bbox 1461 1029 1548 1053; x_wconf 88' lang='lat' dir='ltr'><em>eam</em></span> <span class='ocrx_word' id='word_1_48' title='bbox 1570 1029 1651 1053; x_wconf 88' lang='lat' dir='ltr'><em>rem</em></span> <span class='ocrx_word' id='word_1_49' title='bbox 1680 1015 1802 1053; x_wconf 84' lang='lat' dir='ltr'><em>inter-</em></span> 
     </span>
     <span class='ocr_line' id='line_1_7' title="bbox 394 1071 1802 1124; baseline 0 -14"><span class='ocrx_word' id='word_1_50' title='bbox 394 1077 640 1124; x_wconf 80' lang='lat' dir='ltr'><em>pretaretur,</em></span> <span class='ocrx_word' id='word_1_51' title='bbox 663 1072 709 1111; x_wconf 93' lang='lat' dir='ltr'><em>de</em></span> <span class='ocrx_word' id='word_1_52' title='bbox 730 1072 904 1111; x_wconf 72' lang='lat' dir='ltr'><em>hostibus</em></span> <span class='ocrx_word' id='word_1_53' title='bbox 929 1078 1070 1124; x_wconf 81' lang='lat' dir='ltr'><em>captus</em></span> <span class='ocrx_word' id='word_1_54' title='bbox 1090 1077 1156 1110; x_wconf 89' lang='lat' dir='ltr'><em>est.</em></span> <span class='ocrx_word' id='word_1_55' title='bbox 1220 1071 1375 1110; x_wconf 85' lang='lat' dir='ltr'><em>Furius</em></span> <span class='ocrx_word' id='word_1_56' title='bbox 1408 1071 1604 1112; x_wconf 73' lang='lat' dir='ltr'><em>Camillus</em></span> <span class='ocrx_word' id='word_1_57' title='bbox 1630 1071 1802 1110; x_wconf 86' lang='lat' dir='ltr'><em>dictator</em></span> 
     </span>
     <span class='ocr_line' id='line_1_8' title="bbox 401 1129 1801 1182; baseline 0 -15"><span class='ocrx_word' id='word_1_58' title='bbox 401 1129 529 1168; x_wconf 91' lang='lat' dir='ltr'><em>decem</em></span> <span class='ocrx_word' id='word_1_59' title='bbox 551 1144 675 1168; x_wconf 87' lang='lat' dir='ltr'><em>annos</em></span> <span class='ocrx_word' id='word_1_60' title='bbox 692 1130 859 1168; x_wconf 88' lang='lat' dir='ltr'><em>obsessos</em></span> <span class='ocrx_word' id='word_1_61' title='bbox 885 1129 996 1169; x_wconf 86' lang='lat' dir='ltr'><em>Veios</em></span> <span class='ocrx_word' id='word_1_62' title='bbox 1017 1130 1136 1182; x_wconf 81' lang='lat' dir='ltr'><em>cepit:</em></span> <span class='ocrx_word' id='word_1_63' title='bbox 1169 1129 1430 1168; x_wconf 74' lang='lat' dir='ltr'><em>simulacrum</em></span> <span class='ocrx_word' id='word_1_64' title='bbox 1444 1129 1611 1168; x_wconf 88' lang='lat' dir='ltr'><em>Iunonis</em></span> <span class='ocrx_word' id='word_1_65' title='bbox 1627 1129 1801 1168; x_wconf 84' lang='lat' dir='ltr'><em>Romam</em></span> 
     </span>
     <span class='ocr_line' id='line_1_9' title="bbox 401 1185 1796 1240; baseline 0 -16"><span class='ocrx_word' id='word_1_66' title='bbox 401 1187 634 1226; x_wconf 84' lang='lat' dir='ltr'><em>transtulit:</em></span> <span class='ocrx_word' id='word_1_67' title='bbox 667 1187 858 1226; x_wconf 81' lang='lat' dir='ltr'><em>decimam</em></span> <span class='ocrx_word' id='word_1_68' title='bbox 882 1193 1043 1240; x_wconf 75' lang='lat' dir='ltr'><em>partem</em></span> <span class='ocrx_word' id='word_1_69' title='bbox 1058 1186 1240 1239; x_wconf 80' lang='lat' dir='ltr'><em>praedae</em></span> <span class='ocrx_word' id='word_1_70' title='bbox 1260 1186 1441 1239; x_wconf 72' lang='lat' dir='ltr'><em>Delphos</em></span> <span class='ocrx_word' id='word_1_71' title='bbox 1471 1185 1655 1239; x_wconf 77' lang='lat' dir='ltr'><em>Apollini</em></span> <span class='ocrx_word' id='word_1_72' title='bbox 1679 1187 1796 1225; x_wconf 81' lang='lat' dir='ltr'><em>misit.</em></span> 
     </span>
     <span class='ocr_line' id='line_1_10' title="bbox 401 1243 1798 1297; baseline 0 -15"><span class='ocrx_word' id='word_1_73' title='bbox 401 1243 514 1282; x_wconf 83' lang='lat' dir='ltr'><em>Idem</em></span> <span class='ocrx_word' id='word_1_74' title='bbox 535 1244 717 1283; x_wconf 88' lang='lat' dir='ltr'><em>tribunus</em></span> <span class='ocrx_word' id='word_1_75' title='bbox 745 1244 926 1292; x_wconf 87' lang='lat' dir='ltr'><em>militum,</em></span> <span class='ocrx_word' id='word_1_76' title='bbox 949 1258 1070 1297; x_wconf 82' lang='lat' dir='ltr'><em>quum</em></span> <span class='ocrx_word' id='word_1_77' title='bbox 1098 1243 1280 1282; x_wconf 76' lang='lat' dir='ltr'><em>Faliscos</em></span> <span class='ocrx_word' id='word_1_78' title='bbox 1308 1244 1507 1291; x_wconf 75' lang='lat' dir='ltr'><em>obsideret,</em></span> <span class='ocrx_word' id='word_1_79' title='bbox 1523 1243 1704 1296; x_wconf 83' lang='lat' dir='ltr'><em>proditos</em></span> <span class='ocrx_word' id='word_1_80' title='bbox 1731 1243 1798 1282; x_wconf 74' lang='lat' dir='ltr'><em>lio-</em></span> 
     </span>
     <span class='ocr_line' id='line_1_11' title="bbox 401 1301 1798 1355; baseline 0 -16"><span class='ocrx_word' id='word_1_81' title='bbox 401 1302 520 1340; x_wconf 89' lang='lat' dir='ltr'><em>stium</em></span> <span class='ocrx_word' id='word_1_82' title='bbox 544 1301 664 1352; x_wconf 87' lang='lat' dir='ltr'><em>filios</em></span> <span class='ocrx_word' id='word_1_83' title='bbox 696 1302 932 1354; x_wconf 78' lang='lat' dir='ltr'><em>parentibus</em></span> <span class='ocrx_word' id='word_1_84' title='bbox 972 1302 1149 1340; x_wconf 80' lang='lat' dir='ltr'><em>remisit:</em></span> <span class='ocrx_word' id='word_1_85' title='bbox 1192 1303 1402 1355; x_wconf 73' lang='lat' dir='ltr'><em>statimque</em></span> <span class='ocrx_word' id='word_1_86' title='bbox 1441 1301 1633 1340; x_wconf 84' lang='lat' dir='ltr'><em>deditione</em></span> <span class='ocrx_word' id='word_1_87' title='bbox 1659 1301 1798 1353; x_wconf 82' lang='lat' dir='ltr'><em>facta,</em></span> 
     </span>
     <span class='ocr_line' id='line_1_12' title="bbox 401 1357 1800 1407; baseline -0.001 -10"><span class='ocrx_word' id='word_1_88' title='bbox 401 1358 654 1397; x_wconf 67' lang='lat' dir='ltr'><em>Faliscorum</em></span> <span class='ocrx_word' id='word_1_89' title='bbox 672 1360 877 1397; x_wconf 77' lang='lat' dir='ltr'><em>victoriam</em></span> <span class='ocrx_word' id='word_1_90' title='bbox 899 1360 1051 1397; x_wconf 82' lang='lat' dir='ltr'><em>iustitia</em></span> <span class='ocrx_word' id='word_1_91' title='bbox 1074 1365 1302 1397; x_wconf 87' lang='lat' dir='ltr'><em>consecutus</em></span> <span class='ocrx_word' id='word_1_92' title='bbox 1331 1364 1396 1397; x_wconf 89' lang='lat' dir='ltr'><em>est.</em></span> <span class='ocrx_word' id='word_1_93' title='bbox 1471 1357 1606 1407; x_wconf 75' lang='lat' dir='ltr'><em>Quum</em></span> <span class='ocrx_word' id='word_1_94' title='bbox 1633 1357 1735 1396; x_wconf 85' lang='lat' dir='ltr'><em>alter</em></span> <span class='ocrx_word' id='word_1_95' title='bbox 1755 1372 1800 1396; x_wconf 71' lang='lat' dir='ltr'><em>ea:</em></span> 
     </span>
     <span class='ocr_line' id='line_1_13' title="bbox 401 1413 1800 1463; baseline 0.001 -10"><span class='ocrx_word' id='word_1_96' title='bbox 401 1416 623 1454; x_wconf 77' lang='lat' dir='ltr'><em>censoribus</em></span> <span class='ocrx_word' id='word_1_97' title='bbox 661 1415 704 1456; x_wconf 90' lang='lat' dir='ltr'><em>C.</em></span> <span class='ocrx_word' id='word_1_98' title='bbox 729 1416 860 1455; x_wconf 82' lang='lat' dir='ltr'><em>Iulius</em></span> <span class='ocrx_word' id='word_1_99' title='bbox 890 1416 1122 1463; x_wconf 76' lang='lat' dir='ltr'><em>decessisset,</em></span> <span class='ocrx_word' id='word_1_100' title='bbox 1155 1417 1196 1455; x_wconf 88' lang='lat' dir='ltr'><em>in</em></span> <span class='ocrx_word' id='word_1_101' title='bbox 1229 1416 1355 1454; x_wconf 90' lang='lat' dir='ltr'><em>locum</em></span> <span class='ocrx_word' id='word_1_102' title='bbox 1385 1416 1468 1454; x_wconf 89' lang='lat' dir='ltr'><em>eius</em></span> <span class='ocrx_word' id='word_1_103' title='bbox 1498 1415 1562 1454; x_wconf 85' lang='lat' dir='ltr'><em>M.</em></span> <span class='ocrx_word' id='word_1_104' title='bbox 1594 1413 1800 1455; x_wconf 86' lang='lat' dir='ltr'><em>Cornelius</em></span> 
     </span>
     <span class='ocr_line' id='line_1_14' title="bbox 401 1471 1800 1526; baseline 0.001 -17"><span class='ocrx_word' id='word_1_105' title='bbox 401 1471 591 1525; x_wconf 80' lang='lat' dir='ltr'><em>suffectus</em></span> <span class='ocrx_word' id='word_1_106' title='bbox 611 1479 676 1512; x_wconf 89' lang='lat' dir='ltr'><em>cst.</em></span> <span class='ocrx_word' id='word_1_107' title='bbox 739 1472 826 1512; x_wconf 79' lang='lat' dir='ltr'><em>Nee</em></span> <span class='ocrx_word' id='word_1_108' title='bbox 847 1474 890 1511; x_wconf 85' lang='lat' dir='ltr'><em>id</em></span> <span class='ocrx_word' id='word_1_109' title='bbox 901 1479 1041 1526; x_wconf 75' lang='lat' dir='ltr'><em>postea</em></span> <span class='ocrx_word' id='word_1_110' title='bbox 1055 1474 1221 1525; x_wconf 82' lang='lat' dir='ltr'><em>factum</em></span> <span class='ocrx_word' id='word_1_111' title='bbox 1243 1480 1324 1512; x_wconf 88' lang='lat' dir='ltr'><em>est:</em></span> <span class='ocrx_word' id='word_1_112' title='bbox 1357 1474 1544 1526; x_wconf 82' lang='lat' dir='ltr'><em>quoniam</em></span> <span class='ocrx_word' id='word_1_113' title='bbox 1565 1487 1606 1511; x_wconf 90' lang='lat' dir='ltr'><em>eo</em></span> <span class='ocrx_word' id='word_1_114' title='bbox 1628 1472 1753 1511; x_wconf 87' lang='lat' dir='ltr'><em>lustro</em></span> <span class='ocrx_word' id='word_1_115' title='bbox 1773 1486 1800 1511; x_wconf 92' lang='lat' dir='ltr'><em>a</em></span> 
     </span>
     <span class='ocr_line' id='line_1_15' title="bbox 406 1528 1796 1584; baseline 0.001 -17"><span class='ocrx_word' id='word_1_116' title='bbox 406 1528 540 1568; x_wconf 84' lang='lat' dir='ltr'><em>Gallis</em></span> <span class='ocrx_word' id='word_1_117' title='bbox 562 1529 693 1568; x_wconf 84' lang='lat' dir='ltr'><em>Roma</em></span> <span class='ocrx_word' id='word_1_118' title='bbox 715 1536 834 1583; x_wconf 75' lang='lat' dir='ltr'><em>capta</em></span> <span class='ocrx_word' id='word_1_119' title='bbox 855 1537 921 1569; x_wconf 89' lang='lat' dir='ltr'><em>est.</em></span> <span class='ocrx_word' id='word_1_120' title='bbox 984 1530 1140 1569; x_wconf 86' lang='lat' dir='ltr'><em>Furius</em></span> <span class='ocrx_word' id='word_1_121' title='bbox 1168 1529 1375 1577; x_wconf 81' lang='lat' dir='ltr'><em>Camillus,</em></span> <span class='ocrx_word' id='word_1_122' title='bbox 1399 1544 1520 1584; x_wconf 82' lang='lat' dir='ltr'><em>quum</em></span> <span class='ocrx_word' id='word_1_123' title='bbox 1541 1531 1578 1568; x_wconf 89' lang='lat' dir='ltr'><em>ei</em></span> <span class='ocrx_word' id='word_1_124' title='bbox 1596 1530 1678 1568; x_wconf 88' lang='lat' dir='ltr'><em>dies</em></span> <span class='ocrx_word' id='word_1_125' title='bbox 1697 1544 1724 1568; x_wconf 87' lang='lat' dir='ltr'><em>a</em></span> <span class='ocrx_word' id='word_1_126' title='bbox 1745 1528 1796 1569; x_wconf 88' lang='lat' dir='ltr'><em>L.</em></span> 
     </span>
     <span class='ocr_line' id='line_1_16' title="bbox 401 1585 1802 1639; baseline 0.001 -15"><span class='ocrx_word' id='word_1_127' title='bbox 401 1585 601 1639; x_wconf 79' lang='lat' dir='ltr'><em>Appuleio</em></span> <span class='ocrx_word' id='word_1_128' title='bbox 623 1587 779 1625; x_wconf 86' lang='lat' dir='ltr'><em>tribuno</em></span> <span class='ocrx_word' id='word_1_129' title='bbox 793 1587 919 1639; x_wconf 75' lang='lat' dir='ltr'><em>plebis</em></span> <span class='ocrx_word' id='word_1_130' title='bbox 943 1587 1054 1625; x_wconf 88' lang='lat' dir='ltr'><em>dicta</em></span> <span class='ocrx_word' id='word_1_131' title='bbox 1083 1593 1190 1635; x_wconf 86' lang='lat' dir='ltr'><em>esset,</em></span> <span class='ocrx_word' id='word_1_132' title='bbox 1213 1589 1255 1626; x_wconf 87' lang='lat' dir='ltr'><em>in</em></span> <span class='ocrx_word' id='word_1_133' title='bbox 1283 1587 1459 1626; x_wconf 65' lang='lat' dir='ltr'><em>exsilium</em></span> <span class='ocrx_word' id='word_1_134' title='bbox 1486 1587 1594 1626; x_wconf 85' lang='lat' dir='ltr'><em>abiit.</em></span> <span class='ocrx_word' id='word_1_135' title='bbox 1666 1586 1802 1636; x_wconf 76' lang='lat' dir='ltr'><em>Quum</em></span> 
     </span>
     <span class='ocr_line' id='line_1_17' title="bbox 407 1643 1805 1697; baseline 0 -15"><span class='ocrx_word' id='word_1_136' title='bbox 407 1643 577 1682; x_wconf 78' lang='lat' dir='ltr'><em>Senones</em></span> <span class='ocrx_word' id='word_1_137' title='bbox 605 1643 721 1683; x_wconf 84' lang='lat' dir='ltr'><em>Galli</em></span> <span class='ocrx_word' id='word_1_138' title='bbox 748 1643 925 1683; x_wconf 85' lang='lat' dir='ltr'><em>Clusium</em></span> <span class='ocrx_word' id='word_1_139' title='bbox 948 1644 1177 1691; x_wconf 79' lang='lat' dir='ltr'><em>obsiderent,</em></span> <span class='ocrx_word' id='word_1_140' title='bbox 1200 1650 1238 1683; x_wconf 91' lang='lat' dir='ltr'><em>et</em></span> <span class='ocrx_word' id='word_1_141' title='bbox 1257 1645 1387 1697; x_wconf 62' lang='lat' dir='ltr'><em>legsati,</em></span> <span class='ocrx_word' id='word_1_142' title='bbox 1411 1659 1437 1682; x_wconf 93' lang='lat' dir='ltr'><em>a</em></span> <span class='ocrx_word' id='word_1_143' title='bbox 1457 1650 1597 1683; x_wconf 87' lang='lat' dir='ltr'><em>senatu</em></span> <span class='ocrx_word' id='word_1_144' title='bbox 1618 1645 1730 1682; x_wconf 87' lang='lat' dir='ltr'><em>missi</em></span> <span class='ocrx_word' id='word_1_145' title='bbox 1748 1643 1805 1682; x_wconf 89' lang='lat' dir='ltr'><em>ad</em></span> 
     </span>
     <span class='ocr_line' id='line_1_18' title="bbox 402 1700 1800 1753; baseline 0.001 -15"><span class='ocrx_word' id='word_1_146' title='bbox 402 1701 708 1753; x_wconf 78' lang='lat' dir='ltr'><em>componendam</em></span> <span class='ocrx_word' id='word_1_147' title='bbox 736 1702 838 1739; x_wconf 84' lang='lat' dir='ltr'><em>inter</em></span> <span class='ocrx_word' id='word_1_148' title='bbox 865 1715 926 1739; x_wconf 87' lang='lat' dir='ltr'><em>eos</em></span> <span class='ocrx_word' id='word_1_149' title='bbox 956 1706 994 1739; x_wconf 86' lang='lat' dir='ltr'><em>et</em></span> <span class='ocrx_word' id='word_1_150' title='bbox 1024 1700 1205 1740; x_wconf 85' lang='lat' dir='ltr'><em>Clusinos</em></span> <span class='ocrx_word' id='word_1_151' title='bbox 1229 1715 1386 1753; x_wconf 78' lang='lat' dir='ltr'><em>pacem,</em></span> <span class='ocrx_word' id='word_1_152' title='bbox 1409 1706 1637 1753; x_wconf 66' lang='lat' dir='ltr'><em>puynantes</em></span> <span class='ocrx_word' id='word_1_153' title='bbox 1662 1705 1800 1739; x_wconf 85' lang='lat' dir='ltr'><em>contra</em></span> 
     </span>
     <span class='ocr_line' id='line_1_19' title="bbox 409 1757 1801 1810; baseline -0.001 -13"><span class='ocrx_word' id='word_1_154' title='bbox 409 1757 551 1797; x_wconf 83' lang='lat' dir='ltr'><em>Gallos</em></span> <span class='ocrx_word' id='word_1_155' title='bbox 578 1759 620 1797; x_wconf 87' lang='lat' dir='ltr'><em>in</em></span> <span class='ocrx_word' id='word_1_156' title='bbox 648 1759 731 1796; x_wconf 89' lang='lat' dir='ltr'><em>acie</em></span> <span class='ocrx_word' id='word_1_157' title='bbox 760 1757 1013 1797; x_wconf 85' lang='lat' dir='ltr'><em>Clusinorum</em></span> <span class='ocrx_word' id='word_1_158' title='bbox 1040 1759 1260 1804; x_wconf 85' lang='lat' dir='ltr'><em>stetissent;</em></span> <span class='ocrx_word' id='word_1_159' title='bbox 1292 1758 1363 1796; x_wconf 81' lang='lat' dir='ltr'><em>lioc</em></span> <span class='ocrx_word' id='word_1_160' title='bbox 1377 1758 1498 1810; x_wconf 89' lang='lat' dir='ltr'><em>facto</em></span> <span class='ocrx_word' id='word_1_161' title='bbox 1518 1771 1651 1796; x_wconf 83' lang='lat' dir='ltr'><em>eorum</em></span> <span class='ocrx_word' id='word_1_162' title='bbox 1673 1759 1801 1796; x_wconf 87' lang='lat' dir='ltr'><em>conci-</em></span> 
     </span>
     <span class='ocr_line' id='line_1_20' title="bbox 402 1814 1800 1867; baseline 0 -13"><span class='ocrx_word' id='word_1_163' title='bbox 402 1816 478 1854; x_wconf 89' lang='lat' dir='ltr'><em>tati</em></span> <span class='ocrx_word' id='word_1_164' title='bbox 510 1814 680 1854; x_wconf 84' lang='lat' dir='ltr'><em>Senones</em></span> <span class='ocrx_word' id='word_1_165' title='bbox 701 1815 833 1853; x_wconf 89' lang='lat' dir='ltr'><em>urbem</em></span> <span class='ocrx_word' id='word_1_166' title='bbox 855 1815 996 1867; x_wconf 71' lang='lat' dir='ltr'><em>infesto</em></span> <span class='ocrx_word' id='word_1_167' title='bbox 1024 1816 1193 1853; x_wconf 60' lang='lat' dir='ltr'><em>exercitu</em></span> <span class='ocrx_word' id='word_1_168' title='bbox 1208 1816 1422 1867; x_wconf 78' lang='lat' dir='ltr'><em>petierunt,</em></span> <span class='ocrx_word' id='word_1_169' title='bbox 1433 1815 1623 1867; x_wconf 83' lang='lat' dir='ltr'><em>fusisque</em></span> <span class='ocrx_word' id='word_1_170' title='bbox 1650 1815 1707 1853; x_wconf 87' lang='lat' dir='ltr'><em>ad</em></span> <span class='ocrx_word' id='word_1_171' title='bbox 1724 1814 1800 1854; x_wconf 77' lang='lat' dir='ltr'><em>Al-</em></span> 
     </span>
     <span class='ocr_line' id='line_1_21' title="bbox 402 1871 1801 1925; baseline 0 -14"><span class='ocrx_word' id='word_1_172' title='bbox 402 1872 499 1911; x_wconf 86' lang='lat' dir='ltr'><em>liam</em></span> <span class='ocrx_word' id='word_1_173' title='bbox 516 1872 679 1925; x_wconf 84' lang='lat' dir='ltr'><em>flumen</em></span> <span class='ocrx_word' id='word_1_174' title='bbox 707 1872 914 1919; x_wconf 85' lang='lat' dir='ltr'><em>Romanis,</em></span> <span class='ocrx_word' id='word_1_175' title='bbox 953 1886 1084 1924; x_wconf 76' lang='lat' dir='ltr'><em>cepere</em></span> <span class='ocrx_word' id='word_1_176' title='bbox 1114 1872 1246 1910; x_wconf 85' lang='lat' dir='ltr'><em>urbem</em></span> <span class='ocrx_word' id='word_1_177' title='bbox 1270 1877 1435 1924; x_wconf 79' lang='lat' dir='ltr'><em>praeter</em></span> <span class='ocrx_word' id='word_1_178' title='bbox 1471 1871 1726 1924; x_wconf 78' lang='lat' dir='ltr'><em>Capitolium,</em></span> <span class='ocrx_word' id='word_1_179' title='bbox 1759 1873 1801 1911; x_wconf 87' lang='lat' dir='ltr'><em>in</em></span> 
     </span>
     <span class='ocr_line' id='line_1_22' title="bbox 401 1929 1801 1982; baseline 0.001 -15"><span class='ocrx_word' id='word_1_180' title='bbox 401 1930 509 1982; x_wconf 82' lang='lat' dir='ltr'><em>quod</em></span> <span class='ocrx_word' id='word_1_181' title='bbox 536 1944 575 1968; x_wconf 89' lang='lat' dir='ltr'><em>se</em></span> <span class='ocrx_word' id='word_1_182' title='bbox 610 1931 791 1968; x_wconf 77' lang='lat' dir='ltr'><em>izwentus</em></span> <span class='ocrx_word' id='word_1_183' title='bbox 822 1929 1069 1968; x_wconf 81' lang='lat' dir='ltr'><em>contulerat.-</em></span> <span class='ocrx_word' id='word_1_184' title='bbox 1111 1930 1279 1967; x_wconf 86' lang='lat' dir='ltr'><em>maiores</em></span> <span class='ocrx_word' id='word_1_185' title='bbox 1312 1935 1424 1976; x_wconf 84' lang='lat' dir='ltr'><em>natu,</em></span> <span class='ocrx_word' id='word_1_186' title='bbox 1458 1942 1547 1967; x_wconf 90' lang='lat' dir='ltr'><em>cum</em></span> <span class='ocrx_word' id='word_1_187' title='bbox 1582 1929 1801 1982; x_wconf 71' lang='lat' dir='ltr'><em>insiqnibus</em></span> 
     </span>
     <span class='ocr_line' id='line_1_23' title="bbox 402 1986 1798 2039; baseline 0 -14"><span class='ocrx_word' id='word_1_188' title='bbox 402 1987 606 2034; x_wconf 75' lang='lat' dir='ltr'><em>honorum,</em></span> <span class='ocrx_word' id='word_1_189' title='bbox 629 2001 725 2039; x_wconf 85' lang='lat' dir='ltr'><em>quos</em></span> <span class='ocrx_word' id='word_1_190' title='bbox 753 1987 916 2039; x_wconf 82' lang='lat' dir='ltr'><em>quisque</em></span> <span class='ocrx_word' id='word_1_191' title='bbox 932 1991 1123 2039; x_wconf 67' lang='lat' dir='ltr'><em>yesserat,</em></span> <span class='ocrx_word' id='word_1_192' title='bbox 1146 1987 1188 2025; x_wconf 88' lang='lat' dir='ltr'><em>in</em></span> <span class='ocrx_word' id='word_1_193' title='bbox 1214 1986 1412 2024; x_wconf 82' lang='lat' dir='ltr'><em>vestibulis</em></span> <span class='ocrx_word' id='word_1_194' title='bbox 1432 1986 1590 2024; x_wconf 84' lang='lat' dir='ltr'><em>aedium</em></span> <span class='ocrx_word' id='word_1_195' title='bbox 1614 1986 1798 2034; x_wconf 79' lang='lat' dir='ltr'><em>sedentes,</em></span> 
     </span>
     <span class='ocr_line' id='line_1_24' title="bbox 401 2042 1800 2096; baseline 0.001 -15"><span class='ocrx_word' id='word_1_196' title='bbox 401 2044 636 2082; x_wconf 86' lang='lat' dir='ltr'><em>occiderunt.</em></span> <span class='ocrx_word' id='word_1_197' title='bbox 699 2043 763 2082; x_wconf 90' lang='lat' dir='ltr'><em>Et</em></span> <span class='ocrx_word' id='word_1_198' title='bbox 788 2057 908 2096; x_wconf 80' lang='lat' dir='ltr'><em>quum</em></span> <span class='ocrx_word' id='word_1_199' title='bbox 926 2058 1004 2096; x_wconf 80' lang='lat' dir='ltr'><em>per</em></span> <span class='ocrx_word' id='word_1_200' title='bbox 1032 2057 1213 2082; x_wconf 82' lang='lat' dir='ltr'><em>aversam</em></span> <span class='ocrx_word' id='word_1_201' title='bbox 1237 2049 1398 2096; x_wconf 81' lang='lat' dir='ltr'><em>partem</em></span> <span class='ocrx_word' id='word_1_202' title='bbox 1434 2042 1624 2096; x_wconf 80' lang='lat' dir='ltr'><em>Capitolii</em></span> <span class='ocrx_word' id='word_1_203' title='bbox 1648 2044 1730 2082; x_wconf 87' lang='lat' dir='ltr'><em>iam</em></span> <span class='ocrx_word' id='word_1_204' title='bbox 1757 2045 1800 2082; x_wconf 88' lang='lat' dir='ltr'><em>in</em></span> 
     </span>
     <span class='ocr_line' id='line_1_25' title="bbox 400 2099 1802 2153; baseline 0 -14"><span class='ocrx_word' id='word_1_205' title='bbox 400 2114 597 2139; x_wconf 86' lang='lat' dir='ltr'><em>summum</em></span> <span class='ocrx_word' id='word_1_206' title='bbox 632 2102 855 2147; x_wconf 80' lang='lat' dir='ltr'><em>evasissent,</em></span> <span class='ocrx_word' id='word_1_207' title='bbox 890 2100 1046 2153; x_wconf 77' lang='lat' dir='ltr'><em>proditi</em></span> <span class='ocrx_word' id='word_1_208' title='bbox 1085 2100 1268 2153; x_wconf 68' lang='lat' dir='ltr'><em>clanyore</em></span> <span class='ocrx_word' id='word_1_209' title='bbox 1308 2114 1506 2148; x_wconf 85' lang='lat' dir='ltr'><em>anserum,</em></span> <span class='ocrx_word' id='word_1_210' title='bbox 1548 2099 1612 2139; x_wconf 78' lang='lat' dir='ltr'><em>M</em></span> <span class='ocrx_word' id='word_1_211' title='bbox 1646 2100 1802 2140; x_wconf 86' lang='lat' dir='ltr'><em>Manlii</em></span> 
     </span>
     <span class='ocr_line' id='line_1_26' title="bbox 395 2157 1800 2211; baseline 0 -15"><span class='ocrx_word' id='word_1_212' title='bbox 395 2159 614 2211; x_wconf 79' lang='lat' dir='ltr'><em>praecipue</em></span> <span class='ocrx_word' id='word_1_213' title='bbox 641 2172 761 2211; x_wconf 75' lang='lat' dir='ltr'><em>opera</em></span> <span class='ocrx_word' id='word_1_214' title='bbox 786 2158 924 2196; x_wconf 88' lang='lat' dir='ltr'><em>deiecti</em></span> <span class='ocrx_word' id='word_1_215' title='bbox 948 2163 1052 2196; x_wconf 86' lang='lat' dir='ltr'><em>sunt.</em></span> <span class='ocrx_word' id='word_1_216' title='bbox 1123 2157 1281 2197; x_wconf 89' lang='lat' dir='ltr'><em>Coactis</em></span> <span class='ocrx_word' id='word_1_217' title='bbox 1302 2158 1440 2197; x_wconf 86' lang='lat' dir='ltr'><em>deinde</em></span> <span class='ocrx_word' id='word_1_218' title='bbox 1460 2163 1629 2211; x_wconf 83' lang='lat' dir='ltr'><em>propter</em></span> <span class='ocrx_word' id='word_1_219' title='bbox 1640 2158 1800 2210; x_wconf 87' lang='lat' dir='ltr'><em>famem</em></span> 
     </span>
     <span class='ocr_line' id='line_1_27' title="bbox 401 2214 1801 2268; baseline 0 -15"><span class='ocrx_word' id='word_1_220' title='bbox 401 2215 598 2254; x_wconf 84' lang='lat' dir='ltr'><em>Romanis</em></span> <span class='ocrx_word' id='word_1_221' title='bbox 618 2215 857 2262; x_wconf 88' lang='lat' dir='ltr'><em>descendere,</em></span> <span class='ocrx_word' id='word_1_222' title='bbox 881 2220 926 2253; x_wconf 86' lang='lat' dir='ltr'><em>ut</em></span> <span class='ocrx_word' id='word_1_223' title='bbox 949 2214 1052 2253; x_wconf 88' lang='lat' dir='ltr'><em>mille</em></span> <span class='ocrx_word' id='word_1_224' title='bbox 1078 2215 1210 2267; x_wconf 80' lang='lat' dir='ltr'><em>pondo</em></span> <span class='ocrx_word' id='word_1_225' title='bbox 1231 2216 1327 2253; x_wconf 87' lang='lat' dir='ltr'><em>auri</em></span> <span class='ocrx_word' id='word_1_226' title='bbox 1345 2215 1498 2262; x_wconf 86' lang='lat' dir='ltr'><em>darent,</em></span> <span class='ocrx_word' id='word_1_227' title='bbox 1521 2220 1559 2253; x_wconf 85' lang='lat' dir='ltr'><em>et</em></span> <span class='ocrx_word' id='word_1_228' title='bbox 1583 2215 1656 2254; x_wconf 73' lang='lat' dir='ltr'><em>lzoc</em></span> <span class='ocrx_word' id='word_1_229' title='bbox 1668 2215 1801 2268; x_wconf 82' lang='lat' dir='ltr'><em>pretio</em></span> 
     </span>
     <span class='ocr_line' id='line_1_28' title="bbox 385 2271 1800 2322; baseline 0 -12"><span class='ocrx_word' id='word_1_230' title='bbox 385 2272 520 2322; x_wconf 83' lang='lat' dir='ltr'><em>finem</em></span> <span class='ocrx_word' id='word_1_231' title='bbox 550 2273 758 2311; x_wconf 85' lang='lat' dir='ltr'><em>obsidionis</em></span> <span class='ocrx_word' id='word_1_232' title='bbox 788 2277 985 2318; x_wconf 86' lang='lat' dir='ltr'><em>emerent,·</em></span> <span class='ocrx_word' id='word_1_233' title='bbox 1027 2271 1183 2310; x_wconf 85' lang='lat' dir='ltr'><em>Furius</em></span> <span class='ocrx_word' id='word_1_234' title='bbox 1222 2271 1429 2320; x_wconf 89' lang='lat' dir='ltr'><em>Camillus,</em></span> <span class='ocrx_word' id='word_1_235' title='bbox 1462 2272 1632 2310; x_wconf 85' lang='lat' dir='ltr'><em>dictator</em></span> <span class='ocrx_word' id='word_1_236' title='bbox 1662 2272 1800 2310; x_wconf 84' lang='lat' dir='ltr'><em>absens</em></span> 
     </span>
     <span class='ocr_line' id='line_1_29' title="bbox 401 2327 1800 2382; baseline 0 -16"><span class='ocrx_word' id='word_1_237' title='bbox 401 2335 571 2377; x_wconf 86' lang='lat' dir='ltr'><em>creatus,</em></span> <span class='ocrx_word' id='word_1_238' title='bbox 595 2331 697 2368; x_wconf 85' lang='lat' dir='ltr'><em>inter</em></span> <span class='ocrx_word' id='word_1_239' title='bbox 710 2328 963 2382; x_wconf 80' lang='lat' dir='ltr'><em>pendendum</em></span> <span class='ocrx_word' id='word_1_240' title='bbox 984 2342 1130 2367; x_wconf 80' lang='lat' dir='ltr'><em>aurum</em></span> <span class='ocrx_word' id='word_1_241' title='bbox 1157 2343 1245 2367; x_wconf 88' lang='lat' dir='ltr'><em>cum</em></span> <span class='ocrx_word' id='word_1_242' title='bbox 1267 2330 1437 2367; x_wconf 66' lang='lat' dir='ltr'><em>exercitu</em></span> <span class='ocrx_word' id='word_1_243' title='bbox 1458 2329 1572 2375; x_wconf 89' lang='lat' dir='ltr'><em>venit,</em></span> <span class='ocrx_word' id='word_1_244' title='bbox 1595 2333 1633 2366; x_wconf 93' lang='lat' dir='ltr'><em>et</em></span> <span class='ocrx_word' id='word_1_245' title='bbox 1658 2327 1800 2367; x_wconf 83' lang='lat' dir='ltr'><em>Gallos</em></span> 
     </span>
     <span class='ocr_line' id='line_1_30' title="bbox 394 2384 1800 2438; baseline -0.001 -13"><span class='ocrx_word' id='word_1_246' title='bbox 394 2391 489 2438; x_wconf 77' lang='lat' dir='ltr'><em>post</em></span> <span class='ocrx_word' id='word_1_247' title='bbox 513 2392 664 2425; x_wconf 72' lang='lat' dir='ltr'><em>sextum</em></span> <span class='ocrx_word' id='word_1_248' title='bbox 685 2400 850 2425; x_wconf 89' lang='lat' dir='ltr'><em>mensem</em></span> <span class='ocrx_word' id='word_1_249' title='bbox 872 2385 966 2423; x_wconf 87' lang='lat' dir='ltr'><em>urbe</em></span> <span class='ocrx_word' id='word_1_250' title='bbox 993 2385 1154 2438; x_wconf 61' lang='lat' dir='ltr'><em>expulit,</em></span> <span class='ocrx_word' id='word_1_251' title='bbox 1177 2386 1398 2438; x_wconf 83' lang='lat' dir='ltr'><em>ceciditque.</em></span> <span class='ocrx_word' id='word_1_252' title='bbox 1460 2384 1589 2423; x_wconf 83' lang='lat' dir='ltr'><em>Aedes</em></span> <span class='ocrx_word' id='word_1_253' title='bbox 1615 2384 1696 2423; x_wconf 79' lang='lat' dir='ltr'><em>Aio</em></span> <span class='ocrx_word' id='word_1_254' title='bbox 1715 2384 1800 2424; x_wconf 92' lang='lat' dir='ltr'><em>Lo-</em></span> 
     </span>
     <span class='ocr_line' id='line_1_31' title="bbox 401 2442 1798 2496; baseline 0 -16"><span class='ocrx_word' id='word_1_255' title='bbox 401 2444 505 2481; x_wconf 85' lang='lat' dir='ltr'><em>cutio</em></span> <span class='ocrx_word' id='word_1_256' title='bbox 532 2444 670 2496; x_wconf 83' lang='lat' dir='ltr'><em>facta,</em></span> <span class='ocrx_word' id='word_1_257' title='bbox 706 2457 782 2496; x_wconf 84' lang='lat' dir='ltr'><em>quo</em></span> <span class='ocrx_word' id='word_1_258' title='bbox 818 2442 898 2481; x_wconf 90' lang='lat' dir='ltr'><em>loco</em></span> <span class='ocrx_word' id='word_1_259' title='bbox 929 2448 1020 2480; x_wconf 90' lang='lat' dir='ltr'><em>ante</em></span> <span class='ocrx_word' id='word_1_260' title='bbox 1056 2442 1189 2481; x_wconf 86' lang='lat' dir='ltr'><em>urbem</em></span> <span class='ocrx_word' id='word_1_261' title='bbox 1225 2448 1384 2495; x_wconf 76' lang='lat' dir='ltr'><em>captam</em></span> <span class='ocrx_word' id='word_1_262' title='bbox 1417 2455 1490 2479; x_wconf 74' lang='lat' dir='ltr'><em>vox</em></span> <span class='ocrx_word' id='word_1_263' title='bbox 1521 2442 1663 2480; x_wconf 89' lang='lat' dir='ltr'><em>audita</em></span> <span class='ocrx_word' id='word_1_264' title='bbox 1698 2447 1798 2489; x_wconf 87' lang='lat' dir='ltr'><em>erat,</em></span> 
     </span>
     <span class='ocr_line' id='line_1_32' title="bbox 401 2498 1801 2551; baseline -0.001 -13"><span class='ocrx_word' id='word_1_265' title='bbox 401 2498 625 2539; x_wconf 86' lang='lat' dir='ltr'><em>adventare</em></span> <span class='ocrx_word' id='word_1_266' title='bbox 666 2498 822 2539; x_wconf 87' lang='lat' dir='ltr'><em>Gallos.</em></span> <span class='ocrx_word' id='word_1_267' title='bbox 885 2499 1055 2538; x_wconf 90' lang='lat' dir='ltr'><em>Dictum</em></span> <span class='ocrx_word' id='word_1_268' title='bbox 1091 2505 1159 2546; x_wconf 87' lang='lat' dir='ltr'><em>est,</em></span> <span class='ocrx_word' id='word_1_269' title='bbox 1191 2499 1249 2537; x_wconf 90' lang='lat' dir='ltr'><em>ad</em></span> <span class='ocrx_word' id='word_1_270' title='bbox 1291 2499 1402 2538; x_wconf 83' lang='lat' dir='ltr'><em>Veios</em></span> <span class='ocrx_word' id='word_1_271' title='bbox 1433 2499 1689 2551; x_wconf 74' lang='lat' dir='ltr'><em>miqrandum</em></span> <span class='ocrx_word' id='word_1_272' title='bbox 1721 2512 1801 2537; x_wconf 86' lang='lat' dir='ltr'><em>esse</em></span> 
     </span>
     <span class='ocr_line' id='line_1_33' title="bbox 395 2554 1800 2609; baseline 0 -15"><span class='ocrx_word' id='word_1_273' title='bbox 395 2563 563 2609; x_wconf 80' lang='lat' dir='ltr'><em>propter</em></span> <span class='ocrx_word' id='word_1_274' title='bbox 584 2559 782 2596; x_wconf 85' lang='lat' dir='ltr'><em>incensam</em></span> <span class='ocrx_word' id='word_1_275' title='bbox 803 2563 841 2595; x_wconf 88' lang='lat' dir='ltr'><em>et</em></span> <span class='ocrx_word' id='word_1_276' title='bbox 866 2556 1043 2594; x_wconf 88' lang='lat' dir='ltr'><em>dirutam</em></span> <span class='ocrx_word' id='word_1_277' title='bbox 1072 2556 1231 2595; x_wconf 86' lang='lat' dir='ltr'><em>urbem:</em></span> <span class='ocrx_word' id='word_1_278' title='bbox 1264 2556 1371 2609; x_wconf 82' lang='lat' dir='ltr'><em>quod</em></span> <span class='ocrx_word' id='word_1_279' title='bbox 1396 2555 1601 2594; x_wconf 86' lang='lat' dir='ltr'><em>consilium</em></span> <span class='ocrx_word' id='word_1_280' title='bbox 1630 2554 1800 2595; x_wconf 84' lang='lat' dir='ltr'><em>Camillo</em></span> 
     </span>
     <span class='ocr_line' id='line_1_34' title="bbox 402 2613 1800 2665; baseline -0.001 -14"><span class='ocrx_word' id='word_1_281' title='bbox 402 2620 562 2652; x_wconf 75' lang='lat' dir='ltr'><em>(ticctore</em></span> <span class='ocrx_word' id='word_1_282' title='bbox 582 2614 801 2653; x_wconf 85' lang='lat' dir='ltr'><em>discussum</em></span> <span class='ocrx_word' id='word_1_283' title='bbox 827 2619 892 2652; x_wconf 82' lang='lat' dir='ltr'><em>est.</em></span> <span class='ocrx_word' id='word_1_284' title='bbox 955 2613 1090 2651; x_wconf 62' lang='lat' dir='ltr'><em>stlovit</em></span> <span class='ocrx_word' id='word_1_285' title='bbox 1109 2613 1300 2665; x_wconf 79' lang='lat' dir='ltr'><em>populum</em></span> <span class='ocrx_word' id='word_1_286' title='bbox 1323 2614 1426 2651; x_wconf 73' lang='lat' dir='ltr'><em>vocis</em></span> <span class='ocrx_word' id='word_1_287' title='bbox 1446 2626 1597 2665; x_wconf 84' lang='lat' dir='ltr'><em>quoque</em></span> <span class='ocrx_word' id='word_1_288' title='bbox 1617 2626 1727 2651; x_wconf 87' lang='lat' dir='ltr'><em>omen</em></span> <span class='ocrx_word' id='word_1_289' title='bbox 1754 2627 1800 2650; x_wconf 69' lang='lat' dir='ltr'><em>ez·</em></span> 
     </span>
     <span class='ocr_line' id='line_1_35' title="bbox 403 2669 1799 2723; baseline 0.001 -17"><span class='ocrx_word' id='word_1_290' title='bbox 403 2672 625 2709; x_wconf 88' lang='lat' dir='ltr'><em>centurione</em></span> <span class='ocrx_word' id='word_1_291' title='bbox 645 2671 819 2721; x_wconf 86' lang='lat' dir='ltr'><em>auditae,</em></span> <span class='ocrx_word' id='word_1_292' title='bbox 843 2671 923 2723; x_wconf 80' lang='lat' dir='ltr'><em>qui,</em></span> <span class='ocrx_word' id='word_1_293' title='bbox 946 2684 1067 2723; x_wconf 82' lang='lat' dir='ltr'><em>quum</em></span> <span class='ocrx_word' id='word_1_294' title='bbox 1096 2671 1136 2708; x_wconf 85' lang='lat' dir='ltr'><em>in</em></span> <span class='ocrx_word' id='word_1_295' title='bbox 1150 2714 1156 2721; x_wconf 40' lang='grc' dir='ltr'>ι</span> <span class='ocrx_word' id='word_1_296' title='bbox 1160 2670 1294 2719; x_wconf 83' lang='lat' dir='ltr'><em>forum</em></span> <span class='ocrx_word' id='word_1_297' title='bbox 1317 2671 1492 2716; x_wconf 83' lang='lat' dir='ltr'><em>venisset,</em></span> <span class='ocrx_word' id='word_1_298' title='bbox 1515 2669 1799 2722; x_wconf 79' lang='lat' dir='ltr'><em>manipulariis</em></span> 
     </span>
     <span class='ocr_line' id='line_1_36' title="bbox 403 2725 1532 2780; baseline 0.002 -18"><span class='ocrx_word' id='word_1_299' title='bbox 403 2728 485 2764; x_wconf 85' lang='lat' dir='ltr'><em>suis</em></span> <span class='ocrx_word' id='word_1_300' title='bbox 506 2728 685 2767; x_wconf 67' lang='lat' dir='ltr'><em>cllserat:</em></span> <span class='ocrx_word' id='word_1_301' title='bbox 722 2726 795 2767; x_wconf 87' lang='lat' dir='ltr'><em>Sta</em></span> <span class='ocrx_word' id='word_1_302' title='bbox 815 2725 957 2774; x_wconf 81' lang='lat' dir='ltr'><em>miles;</em></span> <span class='ocrx_word' id='word_1_303' title='bbox 992 2725 1059 2766; x_wconf 88' lang='lat' dir='ltr'><em>hic</em></span> <span class='ocrx_word' id='word_1_304' title='bbox 1081 2725 1238 2780; x_wconf 87' lang='lat' dir='ltr'><em>optime</em></span> <span class='ocrx_word' id='word_1_305' title='bbox 1261 2725 1532 2766; x_wconf 82' lang='lat' dir='ltr'><em>manebimus.</em></span> 
     </span>
    </p>
   </div>
  </div>
 </body>
</html>
