1934 3211
504 392 1275 457 PRAEFATIO.

150 773 393 829 HABES,
424 774 660 820 benevole
694 775 888 829 Lector,
918 790 1096 821 novam
1132 781 1181 821 et
1216 790 1322 821 eam
1358 773 1553 836 quidem

147 849 284 898 novis
323 850 545 897 subsidiis
583 850 821 898 munitam
862 850 983 897 Livii
1022 851 1302 898 editionem.
1377 851 1554 913 Neque

148 928 277 974 enim
325 929 385 975 ab
433 945 484 975 re
526 928 627 975 fore
675 928 897 984 iudicavi,
939 944 1089 991 quum
1130 928 1403 975 eruditione
1441 927 1556 974 Nie-

149 1005 324 1067 buhrii,
374 1006 437 1051 W
441 1006 752 1063 achsmuthii,
808 1006 1111 1069 aliorumque
1164 1004 1555 1052 doctissimorum

148 1081 362 1129 virorum
393 1084 582 1130 auctior
605 1083 735 1131 facta
767 1090 894 1131 esset
927 1083 1100 1130 notitia
1132 1082 1433 1145 antiquitatis
1459 1082 1558 1128 Ro-

147 1177 337 1218 manae,
385 1163 423 1209 si
471 1179 532 1209 ex
579 1163 772 1210 illorum
820 1162 1076 1218 thesauris,
1121 1178 1444 1225 quaecunque
1495 1163 1556 1210 ad

146 1239 282 1287 locos
336 1239 411 1287 vel
466 1240 755 1304 depravatos
804 1240 1087 1297 medendos,
1130 1241 1207 1288 vel
1256 1240 1557 1288 obscuriores

148 1322 198 1364 et
234 1333 404 1380 parum
444 1317 719 1365 intellectos
760 1317 1076 1365 illustrandos
1115 1316 1394 1380 profectura
1429 1317 1559 1364 vidc-

146 1400 334 1455 rentur,
371 1412 428 1442 ea
469 1395 809 1458 depromerem
857 1401 1004 1458 atque
1052 1395 1100 1442 in
1144 1395 1556 1451 annotationibus,

149 1479 388 1535 quantum
415 1471 518 1519 fieri
542 1479 724 1536 posset,
748 1472 960 1520 breviter
985 1472 1347 1520 concluderem.

217 1549 383 1604 Quum
408 1565 524 1597 vero
550 1566 667 1598 cura
693 1550 958 1614 Kreyssigii
982 1549 1288 1598 emendatior
1311 1549 1408 1597 iam
1435 1550 1557 1598 Livii

146 1632 311 1674 textus
335 1627 385 1674 in
409 1627 570 1675 lucem
590 1627 838 1691 prodierit,
858 1644 1019 1691 neque
1039 1629 1167 1675 inter
1187 1633 1380 1676 nostros
1400 1629 1557 1676 codex

146 1703 274 1752 ullus
321 1704 549 1752 notabilis
594 1711 800 1762 extaret,
844 1722 990 1769 quern
1041 1706 1292 1754 clarissimi
1336 1707 1558 1754 Draken-

148 1781 334 1829 borchii
354 1781 605 1845 diligentia
623 1783 908 1831 iamdudum
928 1800 1028 1832 non
1054 1784 1316 1840 evolverat,
1333 1784 1448 1832 satis
1473 1784 1557 1831 ha-

149 1861 230 1908 bui
256 1860 521 1924 Kreyssigii
546 1861 811 1909 editionem
837 1863 991 1926 sequi,
1017 1868 1066 1909 et
1090 1862 1326 1910 lectiones
1346 1862 1557 1909 Bekkeri

145 1938 466 2002 aliorumque,
509 1939 903 2003 quandocunque
950 1940 1073 1987 ratio
1116 1955 1283 1987 earum
1332 1939 1558 1986 habenda

146 2015 406 2072 videretur,
431 2016 479 2062 in
507 2016 635 2063 notis
660 2017 924 2065 identidem
952 2033 1351 2064 commemorare.
1416 2018 1557 2064 Sum-

145 2108 226 2140 ma
256 2093 403 2156 igitur
427 2093 660 2156 religione
690 2100 739 2141 et
773 2094 1027 2142 veritatem
1053 2094 1276 2142 lectionis
1304 2094 1556 2157 Kreyssig-

143 2170 299 2226 ianae,
325 2176 373 2217 et
398 2170 796 2235 orthographiam
823 2177 1020 2219 secutus
1051 2188 1174 2228 sum,
1203 2177 1257 2219 ut
1284 2171 1366 2234 qui
1393 2187 1553 2234 neque

144 2248 330 2297 levibus
350 2249 647 2313 incertisque
664 2250 956 2298 coniecturis
972 2250 1206 2297 lectorem
1224 2248 1377 2304 ludat,
1394 2264 1554 2310 neque

145 2328 528 2383 emendationes,
578 2328 666 2375 nisi
709 2327 1011 2375 accuratiore
1053 2327 1238 2374 trutina
1276 2341 1553 2388 perpensas,

147 2405 401 2469 amplexus
427 2405 502 2453 sit.

216 2482 361 2535 Quod
410 2488 574 2529 autem
618 2499 644 2529 a
685 2488 904 2529 veterum
954 2482 1247 2545 scriptorum
1290 2480 1555 2527 editoribus

148 2558 250 2605 iure
270 2558 545 2621 requiritur,
568 2565 621 2606 ut
641 2559 687 2605 in
709 2559 1008 2622 praefatione
1029 2558 1222 2606 codices
1240 2564 1288 2604 et
1305 2556 1554 2613 editiones,

149 2651 357 2698 quorum
383 2636 443 2684 sit
468 2637 681 2689 maxima
706 2637 986 2692 auctoritaS,
1013 2637 1182 2684 saltem
1211 2641 1446 2697 tanquam
1470 2651 1556 2698 per

150 2712 339 2760 lancem
367 2719 580 2761 saturam
606 2714 886 2770 exhibeant,
914 2713 958 2760 id
992 2713 1109 2760 mihi
1140 2727 1553 2775 supervacaneum

152 2789 282 2837 duxi.
358 2790 498 2837 Unus
541 2791 670 2837 enim
715 2790 1144 2838 Drakenborchius
1186 2789 1392 2837 eximiae
1439 2805 1554 2836 suae
