1934 3211
398 179 479 215 222
913 171 1059 213 ΤΙΤΙ
1100 170 1278 212 LIVII

180 267 223 298 U.
242 267 280 298 C.
299 277 372 309 309·
398 260 541 301 multis
562 260 606 301 in
628 259 762 301 vicem
780 258 967 300 cladibus
987 258 1097 308 fessi,
1115 258 1300 299 iudicem
1322 256 1525 313 populum
1550 255 1792 297 Romanum
1807 273 1820 293 1

178 311 217 341 A.
242 310 280 342 C·
298 320 370 350 443·
398 332 559 374 cepere.
632 316 778 365 Quum
819 316 872 356 ad
912 331 1078 357 causam
1119 315 1319 357 orandam
1354 314 1577 364 venissent,
1614 311 1793 354 concilio

396 374 543 431 populi
583 389 608 414 a
646 373 954 429 magistratibus
995 373 1105 421 dato,
1143 387 1295 426 magna
1326 371 1597 412 contentione
1638 377 1790 411 actum.

398 431 573 487 Iamque
616 431 740 472 editis
776 430 962 479 testibus,
995 445 1126 485 quum
1163 429 1293 470 tribus
1324 429 1473 477 vocari,
1512 436 1554 469 et
1587 425 1793 483 populum

398 489 504 529 inire
527 488 770 544 suffragium
792 495 1016 542 oporteret,
1040 486 1254 541 consurgit
1279 486 1326 526 P.
1350 484 1541 541 Scaptius
1569 485 1622 525 de
1653 483 1790 539 plebe,

398 561 551 601 magno
580 553 708 586 natu:
743 552 797 593 et,
823 543 894 584 ‘Si
918 543 1043 592 licet,’
1064 543 1216 598 inquit,
1242 542 1470 591 ‘consules,
1497 541 1550 582 de
1578 540 1794 596 republica

401 603 581 651 ‘dicei-e,
625 616 760 642 errare
803 616 881 656 ego
916 599 1120 655 populum
1160 599 1205 638 in
1244 599 1322 639 hac
1359 613 1482 639 causa
1516 614 1603 639 non
1634 597 1794 653 patiar.'

403 660 562 708 Quum,
586 668 633 699 ut
660 672 829 706 vanum,
852 672 948 697 eum
970 664 1173 711 negarent
1194 655 1385 696 0011511105
1406 655 1665 695 011(11011(111111
1690 669 1793 703 0550,

398 716 793 770 vociferantemque,
819 713 964 769 ‘prodi
984 712 1196 768 publicam
1218 712 1410 761 causam,’
1437 711 1689 752 summoveri
1710 711 1795 751 ius-

399 773 560 821 sissent,
576 772 764 813 tribunos
779 770 971 826 appellat.
1035 769 1228 818 Tribuni,
1243 778 1291 810 ut
1305 769 1390 809 fere
1408 783 1572 824 semper
1591 776 1796 825 reguntur

400 845 423 869 a
455 828 726 869 multitudine
758 827 900 883 magis,
928 841 1054 883 quam
1085 835 1249 882 regunt,
1282 826 1436 867 dedere
1468 825 1645 882 cupidae
1676 824 1796 866 audi-

400 886 499 926 endi
539 885 666 941 plebi,
704 893 763 934 ut,
799 899 905 940 quae
946 883 1085 933 vellet,
1124 883 1315 939 Scaptius
1355 883 1526 924 diceret.
1588 882 1655 923 Ibi
1686 882 1794 931 infit,

402 943 603 983 ‘Annum
633 957 676 983 se
709 941 878 982 tertium
909 949 952 982 et
980 941 1281 996 octogesimum
1307 955 1442 996 agere,
1470 949 1513 981 et
1536 940 1582 980 in
1606 955 1656 981 eo
1681 954 1794 995 agro,

402 1000 482 1040 ‘de
508 1015 592 1054 quo
623 999 772 1055 agitur,
802 998 1014 1048 militasse,
1040 1014 1127 1039 non
1154 998 1364 1047 iuvenem,
1391 997 1588 1038 vicesima
1613 996 1697 1038 iam
1723 996 1796 1037 sti-

403 1057 584 1112 ‘pendia
616 1064 863 1105 merentem,
896 1071 1027 1111 quum
1059 1055 1113 1095 ad
1147 1054 1338 1096 Coriolos
1369 1055 1422 1096 sit
1455 1054 1668 1096 bellatum.
1731 1053 1796 1094 Eo

404 1119 517 1154 ‘rem
542 1129 584 1154 se
613 1121 819 1154 vetustate
845 1113 1129 1161 obliteratam?
1144 1120 1331 1153 ceterum
1357 1126 1454 1153 suae
1481 1111 1706 1152 memoriae
1731 1110 1797 1151 111-

403 1171 568 1220 ί11110111,
592 1171 763 1219 afferre3
797 1185 956 1226 agrum,
980 1170 1032 1210 de
1056 1185 1140 1225 quo
1168 1168 1407 1225 ambigitur,
1428 1169 1579 1210 finium
1607 1167 1797 1209 Coriola-

404 1234 580 1269 ‘norum
627 1228 766 1277 fuisse,
810 1228 1025 1282 captisque
1070 1226 1262 1275 Coriolis,
1304 1227 1394 1266 iure
1434 1225 1535 1266 belli
1580 1225 1797 1281 publicum

405 1290 416 1308 ‘
428 1285 576 1341 populi
598 1284 781 1326 Romani
795 1284 961 1324 factum.
1016 1283 1164 1323 Mirari
1181 1298 1238 1332 se,
1257 1298 1440 1338 quonam
1457 1298 1571 1323 more
1589 1282 1798 1323 Ardeates

405 1347 417 1365 ‘
431 1342 695 1396 Aricinique,
711 1341 829 1382 0111115
851 1341 939 1396 agri
959 1341 1023 1380 ius
1045 1355 1263 1395 nunquam
1284 1339 1576 1394 usurpaverint
1596 1338 1799 1380 incolumi

406 1403 418 1421 ‘
438 1398 664 1439 Coriolana
684 1413 741 1447 re,
757 1413 855 1438 eum
876 1413 918 1438 se
941 1413 965 1438 a
984 1396 1141 1453 populo
1160 1396 1365 1446 Romano,
1386 1411 1512 1452 quem
1528 1411 1604 1452 pro
1625 1396 1798 1437 domino

409 1455 619 1495 ‘iudicem
654 1455 843 1503 fecerint,
881 1455 1186 1510 intercepturos
1222 1462 1402 1509 sperent.
1468 1453 1557 1494 Sibi
1597 1453 1799 1509 exiguum

405 1518 417 1535 ‘
434 1512 543 1552 vitae
573 1520 737 1567 tempus
763 1526 1000 1566 superesse:
1034 1526 1120 1552 non
1150 1511 1334 1566 potuisse
1360 1525 1402 1551 se
1429 1519 1571 1551 tamen
1598 1510 1797 1551 inducere

409 1569 481 1608 ‘in
502 1568 702 1617 animum,
718 1568 834 1623 quin,
856 1583 982 1623 quem
1005 1583 1150 1623 agrum
1172 1568 1290 1608 miles
1310 1583 1386 1623 pro
1407 1576 1525 1624 parte
1541 1567 1650 1608 virili
1670 1582 1799 1608 manu

408 1631 421 1649 ‘
436 1625 625 1681 cepisset,
648 1640 745 1665 eum
777 1640 905 1665 senex
927 1640 1095 1679 quoque
1123 1640 1239 1674 voce,
1263 1640 1347 1680 qua
1374 1640 1459 1666 una
1488 1633 1640 1681 posset,
1662 1624 1800 1666 vindi-

408 1688 559 1723 (00101.
623 1681 884 1738 Magnopere
915 1696 957 1722 se
989 1681 1162 1722 suadere
1191 1681 1360 1736 populo,
1392 1697 1445 1722 ne
1474 1681 1614 1722 inutili
1637 1681 1798 1737 pudore

261 1740 327 1780 72.
409 1746 550 1780 ‘suam
575 1739 663 1795 ipse
692 1754 857 1780 causam
884 1738 1126 1779 damnaret?
1189 1737 1396 1778 Consules
1421 1753 1552 1793 quum
1584 1737 1798 1793 Scaptium

406 1812 493 1838 non
521 1796 687 1837 silentio
713 1796 851 1844 modo,
876 1796 950 1836 sed
971 1810 1068 1836 cum
1096 1810 1266 1835 assensu
1293 1794 1431 1843 etiam,
1455 1795 1590 1835 audiri
1610 1795 1798 1836 animad-

406 1854 638 1902 vertissent,
661 1853 761 1894 deos
777 1852 1053 1908 hominesque
1076 1860 1275 1893 testantes
1296 1852 1501 1907 flagitium
1521 1851 1670 1908 ingens
1691 1852 1796 1901 fieri,

407 1911 581 1952 Patrum
611 1911 814 1966 primores
845 1918 1082 1950 arcessunt:
1122 1924 1218 1949 cum
1249 1908 1313 1949 his
1343 1908 1562 1950 circumire
1594 1909 1828 1959 tribunos,2

406 1983 536 2016 orare,
565 1967 658 2008 ‘Ne
690 1967 917 2022 pessimum
941 1966 1101 2006 facinus
1130 1966 1271 2020 peiore
1304 1965 1498 2021 exemplo
1528 1966 1800 2007 admitterent

408 2025 607 2073 ‘iudices,
639 2024 685 2064 in
717 2038 834 2064 suam
865 2037 953 2064 rem
983 2023 1101 2063 litem
1130 2022 1348 2071 vertendo,
1381 2038 1512 2078 quum
1541 2023 1797 2079 praesertim,

408 2081 594 2122 ‘etiamsi
618 2081 677 2121 fas
705 2080 769 2130 sit,
792 2095 935 2120 curam
960 2079 1234 2120 emolumenti
1261 2079 1325 2120 sui
1352 2079 1483 2120 iudici
1510 2095 1611 2130 esse,
1640 2095 1800 2136 nequa-

408 2144 420 2163 ‘
436 2154 563 2195 quam
604 2145 766 2179 tantum
808 2152 907 2193 agro
953 2136 1261 2193 intercipiendo
1301 2137 1551 2192 acquiratur,
1593 2146 1800 2193 quantum

408 2202 420 2219 ‘
436 2196 650 2237 amittatur
666 2194 898 2236 alienandis
912 2194 1063 2235 iniuria
1084 2194 1292 2235 sociorum
1313 2194 1472 2235 animis.
1536 2194 1650 2236 Nam
1664 2195 1798 2236 famae

410 2260 421 2278 ⁶
437 2253 611 2309 quidem
631 2268 679 2293 ac
705 2252 806 2292 fidei
827 2251 982 2292 damna
1008 2252 1163 2292 maiora
1184 2266 1285 2300 esse,
1308 2266 1435 2307 quam
1463 2267 1570 2307 quae
1592 2251 1800 2293 aestimari

410 2317 421 2335 ‘
437 2318 618 2366 possent.
682 2309 778 2350 Hoc
802 2309 961 2365 legatos
987 2307 1140 2349 referre
1170 2308 1368 2349 domum:
1401 2308 1482 2349 hoc
1502 2309 1684 2365 vulgari:
1718 2308 1799 2349 hoc

409 2368 565 2409 ‘socios
580 2367 748 2408 audire:
782 2366 863 2408 hoc
879 2366 1041 2407 hostes:
1077 2381 1161 2421 quo
1183 2381 1278 2406 011111
1296 2365 1438 2406 (101010
1460 2365 1566 2406 hos?
1596 2380 1681 2421 quo
1702 2380 1798 2406 cum
1812 2383 1830 2414 3

410 2529 483 2550 eum
507 2520 629 2559 populo
646 2519 796 2549 Romano
818 2516 1013 2555 vindicabat,
1029 2527 1082 2547 no-
1128 2516 1191 2546 lius
1206 2517 1341 2555 quadrat
1364 2515 1396 2546 in
1412 2515 1523 2554 tribus,
1539 2526 1635 2555 quam
1652 2516 1684 2547 in
1700 2517 1798 2548 tribu-

411 2572 485 2591 rnen
505 2561 655 2601 Scaptius
673 2562 777 2597 detur,
794 2559 975 2590 Niebuhrio
999 2559 1084 2589 vide·
1128 2569 1204 2589 nos:
1233 2562 1265 2588 et
1295 2568 1430 2597 sequens
1457 2559 1557 2589 oratio
1584 2559 1729 2599 dirigitur
1756 2560 1799 2590 ad

412 2608 464 2633 tur
489 2604 664 2634 admodum
688 2603 846 2633 incertum
874 2612 953 2639 esse,
976 2605 1084 2631 utrum
1129 2611 1182 2631 eos
1198 2600 1251 2639 qui
1268 2600 1636 2633 10111111ὤο011111010111.
1678 2601 1799 2642 Populi

414 2656 523 2676 revera
538 2645 653 2684 aliquis
668 2645 742 2675 talis
756 2654 858 2675 necne
875 2643 999 2674 vixerit.
1129 2647 1238 2673 autem
1255 2647 1334 2680 erat,
1346 2653 1410 2673 non
1423 2643 1635 2682 tribunorum,
1646 2643 1799 2675 iudicare.

461 2698 472 2717 1
498 2689 660 2727 Populum
676 2688 872 2724 Romanum]
900 2687 1009 2722 Quem
1032 2696 1085 2725 pa-
1130 2686 1237 2716 CREv.
1286 2687 1400 2716 Tribus
1435 2685 1467 2716 in
1500 2689 1627 2716 textum
1657 2685 1800 2726 reposuit

415 2729 575 2759 triciorum
603 2729 776 2759 concilium
800 2728 946 2759 curiatim
972 2738 1085 2758 convo·
1132 2728 1273 2758 Bckker.

416 2774 522 2801 catum
532 2771 626 2802 fuisse
638 2775 745 2802 censet
757 2771 891 2801 Niebhr.
900 2771 1004 2801 ii.not.
1013 2771 1085 2811 985.
1180 2780 1196 2809 3
1224 2771 1294 2800 Hos
1310 2793 1316 2800 .
1335 2793 1341 2800 .
1359 2793 1366 2800 .
1384 2793 1391 2800 .
1406 2771 1492 2808 illos]
1535 2770 1666 2801 Inverso
1689 2769 1800 2800 ordine

465 2822 481 2841 2
510 2814 680 2850 Tribunos]
722 2813 935 2843 Admittenda
962 2812 1085 2842 videtur
1130 2812 1210 2842 haec
1234 2812 1401 2849 sumenda,
1420 2811 1465 2842 ita
1488 2816 1523 2842 ut
1542 2814 1612 2844 illos
1630 2813 1672 2843 ad
1694 2810 1798 2851 proxi-

420 2853 575 2885 Perizonii
589 2855 783 2891 emendatio,
793 2856 962 2886 circumire
975 2856 1087 2885 tribus.
1131 2864 1221 2884 mum
1237 2855 1348 2891 hostes,
1363 2854 1418 2884 hos
1434 2865 1506 2885 vero
1526 2855 1568 2885 ad
1586 2854 1738 2885 remotius
1752 2862 1797 2882 so-

420 2896 507 2926 Nam
526 2901 555 2925 et
572 2895 677 2934 ipsum
694 2897 824 2927 verbum
839 2898 1008 2928 circumire
1023 2907 1087 2927 me·
1132 2899 1195 2928 cios
1209 2896 1371 2927 referatur.
1387 2895 1458 2927 infr.
1475 2896 1561 2928 xxiv.
1579 2906 1627 2937 ²9·
1647 2895 1787 2926 STROTR.
