<?xml version="1.0" encoding="UTF-8"?>
<!DOCTYPE html PUBLIC "-//W3C//DTD XHTML 1.0 Transitional//EN"
    "http://www.w3.org/TR/xhtml1/DTD/xhtml1-transitional.dtd">
<html xmlns="http://www.w3.org/1999/xhtml" xml:lang="en" lang="en">
 <head>
  <title>
</title>
<meta http-equiv="Content-Type" content="text/html;charset=utf-8" />
  <meta name='ocr-system' content='tesseract 3.04.00' />
  <meta name='ocr-capabilities' content='ocr_page ocr_carea ocr_par ocr_line ocrx_word'/>
</head>
<body>
  <div class='ocr_page' id='page_1' title='image "./historiarumli01livyuoft_0349.png"; bbox 0 0 1934 3211; ppageno 0'>
   <div class='ocr_carea' id='block_1_1' title="bbox 572 160 1528 209">
    <p class='ocr_par' dir='ltr' id='par_1_1' title="bbox 572 160 1528 209">
     <span class='ocr_line' id='line_1_1' title="bbox 572 160 1528 209; baseline 0.001 -2"><span class='ocrx_word' id='word_1_1' title='bbox 572 160 697 207; x_wconf 78' lang='lat' dir='ltr'><strong>LrB.</strong></span> <span class='ocrx_word' id='word_1_2' title='bbox 735 165 784 206; x_wconf 89' lang='lat' dir='ltr'><strong>V.</strong></span> <span class='ocrx_word' id='word_1_3' title='bbox 831 165 978 206; x_wconf 80' lang='lat' dir='ltr'><strong>CAP.</strong></span> <span class='ocrx_word' id='word_1_4' title='bbox 1011 170 1079 208; x_wconf 87' lang='lat'><strong>45.</strong></span> <span class='ocrx_word' id='word_1_5' title='bbox 1446 170 1528 209; x_wconf 89' lang='lat'><strong>335</strong></span> 
     </span>
    </p>
   </div>
   <div class='ocr_carea' id='block_1_2' title="bbox 99 255 1743 2658">
    <p class='ocr_par' dir='ltr' id='par_1_2' title="bbox 102 255 1743 943">
     <span class='ocr_line' id='line_1_2' title="bbox 102 255 1741 315; baseline 0.001 -18"><span class='ocrx_word' id='word_1_6' title='bbox 102 271 112 291; x_wconf 89' lang='lat'>1</span> <span class='ocrx_word' id='word_1_7' title='bbox 129 270 216 305; x_wconf 75' lang='lat' dir='ltr'><strong>sua,</strong></span> <span class='ocrx_word' id='word_1_8' title='bbox 238 271 370 312; x_wconf 92' lang='lat' dir='ltr'><strong>quum</strong></span> <span class='ocrx_word' id='word_1_9' title='bbox 391 255 471 296; x_wconf 86' lang='lat' dir='ltr'><strong>diis</strong></span> <span class='ocrx_word' id='word_1_10' title='bbox 496 255 822 312; x_wconf 87' lang='lat' dir='ltr'>hominibusque</span> <span class='ocrx_word' id='word_1_11' title='bbox 847 256 1092 298; x_wconf 83' lang='lat' dir='ltr'>accusandis</span> <span class='ocrx_word' id='word_1_12' title='bbox 1119 267 1366 307; x_wconf 83' lang='lat' dir='ltr'><strong>senesceret,</strong></span> <span class='ocrx_word' id='word_1_13' title='bbox 1389 258 1530 315; x_wconf 84' lang='lat' dir='ltr'><strong>indig-</strong></span> <span class='ocrx_word' id='word_1_14' title='bbox 1545 267 1590 299; x_wconf 90' lang='lat' dir='ltr'><strong>U.</strong></span> <span class='ocrx_word' id='word_1_15' title='bbox 1608 268 1647 299; x_wconf 85' lang='lat' dir='ltr'><strong>C.</strong></span> <span class='ocrx_word' id='word_1_16' title='bbox 1669 266 1741 307; x_wconf 85' lang='lat'><strong>365·</strong></span> 
     </span>
     <span class='ocr_line' id='line_1_3' title="bbox 130 310 1740 369; baseline 0.001 -15"><span class='ocrx_word' id='word_1_17' title='bbox 130 313 272 354; x_wconf 88' lang='lat' dir='ltr'><strong>nando</strong></span> <span class='ocrx_word' id='word_1_18' title='bbox 303 312 594 368; x_wconf 88' lang='lat' dir='ltr'><strong>mirandoque,</strong></span> <span class='ocrx_word' id='word_1_19' title='bbox 627 313 698 354; x_wconf 91' lang='lat' dir='ltr'><strong>ubi</strong></span> <span class='ocrx_word' id='word_1_20' title='bbox 732 313 791 353; x_wconf 90' lang='lat' dir='ltr'><strong>illi</strong></span> <span class='ocrx_word' id='word_1_21' title='bbox 824 313 902 354; x_wconf 87' lang='lat' dir='ltr'><strong>viri</strong></span> <span class='ocrx_word' id='word_1_22' title='bbox 935 321 1087 364; x_wconf 89' lang='lat' dir='ltr'><strong>essent,</strong></span> <span class='ocrx_word' id='word_1_23' title='bbox 1119 314 1193 369; x_wconf 91' lang='lat' dir='ltr'><strong>qui</strong></span> <span class='ocrx_word' id='word_1_24' title='bbox 1225 329 1369 355; x_wconf 90' lang='lat' dir='ltr'><strong>secum</strong></span> <span class='ocrx_word' id='word_1_25' title='bbox 1400 315 1530 357; x_wconf 84' lang='lat' dir='ltr'><strong>Veios</strong></span> <span class='ocrx_word' id='word_1_26' title='bbox 1544 311 1583 341; x_wconf 85' lang='lat' dir='ltr'><strong>A.</strong></span> <span class='ocrx_word' id='word_1_27' title='bbox 1609 310 1649 341; x_wconf 76' lang='lat' dir='ltr'><strong>C-</strong></span> <span class='ocrx_word' id='word_1_28' title='bbox 1668 310 1740 349; x_wconf 84' lang='lat'>387.</span> 
     </span>
     <span class='ocr_line' id='line_1_4' title="bbox 131 369 1531 427; baseline 0.001 -16"><span class='ocrx_word' id='word_1_29' title='bbox 131 369 397 425; x_wconf 84' lang='lat' dir='ltr'><strong>Faleriosque</strong></span> <span class='ocrx_word' id='word_1_30' title='bbox 425 370 646 426; x_wconf 90' lang='lat' dir='ltr'><strong>cepissent,</strong></span> <span class='ocrx_word' id='word_1_31' title='bbox 673 370 748 426; x_wconf 89' lang='lat' dir='ltr'><strong>qui</strong></span> <span class='ocrx_word' id='word_1_32' title='bbox 778 370 860 411; x_wconf 87' lang='lat' dir='ltr'><strong>alia</strong></span> <span class='ocrx_word' id='word_1_33' title='bbox 888 370 999 412; x_wconf 88' lang='lat' dir='ltr'><strong>bella</strong></span> <span class='ocrx_word' id='word_1_34' title='bbox 1026 370 1175 412; x_wconf 84' lang='lat' dir='ltr'><strong>fortius</strong></span> <span class='ocrx_word' id='word_1_35' title='bbox 1202 385 1379 427; x_wconf 90' lang='lat' dir='ltr'><strong>semper,</strong></span> <span class='ocrx_word' id='word_1_36' title='bbox 1403 387 1531 427; x_wconf 87' lang='lat' dir='ltr'><strong>quam</strong></span> 
     </span>
     <span class='ocr_line' id='line_1_5' title="bbox 129 425 1533 484; baseline 0.001 -17"><span class='ocrx_word' id='word_1_37' title='bbox 129 425 302 476; x_wconf 90' lang='lat' dir='ltr'><strong>felicius,</strong></span> <span class='ocrx_word' id='word_1_38' title='bbox 345 427 594 483; x_wconf 85' lang='lat' dir='ltr'><strong>gessissent3</strong></span> <span class='ocrx_word' id='word_1_39' title='bbox 643 437 816 484; x_wconf 89' lang='lat' dir='ltr'><strong>repente</strong></span> <span class='ocrx_word' id='word_1_40' title='bbox 862 427 993 477; x_wconf 89' lang='lat' dir='ltr'><strong>audit,</strong></span> <span class='ocrx_word' id='word_1_41' title='bbox 1034 427 1255 470; x_wconf 86' lang='lat' dir='ltr'>Gallorum</span> <span class='ocrx_word' id='word_1_42' title='bbox 1298 429 1533 469; x_wconf 85' lang='lat' dir='ltr'><strong>exercitum</strong></span> 
     </span>
     <span class='ocr_line' id='line_1_6' title="bbox 129 482 1533 541; baseline 0.001 -17"><span class='ocrx_word' id='word_1_43' title='bbox 129 482 367 533; x_wconf 82' lang='lat' dir='ltr'><strong>adventare,</strong></span> <span class='ocrx_word' id='word_1_44' title='bbox 390 493 516 540; x_wconf 85' lang='lat' dir='ltr'><strong>atque</strong></span> <span class='ocrx_word' id='word_1_45' title='bbox 538 484 592 526; x_wconf 91' lang='lat' dir='ltr'><strong>de</strong></span> <span class='ocrx_word' id='word_1_46' title='bbox 617 500 668 526; x_wconf 93' lang='lat' dir='ltr'><strong>eo</strong></span> <span class='ocrx_word' id='word_1_47' title='bbox 692 485 867 541; x_wconf 79' lang='lat' dir='ltr'><strong>pavidos</strong></span> <span class='ocrx_word' id='word_1_48' title='bbox 889 485 1097 526; x_wconf 86' lang='lat' dir='ltr'><strong>Ardeates</strong></span> <span class='ocrx_word' id='word_1_49' title='bbox 1125 485 1374 527; x_wconf 87' lang='lat' dir='ltr'><strong>consultare.</strong></span> <span class='ocrx_word' id='word_1_50' title='bbox 1438 485 1533 526; x_wconf 87' lang='lat' dir='ltr'><strong>Nec</strong></span> 
     </span>
     <span class='ocr_line' id='line_1_7' title="bbox 128 541 1534 598; baseline 0.001 -17"><span class='ocrx_word' id='word_1_51' title='bbox 128 555 248 582; x_wconf 91' lang='lat' dir='ltr'><strong>secus</strong></span> <span class='ocrx_word' id='word_1_52' title='bbox 270 556 396 597; x_wconf 88' lang='lat' dir='ltr'><strong>quam</strong></span> <span class='ocrx_word' id='word_1_53' title='bbox 419 541 563 583; x_wconf 80' lang='lat' dir='ltr'><strong>divino</strong></span> <span class='ocrx_word' id='word_1_54' title='bbox 584 543 733 598; x_wconf 91' lang='lat' dir='ltr'><strong>spiritu</strong></span> <span class='ocrx_word' id='word_1_55' title='bbox 753 551 901 592; x_wconf 88' lang='lat' dir='ltr'><strong>tactus,</strong></span> <span class='ocrx_word' id='word_1_56' title='bbox 924 558 1056 598; x_wconf 90' lang='lat' dir='ltr'><strong>quum</strong></span> <span class='ocrx_word' id='word_1_57' title='bbox 1085 558 1127 584; x_wconf 92' lang='lat' dir='ltr'><strong>se</strong></span> <span class='ocrx_word' id='word_1_58' title='bbox 1154 543 1199 583; x_wconf 90' lang='lat' dir='ltr'><strong>in</strong></span> <span class='ocrx_word' id='word_1_59' title='bbox 1226 543 1410 583; x_wconf 82' lang='lat' dir='ltr'><strong>mediam</strong></span> <span class='ocrx_word' id='word_1_60' title='bbox 1432 557 1534 583; x_wconf 92' lang='lat' dir='ltr'><strong>con—</strong></span> 
     </span>
     <span class='ocr_line' id='line_1_8' title="bbox 127 597 1530 649; baseline 0.001 -10"><span class='ocrx_word' id='word_1_61' title='bbox 127 597 295 640; x_wconf 87' lang='lat' dir='ltr'><strong>cionem</strong></span> <span class='ocrx_word' id='word_1_62' title='bbox 330 598 551 649; x_wconf 90' lang='lat' dir='ltr'><strong>intulisset,</strong></span> <span class='ocrx_word' id='word_1_63' title='bbox 583 600 790 640; x_wconf 87' lang='lat' dir='ltr'><strong>abstinere</strong></span> <span class='ocrx_word' id='word_1_64' title='bbox 822 608 965 641; x_wconf 89' lang='lat' dir='ltr'><strong>suetus</strong></span> <span class='ocrx_word' id='word_1_65' title='bbox 997 608 1094 641; x_wconf 85' lang='lat' dir='ltr'><strong>ante</strong></span> <span class='ocrx_word' id='word_1_66' title='bbox 1126 600 1278 641; x_wconf 88' lang='lat' dir='ltr'><strong>talibus</strong></span> <span class='ocrx_word' id='word_1_67' title='bbox 1313 599 1530 641; x_wconf 89' lang='lat' dir='ltr'><strong>conciliis:</strong></span> 
     </span>
     <span class='ocr_line' id='line_1_9' title="bbox 131 655 1684 712; baseline 0 -16"><span class='ocrx_word' id='word_1_68' title='bbox 131 655 394 705; x_wconf 84' lang='lat' dir='ltr'><strong>‘Ardeates,&#39;</strong></span> <span class='ocrx_word' id='word_1_69' title='bbox 424 656 576 712; x_wconf 87' lang='lat' dir='ltr'><strong>inquit,</strong></span> <span class='ocrx_word' id='word_1_70' title='bbox 616 663 804 698; x_wconf 84' lang='lat' dir='ltr'><strong>‘veteres</strong></span> <span class='ocrx_word' id='word_1_71' title='bbox 835 657 971 706; x_wconf 89' lang='lat' dir='ltr'><strong>amici,</strong></span> <span class='ocrx_word' id='word_1_72' title='bbox 1004 658 1102 698; x_wconf 85' lang='lat' dir='ltr'><strong>novi</strong></span> <span class='ocrx_word' id='word_1_73' title='bbox 1134 657 1260 698; x_wconf 88' lang='lat' dir='ltr'><strong>etiam</strong></span> <span class='ocrx_word' id='word_1_74' title='bbox 1292 657 1404 698; x_wconf 81' lang='lat' dir='ltr'><strong>cives</strong></span> <span class='ocrx_word' id='word_1_75' title='bbox 1436 657 1531 706; x_wconf 90' lang='lat' dir='ltr'><strong>mei,</strong></span> <span class='ocrx_word' id='word_1_76' title='bbox 1616 657 1684 693; x_wconf 83' lang='lat'><strong>44.</strong></span> 
     </span>
     <span class='ocr_line' id='line_1_10' title="bbox 129 710 1743 769; baseline 0.002 -15"><span class='ocrx_word' id='word_1_77' title='bbox 129 713 330 769; x_wconf 90' lang='lat' dir='ltr'><strong>‘quando</strong></span> <span class='ocrx_word' id='word_1_78' title='bbox 361 723 405 755; x_wconf 91' lang='lat' dir='ltr'><strong>et</strong></span> <span class='ocrx_word' id='word_1_79' title='bbox 433 723 618 755; x_wconf 90' lang='lat' dir='ltr'><strong>vestrum</strong></span> <span class='ocrx_word' id='word_1_80' title='bbox 650 714 908 756; x_wconf 90' lang='lat' dir='ltr'><strong>beneficium</strong></span> <span class='ocrx_word' id='word_1_81' title='bbox 943 715 1003 755; x_wconf 90' lang='lat' dir='ltr'><strong>ita</strong></span> <span class='ocrx_word' id='word_1_82' title='bbox 1035 714 1143 765; x_wconf 91' lang='lat' dir='ltr'><strong>tulit,</strong></span> <span class='ocrx_word' id='word_1_83' title='bbox 1176 724 1219 756; x_wconf 94' lang='lat' dir='ltr'><strong>et</strong></span> <span class='ocrx_word' id='word_1_84' title='bbox 1248 714 1418 755; x_wconf 90' lang='lat' dir='ltr'><strong>fortuna</strong></span> <span class='ocrx_word' id='word_1_85' title='bbox 1453 710 1598 758; x_wconf 67' lang='lat' dir='ltr'>110ch</span> <span class='ocrx_word' id='word_1_86' title='bbox 1617 721 1672 741; x_wconf 67' lang='lat'><strong>‘³⁰⁵</strong></span> <span class='ocrx_word' id='word_1_87' title='bbox 1688 721 1743 750; x_wconf 71' lang='grc' dir='ltr'><strong>ΟΡ·</strong></span> 
     </span>
     <span class='ocr_line' id='line_1_11' title="bbox 130 753 1733 826; baseline 0.001 -15"><span class='ocrx_word' id='word_1_88' title='bbox 130 770 246 826; x_wconf 87' lang='lat' dir='ltr'><strong>‘egit</strong></span> <span class='ocrx_word' id='word_1_89' title='bbox 282 785 387 821; x_wconf 88' lang='lat' dir='ltr'><strong>mea,</strong></span> <span class='ocrx_word' id='word_1_90' title='bbox 425 786 551 812; x_wconf 89' lang='lat' dir='ltr'><strong>nemo</strong></span> <span class='ocrx_word' id='word_1_91' title='bbox 586 780 771 813; x_wconf 91' lang='lat' dir='ltr'><strong>vestrum</strong></span> <span class='ocrx_word' id='word_1_92' title='bbox 807 771 1064 813; x_wconf 78' lang='lat' dir='ltr'><strong>conditionis</strong></span> <span class='ocrx_word' id='word_1_93' title='bbox 1098 787 1215 813; x_wconf 88' lang='lat' dir='ltr'><strong>meae</strong></span> <span class='ocrx_word' id='word_1_94' title='bbox 1250 771 1429 813; x_wconf 90' lang='lat' dir='ltr'><strong>oblitum</strong></span> <span class='ocrx_word' id='word_1_95' title='bbox 1466 786 1532 812; x_wconf 87' lang='lat' dir='ltr'><strong>me</strong></span> <span class='ocrx_word' id='word_1_96' title='bbox 1547 753 1733 826; x_wconf 49' lang='lat' dir='ltr'><strong>grgffifflgg’s</strong></span> 
     </span>
     <span class='ocr_line' id='line_1_12' title="bbox 131 827 1706 885; baseline -0.001 -17"><span class='ocrx_word' id='word_1_97' title='bbox 131 827 243 869; x_wconf 89' lang='lat' dir='ltr'><strong>‘huc</strong></span> <span class='ocrx_word' id='word_1_98' title='bbox 283 829 530 884; x_wconf 79' lang='lat' dir='ltr'><strong>processisse</strong></span> <span class='ocrx_word' id='word_1_99' title='bbox 565 837 713 885; x_wconf 91' lang='lat' dir='ltr'><strong>putet:</strong></span> <span class='ocrx_word' id='word_1_100' title='bbox 759 828 833 870; x_wconf 90' lang='lat' dir='ltr'><strong>sed</strong></span> <span class='ocrx_word' id='word_1_101' title='bbox 868 844 934 870; x_wconf 90' lang='lat' dir='ltr'><strong>res</strong></span> <span class='ocrx_word' id='word_1_102' title='bbox 969 844 1016 870; x_wconf 79' lang='lat' dir='ltr'><strong>ac</strong></span> <span class='ocrx_word' id='word_1_103' title='bbox 1043 829 1279 885; x_wconf 90' lang='lat' dir='ltr'><strong>periculum</strong></span> <span class='ocrx_word' id='word_1_104' title='bbox 1308 843 1532 870; x_wconf 88' lang='lat' dir='ltr'><strong>commune</strong></span> <span class='ocrx_word' id='word_1_105' title='bbox 1548 838 1706 885; x_wconf 37' lang='lat' dir='ltr'><strong>,Ardeates</strong></span> 
     </span>
     <span class='ocr_line' id='line_1_13' title="bbox 131 884 1670 943; baseline 0 -17"><span class='ocrx_word' id='word_1_106' title='bbox 131 885 283 941; x_wconf 83' lang='lat' dir='ltr'><strong>‘cogit,</strong></span> <span class='ocrx_word' id='word_1_107' title='bbox 326 885 441 941; x_wconf 89' lang='lat' dir='ltr'><strong>quod</strong></span> <span class='ocrx_word' id='word_1_108' title='bbox 482 886 660 942; x_wconf 90' lang='lat' dir='ltr'><strong>quisque</strong></span> <span class='ocrx_word' id='word_1_109' title='bbox 703 886 834 942; x_wconf 86' lang='lat' dir='ltr'><strong>possit</strong></span> <span class='ocrx_word' id='word_1_110' title='bbox 870 887 915 927; x_wconf 89' lang='lat' dir='ltr'><strong>in</strong></span> <span class='ocrx_word' id='word_1_111' title='bbox 952 901 996 927; x_wconf 91' lang='lat' dir='ltr'><strong>re</strong></span> <span class='ocrx_word' id='word_1_112' title='bbox 1034 886 1200 943; x_wconf 87' lang='lat' dir='ltr'><strong>trepida</strong></span> <span class='ocrx_word' id='word_1_113' title='bbox 1234 886 1445 943; x_wconf 88' lang='lat' dir='ltr'><strong>praesidii,</strong></span> <span class='ocrx_word' id='word_1_114' title='bbox 1488 884 1670 926; x_wconf 66' lang='lat' dir='ltr'><strong>inmutat.</strong></span> 
     </span>
    </p>

    <p class='ocr_par' dir='ltr' id='par_1_3' title="bbox 99 942 1533 999">
     <span class='ocr_line' id='line_1_14' title="bbox 99 942 1533 999; baseline 0.001 -17"><span class='ocrx_word' id='word_1_115' title='bbox 99 947 144 976; x_wconf 80' lang='lat'><strong>2‘</strong></span> <span class='ocrx_word' id='word_1_116' title='bbox 159 942 347 983; x_wconf 87' lang='lat' dir='ltr'><strong>medium</strong></span> <span class='ocrx_word' id='word_1_117' title='bbox 395 943 596 984; x_wconf 83' lang='lat' dir='ltr'><strong>conferre.</strong></span> <span class='ocrx_word' id='word_1_118' title='bbox 680 942 736 984; x_wconf 90' lang='lat' dir='ltr'><strong>Et</strong></span> <span class='ocrx_word' id='word_1_119' title='bbox 783 943 955 999; x_wconf 88' lang='lat' dir='ltr'><strong>quando</strong></span> <span class='ocrx_word' id='word_1_120' title='bbox 1003 959 1082 999; x_wconf 86' lang='lat' dir='ltr'><strong>ego</strong></span> <span class='ocrx_word' id='word_1_121' title='bbox 1122 943 1240 985; x_wconf 84' lang='lat' dir='ltr'><strong>vobis</strong></span> <span class='ocrx_word' id='word_1_122' title='bbox 1288 958 1365 999; x_wconf 92' lang='lat' dir='ltr'><strong>pro</strong></span> <span class='ocrx_word' id='word_1_123' title='bbox 1407 943 1533 984; x_wconf 89' lang='lat' dir='ltr'><strong>tantis</strong></span> 
     </span>
    </p>

    <p class='ocr_par' dir='ltr' id='par_1_4' title="bbox 130 999 1534 2314">
     <span class='ocr_line' id='line_1_15' title="bbox 133 999 1534 1056; baseline 0.001 -17"><span class='ocrx_word' id='word_1_124' title='bbox 133 999 305 1040; x_wconf 89' lang='lat' dir='ltr'><strong>‘vestris</strong></span> <span class='ocrx_word' id='word_1_125' title='bbox 345 1000 390 1040; x_wconf 91' lang='lat' dir='ltr'><strong>in</strong></span> <span class='ocrx_word' id='word_1_126' title='bbox 427 1015 493 1041; x_wconf 90' lang='lat' dir='ltr'><strong>me</strong></span> <span class='ocrx_word' id='word_1_127' title='bbox 530 1000 688 1041; x_wconf 89' lang='lat' dir='ltr'><strong>meritis</strong></span> <span class='ocrx_word' id='word_1_128' title='bbox 729 1001 903 1056; x_wconf 84' lang='lat' dir='ltr'><strong>gratiam</strong></span> <span class='ocrx_word' id='word_1_129' title='bbox 946 1001 1136 1050; x_wconf 87' lang='lat' dir='ltr'><strong>referam,</strong></span> <span class='ocrx_word' id='word_1_130' title='bbox 1179 1001 1212 1041; x_wconf 91' lang='lat' dir='ltr'><strong>si</strong></span> <span class='ocrx_word' id='word_1_131' title='bbox 1249 1015 1363 1041; x_wconf 90' lang='lat' dir='ltr'><strong>nunc</strong></span> <span class='ocrx_word' id='word_1_132' title='bbox 1399 1015 1534 1041; x_wconf 88' lang='lat' dir='ltr'><strong>cessa—</strong></span> 
     </span>
     <span class='ocr_line' id='line_1_16' title="bbox 131 1057 1533 1107; baseline 0 -10"><span class='ocrx_word' id='word_1_133' title='bbox 131 1057 288 1098; x_wconf 82' lang='lat' dir='ltr'><strong>‘vero?</strong></span> <span class='ocrx_word' id='word_1_134' title='bbox 316 1065 388 1097; x_wconf 87' lang='lat' dir='ltr'><strong>aut</strong></span> <span class='ocrx_word' id='word_1_135' title='bbox 415 1057 487 1098; x_wconf 90' lang='lat' dir='ltr'><strong>ubi</strong></span> <span class='ocrx_word' id='word_1_136' title='bbox 515 1072 614 1098; x_wconf 87' lang='lat' dir='ltr'><strong>usus</strong></span> <span class='ocrx_word' id='word_1_137' title='bbox 642 1057 721 1098; x_wconf 90' lang='lat' dir='ltr'><strong>erit</strong></span> <span class='ocrx_word' id='word_1_138' title='bbox 748 1058 830 1098; x_wconf 87' lang='lat' dir='ltr'><strong>mei</strong></span> <span class='ocrx_word' id='word_1_139' title='bbox 850 1058 980 1107; x_wconf 80' lang='lat' dir='ltr'><strong>vobis,</strong></span> <span class='ocrx_word' id='word_1_140' title='bbox 1003 1058 1037 1099; x_wconf 88' lang='lat' dir='ltr'><strong>si</strong></span> <span class='ocrx_word' id='word_1_141' title='bbox 1065 1058 1110 1098; x_wconf 92' lang='lat' dir='ltr'><strong>in</strong></span> <span class='ocrx_word' id='word_1_142' title='bbox 1137 1057 1248 1099; x_wconf 88' lang='lat' dir='ltr'><strong>bello</strong></span> <span class='ocrx_word' id='word_1_143' title='bbox 1270 1072 1357 1099; x_wconf 88' lang='lat' dir='ltr'><strong>non</strong></span> <span class='ocrx_word' id='word_1_144' title='bbox 1377 1057 1533 1098; x_wconf 87' lang='lat' dir='ltr'><strong>fuerit?</strong></span> 
     </span>
     <span class='ocr_line' id='line_1_17' title="bbox 130 1113 1533 1170; baseline 0 -16"><span class='ocrx_word' id='word_1_145' title='bbox 130 1119 144 1136; x_wconf 93' lang='lat'>‘</span> <span class='ocrx_word' id='word_1_146' title='bbox 162 1113 256 1155; x_wconf 91' lang='lat' dir='ltr'><strong>Hac</strong></span> <span class='ocrx_word' id='word_1_147' title='bbox 278 1123 365 1155; x_wconf 87' lang='lat' dir='ltr'><strong>arte</strong></span> <span class='ocrx_word' id='word_1_148' title='bbox 388 1115 432 1155; x_wconf 92' lang='lat' dir='ltr'><strong>in</strong></span> <span class='ocrx_word' id='word_1_149' title='bbox 458 1115 592 1170; x_wconf 87' lang='lat' dir='ltr'><strong>patria</strong></span> <span class='ocrx_word' id='word_1_150' title='bbox 617 1115 741 1163; x_wconf 85' lang='lat' dir='ltr'><strong>steti3</strong></span> <span class='ocrx_word' id='word_1_151' title='bbox 775 1124 829 1164; x_wconf 86' lang='lat' dir='ltr'><strong>et,</strong></span> <span class='ocrx_word' id='word_1_152' title='bbox 852 1115 1032 1156; x_wconf 86' lang='lat' dir='ltr'><strong>invictus</strong></span> <span class='ocrx_word' id='word_1_153' title='bbox 1059 1114 1182 1164; x_wconf 89' lang='lat' dir='ltr'><strong>bello,</strong></span> <span class='ocrx_word' id='word_1_154' title='bbox 1205 1115 1249 1155; x_wconf 91' lang='lat' dir='ltr'><strong>in</strong></span> <span class='ocrx_word' id='word_1_155' title='bbox 1271 1129 1373 1170; x_wconf 88' lang='lat' dir='ltr'><strong>pace</strong></span> <span class='ocrx_word' id='word_1_156' title='bbox 1395 1115 1447 1155; x_wconf 89' lang='lat' dir='ltr'><strong>ab</strong></span> <span class='ocrx_word' id='word_1_157' title='bbox 1468 1114 1533 1154; x_wconf 88' lang='lat' dir='ltr'><strong>in-</strong></span> 
     </span>
     <span class='ocr_line' id='line_1_18' title="bbox 133 1171 1533 1228; baseline -0.001 -16"><span class='ocrx_word' id='word_1_158' title='bbox 133 1172 288 1228; x_wconf 87' lang='lat' dir='ltr'><strong>‘gratis</strong></span> <span class='ocrx_word' id='word_1_159' title='bbox 320 1172 480 1213; x_wconf 90' lang='lat' dir='ltr'><strong>civibus</strong></span> <span class='ocrx_word' id='word_1_160' title='bbox 513 1172 657 1228; x_wconf 91' lang='lat' dir='ltr'><strong>pulsus</strong></span> <span class='ocrx_word' id='word_1_161' title='bbox 689 1186 793 1212; x_wconf 88' lang='lat' dir='ltr'><strong>sum.</strong></span> <span class='ocrx_word' id='word_1_162' title='bbox 856 1171 989 1212; x_wconf 89' lang='lat' dir='ltr'><strong>Vobis</strong></span> <span class='ocrx_word' id='word_1_163' title='bbox 1022 1181 1176 1221; x_wconf 85' lang='lat' dir='ltr'><strong>autem,</strong></span> <span class='ocrx_word' id='word_1_164' title='bbox 1201 1172 1420 1220; x_wconf 88' lang='lat' dir='ltr'><strong>Ardeates,</strong></span> <span class='ocrx_word' id='word_1_165' title='bbox 1449 1171 1533 1212; x_wconf 90' lang='lat' dir='ltr'><strong>for-</strong></span> 
     </span>
     <span class='ocr_line' id='line_1_19' title="bbox 130 1229 1534 1285; baseline -0.001 -15"><span class='ocrx_word' id='word_1_166' title='bbox 130 1233 146 1252; x_wconf 91' lang='lat'>‘</span> <span class='ocrx_word' id='word_1_167' title='bbox 161 1238 265 1270; x_wconf 89' lang='lat' dir='ltr'><strong>tuna</strong></span> <span class='ocrx_word' id='word_1_168' title='bbox 285 1229 423 1270; x_wconf 86' lang='lat' dir='ltr'><strong>oblata</strong></span> <span class='ocrx_word' id='word_1_169' title='bbox 442 1239 516 1278; x_wconf 90' lang='lat' dir='ltr'><strong>cst,</strong></span> <span class='ocrx_word' id='word_1_170' title='bbox 535 1237 577 1270; x_wconf 93' lang='lat' dir='ltr'><strong>ct</strong></span> <span class='ocrx_word' id='word_1_171' title='bbox 598 1244 673 1285; x_wconf 88' lang='lat' dir='ltr'><strong>pro</strong></span> <span class='ocrx_word' id='word_1_172' title='bbox 695 1229 821 1270; x_wconf 86' lang='lat' dir='ltr'><strong>tantis</strong></span> <span class='ocrx_word' id='word_1_173' title='bbox 836 1229 1021 1285; x_wconf 87' lang='lat' dir='ltr'><strong>pristinis</strong></span> <span class='ocrx_word' id='word_1_174' title='bbox 1037 1229 1183 1285; x_wconf 92' lang='lat' dir='ltr'><strong>populi</strong></span> <span class='ocrx_word' id='word_1_175' title='bbox 1203 1229 1386 1270; x_wconf 87' lang='lat' dir='ltr'><strong>Romani</strong></span> <span class='ocrx_word' id='word_1_176' title='bbox 1402 1229 1534 1269; x_wconf 89' lang='lat' dir='ltr'><strong>benc-</strong></span> 
     </span>
     <span class='ocr_line' id='line_1_20' title="bbox 133 1285 1532 1342; baseline -0.001 -15"><span class='ocrx_word' id='word_1_177' title='bbox 133 1291 146 1310; x_wconf 90' lang='lat'>‘</span> <span class='ocrx_word' id='word_1_178' title='bbox 161 1286 279 1335; x_wconf 87' lang='lat' dir='ltr'><strong>ficiis,</strong></span> <span class='ocrx_word' id='word_1_179' title='bbox 296 1296 454 1342; x_wconf 87' lang='lat' dir='ltr'><strong>quanta</strong></span> <span class='ocrx_word' id='word_1_180' title='bbox 476 1286 553 1342; x_wconf 92' lang='lat' dir='ltr'><strong>ipsi</strong></span> <span class='ocrx_word' id='word_1_181' title='bbox 571 1286 830 1335; x_wconf 88' lang='lat' dir='ltr'><strong>meministis,</strong></span> <span class='ocrx_word' id='word_1_182' title='bbox 849 1286 948 1342; x_wconf 89' lang='lat' dir='ltr'><strong>(nec</strong></span> <span class='ocrx_word' id='word_1_183' title='bbox 970 1287 1084 1327; x_wconf 90' lang='lat' dir='ltr'><strong>enim</strong></span> <span class='ocrx_word' id='word_1_184' title='bbox 1105 1285 1398 1342; x_wconf 86' lang='lat' dir='ltr'><strong>exprobranda</strong></span> <span class='ocrx_word' id='word_1_185' title='bbox 1418 1285 1532 1341; x_wconf 90' lang='lat' dir='ltr'><strong>apud</strong></span> 
     </span>
     <span class='ocr_line' id='line_1_21' title="bbox 133 1342 1534 1399; baseline -0.001 -15"><span class='ocrx_word' id='word_1_186' title='bbox 133 1348 362 1384; x_wconf 87' lang='lat' dir='ltr'><strong>‘memores</strong></span> <span class='ocrx_word' id='word_1_187' title='bbox 402 1347 520 1398; x_wconf 92' lang='lat' dir='ltr'><strong>sunt)</strong></span> <span class='ocrx_word' id='word_1_188' title='bbox 555 1343 710 1399; x_wconf 81' lang='lat' dir='ltr'><strong>gratiae</strong></span> <span class='ocrx_word' id='word_1_189' title='bbox 754 1343 1009 1392; x_wconf 83' lang='lat' dir='ltr'><strong>referendae,</strong></span> <span class='ocrx_word' id='word_1_190' title='bbox 1047 1352 1090 1384; x_wconf 89' lang='lat' dir='ltr'><strong>et</strong></span> <span class='ocrx_word' id='word_1_191' title='bbox 1129 1343 1229 1384; x_wconf 90' lang='lat' dir='ltr'><strong>huic</strong></span> <span class='ocrx_word' id='word_1_192' title='bbox 1270 1343 1364 1384; x_wconf 90' lang='lat' dir='ltr'><strong>urbi</strong></span> <span class='ocrx_word' id='word_1_193' title='bbox 1404 1342 1534 1383; x_wconf 88' lang='lat' dir='ltr'><strong>decus</strong></span> 
     </span>
     <span class='ocr_line' id='line_1_22' title="bbox 131 1399 1534 1457; baseline -0.001 -16"><span class='ocrx_word' id='word_1_194' title='bbox 131 1401 311 1457; x_wconf 85' lang='lat' dir='ltr'><strong>‘ingens</strong></span> <span class='ocrx_word' id='word_1_195' title='bbox 345 1400 444 1442; x_wconf 88' lang='lat' dir='ltr'><strong>belli</strong></span> <span class='ocrx_word' id='word_1_196' title='bbox 481 1416 533 1441; x_wconf 85' lang='lat' dir='ltr'><strong>cx</strong></span> <span class='ocrx_word' id='word_1_197' title='bbox 570 1401 687 1442; x_wconf 91' lang='lat' dir='ltr'><strong>hoste</strong></span> <span class='ocrx_word' id='word_1_198' title='bbox 724 1400 938 1441; x_wconf 90' lang='lat' dir='ltr'><strong>communi</strong></span> <span class='ocrx_word' id='word_1_199' title='bbox 974 1400 1177 1455; x_wconf 88' lang='lat' dir='ltr'><strong>pariendi.</strong></span> <span class='ocrx_word' id='word_1_200' title='bbox 1244 1399 1366 1448; x_wconf 83' lang='lat' dir='ltr'><strong>Quae</strong></span> <span class='ocrx_word' id='word_1_201' title='bbox 1401 1400 1534 1440; x_wconf 87' lang='lat' dir='ltr'><strong>effuso</strong></span> 
     </span>
     <span class='ocr_line' id='line_1_23' title="bbox 133 1457 1532 1514; baseline -0.001 -16"><span class='ocrx_word' id='word_1_202' title='bbox 133 1463 146 1481; x_wconf 91' lang='lat'>‘</span> <span class='ocrx_word' id='word_1_203' title='bbox 161 1458 328 1514; x_wconf 80' lang='lat' dir='ltr'><strong>agmine</strong></span> <span class='ocrx_word' id='word_1_204' title='bbox 357 1457 567 1507; x_wconf 85' lang='lat' dir='ltr'><strong>adventat,</strong></span> <span class='ocrx_word' id='word_1_205' title='bbox 589 1472 693 1513; x_wconf 85' lang='lat' dir='ltr'><strong>gens</strong></span> <span class='ocrx_word' id='word_1_206' title='bbox 721 1466 795 1506; x_wconf 93' lang='lat' dir='ltr'><strong>est,</strong></span> <span class='ocrx_word' id='word_1_207' title='bbox 819 1457 886 1497; x_wconf 90' lang='lat' dir='ltr'><strong>cui</strong></span> <span class='ocrx_word' id='word_1_208' title='bbox 912 1466 1062 1497; x_wconf 85' lang='lat' dir='ltr'><strong>natura</strong></span> <span class='ocrx_word' id='word_1_209' title='bbox 1086 1472 1261 1513; x_wconf 89' lang='lat' dir='ltr'><strong>corpora</strong></span> <span class='ocrx_word' id='word_1_210' title='bbox 1285 1457 1532 1512; x_wconf 87' lang='lat' dir='ltr'><strong>animosque</strong></span> 
     </span>
     <span class='ocr_line' id='line_1_24' title="bbox 132 1514 1531 1572; baseline -0.001 -16"><span class='ocrx_word' id='word_1_211' title='bbox 132 1521 146 1539; x_wconf 88' lang='lat'>‘</span> <span class='ocrx_word' id='word_1_212' title='bbox 163 1530 314 1572; x_wconf 85' lang='lat' dir='ltr'><strong>magna</strong></span> <span class='ocrx_word' id='word_1_213' title='bbox 334 1515 477 1571; x_wconf 83' lang='lat' dir='ltr'><strong>magis,</strong></span> <span class='ocrx_word' id='word_1_214' title='bbox 500 1530 627 1571; x_wconf 86' lang='lat' dir='ltr'><strong>quam</strong></span> <span class='ocrx_word' id='word_1_215' title='bbox 649 1515 780 1564; x_wconf 85' lang='lat' dir='ltr'><strong>firma,</strong></span> <span class='ocrx_word' id='word_1_216' title='bbox 802 1514 991 1555; x_wconf 88' lang='lat' dir='ltr'><strong>dederit:</strong></span> <span class='ocrx_word' id='word_1_217' title='bbox 1026 1529 1077 1555; x_wconf 90' lang='lat' dir='ltr'><strong>eo</strong></span> <span class='ocrx_word' id='word_1_218' title='bbox 1103 1514 1147 1554; x_wconf 92' lang='lat' dir='ltr'><strong>in</strong></span> <span class='ocrx_word' id='word_1_219' title='bbox 1172 1522 1385 1555; x_wconf 87' lang='lat' dir='ltr'><strong>certamen</strong></span> <span class='ocrx_word' id='word_1_220' title='bbox 1407 1528 1531 1554; x_wconf 89' lang='lat' dir='ltr'><strong>omne</strong></span> 
     </span>
     <span class='ocr_line' id='line_1_25' title="bbox 134 1570 1534 1628; baseline -0.002 -14"><span class='ocrx_word' id='word_1_221' title='bbox 134 1577 146 1596; x_wconf 91' lang='lat'>‘</span> <span class='ocrx_word' id='word_1_222' title='bbox 178 1573 255 1614; x_wconf 80' lang='lat' dir='ltr'><strong>›lus</strong></span> <span class='ocrx_word' id='word_1_223' title='bbox 276 1573 453 1621; x_wconf 87' lang='lat' dir='ltr'><strong>terroris,</strong></span> <span class='ocrx_word' id='word_1_224' title='bbox 478 1587 603 1628; x_wconf 89' lang='lat' dir='ltr'><strong>quam</strong></span> <span class='ocrx_word' id='word_1_225' title='bbox 625 1572 790 1620; x_wconf 89' lang='lat' dir='ltr'><strong>virium,</strong></span> <span class='ocrx_word' id='word_1_226' title='bbox 812 1571 965 1612; x_wconf 84' lang='lat' dir='ltr'><strong>serunt.</strong></span> <span class='ocrx_word' id='word_1_227' title='bbox 1030 1571 1299 1628; x_wconf 85' lang='lat' dir='ltr'><strong>Argumento</strong></span> <span class='ocrx_word' id='word_1_228' title='bbox 1320 1571 1374 1612; x_wconf 88' lang='lat' dir='ltr'><strong>sit</strong></span> <span class='ocrx_word' id='word_1_229' title='bbox 1394 1570 1534 1612; x_wconf 87' lang='lat' dir='ltr'><strong>clades</strong></span> 
     </span>
     <span class='ocr_line' id='line_1_26' title="bbox 133 1628 1533 1685; baseline -0.001 -15"><span class='ocrx_word' id='word_1_230' title='bbox 133 1635 145 1653; x_wconf 90' lang='lat'>‘</span> <span class='ocrx_word' id='word_1_231' title='bbox 179 1630 366 1671; x_wconf 49' lang='lat' dir='ltr'><strong>Romana.</strong></span> <span class='ocrx_word' id='word_1_232' title='bbox 430 1630 651 1670; x_wconf 89' lang='lat' dir='ltr'><strong>Patentem</strong></span> <span class='ocrx_word' id='word_1_233' title='bbox 686 1643 834 1685; x_wconf 89' lang='lat' dir='ltr'><strong>cepere</strong></span> <span class='ocrx_word' id='word_1_234' title='bbox 868 1629 1043 1678; x_wconf 75' lang='lat' dir='ltr'><strong>urbein3</strong></span> <span class='ocrx_word' id='word_1_235' title='bbox 1081 1644 1134 1670; x_wconf 87' lang='lat' dir='ltr'><strong>ex</strong></span> <span class='ocrx_word' id='word_1_236' title='bbox 1169 1644 1263 1670; x_wconf 89' lang='lat' dir='ltr'><strong>arce</strong></span> <span class='ocrx_word' id='word_1_237' title='bbox 1298 1628 1533 1685; x_wconf 85' lang='lat' dir='ltr'><strong>Capitolio-</strong></span> 
     </span>
     <span class='ocr_line' id='line_1_27' title="bbox 132 1685 1533 1743; baseline -0.001 -15"><span class='ocrx_word' id='word_1_238' title='bbox 132 1692 244 1743; x_wconf 88' lang='lat' dir='ltr'><strong>‘que</strong></span> <span class='ocrx_word' id='word_1_239' title='bbox 277 1687 341 1728; x_wconf 90' lang='lat' dir='ltr'><strong>his</strong></span> <span class='ocrx_word' id='word_1_240' title='bbox 371 1687 525 1743; x_wconf 85' lang='lat' dir='ltr'><strong>exigua</strong></span> <span class='ocrx_word' id='word_1_241' title='bbox 560 1686 764 1728; x_wconf 88' lang='lat' dir='ltr'><strong>resistitur</strong></span> <span class='ocrx_word' id='word_1_242' title='bbox 800 1701 938 1727; x_wconf 86' lang='lat' dir='ltr'><strong>manu.</strong></span> <span class='ocrx_word' id='word_1_243' title='bbox 1004 1685 1093 1727; x_wconf 89' lang='lat' dir='ltr'><strong>Iam</strong></span> <span class='ocrx_word' id='word_1_244' title='bbox 1130 1686 1360 1728; x_wconf 90' lang='lat' dir='ltr'><strong>obsidionis</strong></span> <span class='ocrx_word' id='word_1_245' title='bbox 1394 1685 1533 1727; x_wconf 87' lang='lat' dir='ltr'><strong>taedio</strong></span> 
     </span>
     <span class='ocr_line' id='line_1_28' title="bbox 132 1742 1534 1800; baseline -0.001 -15"><span class='ocrx_word' id='word_1_246' title='bbox 132 1744 260 1786; x_wconf 90' lang='lat' dir='ltr'><strong>‘victi</strong></span> <span class='ocrx_word' id='word_1_247' title='bbox 285 1743 529 1794; x_wconf 89' lang='lat' dir='ltr'><strong>abscedunt,</strong></span> <span class='ocrx_word' id='word_1_248' title='bbox 552 1743 730 1800; x_wconf 81' lang='lat' dir='ltr'><strong>vagique</strong></span> <span class='ocrx_word' id='word_1_249' title='bbox 758 1758 834 1800; x_wconf 89' lang='lat' dir='ltr'><strong>per</strong></span> <span class='ocrx_word' id='word_1_250' title='bbox 862 1758 981 1799; x_wconf 84' lang='lat' dir='ltr'><strong>agros</strong></span> <span class='ocrx_word' id='word_1_251' title='bbox 1007 1743 1215 1800; x_wconf 88' lang='lat' dir='ltr'><strong>palantur.</strong></span> <span class='ocrx_word' id='word_1_252' title='bbox 1282 1742 1392 1785; x_wconf 91' lang='lat' dir='ltr'><strong>Cibo</strong></span> <span class='ocrx_word' id='word_1_253' title='bbox 1414 1743 1534 1784; x_wconf 86' lang='lat' dir='ltr'><strong>vino—</strong></span> 
     </span>
     <span class='ocr_line' id='line_1_29' title="bbox 131 1800 1532 1858; baseline -0.001 -15"><span class='ocrx_word' id='word_1_254' title='bbox 131 1806 243 1858; x_wconf 86' lang='lat' dir='ltr'><strong>‘que</strong></span> <span class='ocrx_word' id='word_1_255' title='bbox 276 1801 427 1858; x_wconf 88' lang='lat' dir='ltr'><strong>raptim</strong></span> <span class='ocrx_word' id='word_1_256' title='bbox 459 1802 607 1843; x_wconf 89' lang='lat' dir='ltr'><strong>hausto</strong></span> <span class='ocrx_word' id='word_1_257' title='bbox 638 1800 799 1858; x_wconf 90' lang='lat' dir='ltr'><strong>repleti,</strong></span> <span class='ocrx_word' id='word_1_258' title='bbox 833 1801 904 1842; x_wconf 83' lang='lat' dir='ltr'><strong>ubi</strong></span> <span class='ocrx_word' id='word_1_259' title='bbox 938 1816 1023 1842; x_wconf 85' lang='lat' dir='ltr'><strong>nox</strong></span> <span class='ocrx_word' id='word_1_260' title='bbox 1057 1801 1230 1858; x_wconf 87' lang='lat' dir='ltr'><strong>appetit,</strong></span> <span class='ocrx_word' id='word_1_261' title='bbox 1262 1816 1392 1858; x_wconf 89' lang='lat' dir='ltr'><strong>prope</strong></span> <span class='ocrx_word' id='word_1_262' title='bbox 1423 1801 1532 1841; x_wconf 90' lang='lat' dir='ltr'><strong>rivos</strong></span> 
     </span>
     <span class='ocr_line' id='line_1_30' title="bbox 133 1858 1530 1916; baseline -0.001 -16"><span class='ocrx_word' id='word_1_263' title='bbox 133 1864 376 1916; x_wconf 75' lang='lat' dir='ltr'><strong>‘aquai-um,</strong></span> <span class='ocrx_word' id='word_1_264' title='bbox 408 1859 498 1900; x_wconf 90' lang='lat' dir='ltr'><strong>sine</strong></span> <span class='ocrx_word' id='word_1_265' title='bbox 529 1859 807 1908; x_wconf 90' lang='lat' dir='ltr'><strong>munimento,</strong></span> <span class='ocrx_word' id='word_1_266' title='bbox 835 1859 924 1899; x_wconf 91' lang='lat' dir='ltr'><strong>sinc</strong></span> <span class='ocrx_word' id='word_1_267' title='bbox 955 1859 1205 1900; x_wconf 88' lang='lat' dir='ltr'><strong>stationibus</strong></span> <span class='ocrx_word' id='word_1_268' title='bbox 1237 1874 1284 1899; x_wconf 89' lang='lat' dir='ltr'><strong>ac</strong></span> <span class='ocrx_word' id='word_1_269' title='bbox 1315 1858 1530 1907; x_wconf 89' lang='lat' dir='ltr'><strong>custodiis,</strong></span> 
     </span>
     <span class='ocr_line' id='line_1_31' title="bbox 133 1915 1532 1973; baseline -0.001 -15"><span class='ocrx_word' id='word_1_270' title='bbox 133 1917 312 1973; x_wconf 85' lang='lat' dir='ltr'><strong>‘passim</strong></span> <span class='ocrx_word' id='word_1_271' title='bbox 343 1917 522 1958; x_wconf 87' lang='lat' dir='ltr'><strong>ferarum</strong></span> <span class='ocrx_word' id='word_1_272' title='bbox 554 1917 636 1957; x_wconf 90' lang='lat' dir='ltr'><strong>ritu</strong></span> <span class='ocrx_word' id='word_1_273' title='bbox 668 1925 923 1965; x_wconf 88' lang='lat' dir='ltr'><strong>sternuntur,</strong></span> <span class='ocrx_word' id='word_1_274' title='bbox 953 1931 1067 1958; x_wconf 90' lang='lat' dir='ltr'><strong>nunc</strong></span> <span class='ocrx_word' id='word_1_275' title='bbox 1099 1917 1150 1957; x_wconf 89' lang='lat' dir='ltr'><strong>ab</strong></span> <span class='ocrx_word' id='word_1_276' title='bbox 1181 1915 1377 1958; x_wconf 89' lang='lat' dir='ltr'><strong>secundis</strong></span> <span class='ocrx_word' id='word_1_277' title='bbox 1408 1916 1532 1957; x_wconf 91' lang='lat' dir='ltr'><strong>rebus</strong></span> 
     </span>
     <span class='ocr_line' id='line_1_32' title="bbox 133 1973 1531 2030; baseline -0.001 -15"><span class='ocrx_word' id='word_1_278' title='bbox 133 1974 293 2030; x_wconf 81' lang='lat' dir='ltr'><strong>‘magis</strong></span> <span class='ocrx_word' id='word_1_279' title='bbox 323 1974 448 2015; x_wconf 87' lang='lat' dir='ltr'><strong>ctiam</strong></span> <span class='ocrx_word' id='word_1_280' title='bbox 480 1973 601 2015; x_wconf 87' lang='lat' dir='ltr'><strong>solito</strong></span> <span class='ocrx_word' id='word_1_281' title='bbox 632 1974 802 2015; x_wconf 87' lang='lat' dir='ltr'><strong>incauti.</strong></span> <span class='ocrx_word' id='word_1_282' title='bbox 868 1973 912 2014; x_wconf 87' lang='lat' dir='ltr'><strong>Si</strong></span> <span class='ocrx_word' id='word_1_283' title='bbox 939 1973 1057 2014; x_wconf 89' lang='lat' dir='ltr'><strong>vobis</strong></span> <span class='ocrx_word' id='word_1_284' title='bbox 1088 1973 1131 2014; x_wconf 91' lang='lat' dir='ltr'><strong>in</strong></span> <span class='ocrx_word' id='word_1_285' title='bbox 1160 1974 1301 2014; x_wconf 90' lang='lat' dir='ltr'><strong>animo</strong></span> <span class='ocrx_word' id='word_1_286' title='bbox 1330 1982 1393 2014; x_wconf 89' lang='lat' dir='ltr'><strong>est</strong></span> <span class='ocrx_word' id='word_1_287' title='bbox 1424 1973 1531 2014; x_wconf 85' lang='lat' dir='ltr'><strong>tueri</strong></span> 
     </span>
     <span class='ocr_line' id='line_1_33' title="bbox 133 2030 1533 2085; baseline -0.001 -13"><span class='ocrx_word' id='word_1_288' title='bbox 133 2032 329 2072; x_wconf 88' lang='lat' dir='ltr'><strong>‘moenia</strong></span> <span class='ocrx_word' id='word_1_289' title='bbox 355 2040 502 2080; x_wconf 80' lang='lat' dir='ltr'><strong>vestra,</strong></span> <span class='ocrx_word' id='word_1_290' title='bbox 526 2046 604 2071; x_wconf 90' lang='lat' dir='ltr'><strong>nec</strong></span> <span class='ocrx_word' id='word_1_291' title='bbox 649 2030 721 2071; x_wconf 54' lang='lat' dir='ltr'><strong>mati</strong></span> <span class='ocrx_word' id='word_1_292' title='bbox 753 2030 856 2070; x_wconf 87' lang='lat' dir='ltr'><strong>haec</strong></span> <span class='ocrx_word' id='word_1_293' title='bbox 888 2030 1030 2070; x_wconf 87' lang='lat' dir='ltr'><strong>omnia</strong></span> <span class='ocrx_word' id='word_1_294' title='bbox 1053 2030 1235 2071; x_wconf 85' lang='lat' dir='ltr'><strong>Galliam</strong></span> <span class='ocrx_word' id='word_1_295' title='bbox 1266 2030 1368 2079; x_wconf 86' lang='lat' dir='ltr'><strong>fieri,</strong></span> <span class='ocrx_word' id='word_1_296' title='bbox 1398 2030 1533 2085; x_wconf 86' lang='lat' dir='ltr'><strong>prima</strong></span> 
     </span>
     <span class='ocr_line' id='line_1_34' title="bbox 134 2046 1530 2143; baseline -0.001 -14"><span class='ocrx_word' id='word_1_297' title='bbox 134 2094 145 2111; x_wconf 94' lang='lat'>‘</span> <span class='ocrx_word' id='word_1_298' title='bbox 162 2088 303 2143; x_wconf 85' lang='lat' dir='ltr'><strong>vigilia</strong></span> <span class='ocrx_word' id='word_1_299' title='bbox 330 2088 465 2143; x_wconf 87' lang='lat' dir='ltr'><strong>capite</strong></span> <span class='ocrx_word' id='word_1_300' title='bbox 491 2103 605 2128; x_wconf 86' lang='lat' dir='ltr'><strong>arma</strong></span> <span class='ocrx_word' id='word_1_301' title='bbox 629 2046 896 2142; x_wconf 55' lang='lat' dir='ltr'><strong>irequentes:</strong></span> <span class='ocrx_word' id='word_1_302' title='bbox 931 2101 997 2126; x_wconf 85' lang='lat' dir='ltr'><strong>me</strong></span> <span class='ocrx_word' id='word_1_303' title='bbox 1019 2087 1244 2141; x_wconf 86' lang='lat' dir='ltr'><strong>sequimini</strong></span> <span class='ocrx_word' id='word_1_304' title='bbox 1267 2086 1319 2126; x_wconf 87' lang='lat' dir='ltr'><strong>ad</strong></span> <span class='ocrx_word' id='word_1_305' title='bbox 1345 2086 1530 2134; x_wconf 65' lang='lat' dir='ltr'><strong>caedem,</strong></span> 
     </span>
     <span class='ocr_line' id='line_1_35' title="bbox 133 2142 1532 2200; baseline -0.002 -14"><span class='ocrx_word' id='word_1_306' title='bbox 133 2151 145 2168; x_wconf 92' lang='lat'>‘</span> <span class='ocrx_word' id='word_1_307' title='bbox 164 2160 249 2186; x_wconf 92' lang='lat' dir='ltr'><strong>non</strong></span> <span class='ocrx_word' id='word_1_308' title='bbox 271 2144 323 2186; x_wconf 84' lang='lat' dir='ltr'><strong>ad</strong></span> <span class='ocrx_word' id='word_1_309' title='bbox 344 2159 541 2200; x_wconf 84' lang='lat' dir='ltr'><strong>pugnam.</strong></span> <span class='ocrx_word' id='word_1_310' title='bbox 606 2142 699 2184; x_wconf 73' lang='lat' dir='ltr'><strong>Nisi</strong></span> <span class='ocrx_word' id='word_1_311' title='bbox 723 2144 883 2184; x_wconf 84' lang='lat' dir='ltr'><strong>vinctos</strong></span> <span class='ocrx_word' id='word_1_312' title='bbox 904 2158 1063 2193; x_wconf 89' lang='lat' dir='ltr'><strong>somno,</strong></span> <span class='ocrx_word' id='word_1_313' title='bbox 1087 2143 1201 2184; x_wconf 85' lang='lat' dir='ltr'><strong>velut</strong></span> <span class='ocrx_word' id='word_1_314' title='bbox 1221 2143 1419 2199; x_wconf 86' lang='lat' dir='ltr'><strong>pecudes,</strong></span> <span class='ocrx_word' id='word_1_315' title='bbox 1444 2152 1532 2184; x_wconf 86' lang='lat' dir='ltr'><strong>tru-</strong></span> 
     </span>
     <span class='ocr_line' id='line_1_36' title="bbox 134 2200 1528 2250; baseline -0.001 -7"><span class='ocrx_word' id='word_1_316' title='bbox 134 2201 364 2243; x_wconf 82' lang='lat' dir='ltr'><strong>‘cidandos</strong></span> <span class='ocrx_word' id='word_1_317' title='bbox 400 2201 621 2250; x_wconf 88' lang='lat' dir='ltr'><strong>tradidero,</strong></span> <span class='ocrx_word' id='word_1_318' title='bbox 661 2215 746 2242; x_wconf 92' lang='lat' dir='ltr'><strong>non</strong></span> <span class='ocrx_word' id='word_1_319' title='bbox 783 2215 928 2242; x_wconf 90' lang='lat' dir='ltr'><strong>recuso</strong></span> <span class='ocrx_word' id='word_1_320' title='bbox 964 2200 1147 2241; x_wconf 90' lang='lat' dir='ltr'><strong>cundem</strong></span> <span class='ocrx_word' id='word_1_321' title='bbox 1187 2200 1352 2241; x_wconf 83' lang='lat' dir='ltr'><strong>Ardeae</strong></span> <span class='ocrx_word' id='word_1_322' title='bbox 1389 2215 1528 2241; x_wconf 88' lang='lat' dir='ltr'><strong>rerum</strong></span> 
     </span>
     <span class='ocr_line' id='line_1_37' title="bbox 134 2257 1057 2314; baseline -0.002 -14"><span class='ocrx_word' id='word_1_323' title='bbox 134 2265 146 2283; x_wconf 92' lang='lat'>‘</span> <span class='ocrx_word' id='word_1_324' title='bbox 164 2274 349 2300; x_wconf 83' lang='lat' dir='ltr'><strong>mearum</strong></span> <span class='ocrx_word' id='word_1_325' title='bbox 372 2259 547 2307; x_wconf 87' lang='lat' dir='ltr'><strong>exitum,</strong></span> <span class='ocrx_word' id='word_1_326' title='bbox 569 2273 696 2314; x_wconf 87' lang='lat' dir='ltr'><strong>quem</strong></span> <span class='ocrx_word' id='word_1_327' title='bbox 722 2257 881 2299; x_wconf 84' lang='lat' dir='ltr'><strong>Romae</strong></span> <span class='ocrx_word' id='word_1_328' title='bbox 904 2258 1057 2299; x_wconf 83' lang='lat' dir='ltr'><strong>habui.&#39;</strong></span> 
     </span>
    </p>

    <p class='ocr_par' dir='ltr' id='par_1_5' title="bbox 132 2315 1694 2601">
     <span class='ocr_line' id='line_1_38' title="bbox 194 2315 1682 2372; baseline -0.003 -15"><span class='ocrx_word' id='word_1_329' title='bbox 194 2316 356 2372; x_wconf 81' lang='lat' dir='ltr'><strong>Aequis</strong></span> <span class='ocrx_word' id='word_1_330' title='bbox 387 2316 626 2372; x_wconf 82' lang='lat' dir='ltr'><strong>iniquisque</strong></span> <span class='ocrx_word' id='word_1_331' title='bbox 658 2330 898 2372; x_wconf 81' lang='lat' dir='ltr'><strong>persuasum</strong></span> <span class='ocrx_word' id='word_1_332' title='bbox 931 2325 1030 2363; x_wconf 86' lang='lat' dir='ltr'><strong>erat,</strong></span> <span class='ocrx_word' id='word_1_333' title='bbox 1061 2325 1225 2357; x_wconf 84' lang='lat' dir='ltr'><strong>tantum</strong></span> <span class='ocrx_word' id='word_1_334' title='bbox 1257 2315 1368 2356; x_wconf 89' lang='lat' dir='ltr'><strong>bello</strong></span> <span class='ocrx_word' id='word_1_335' title='bbox 1397 2315 1530 2356; x_wconf 89' lang='lat' dir='ltr'><strong>virum</strong></span> <span class='ocrx_word' id='word_1_336' title='bbox 1614 2317 1682 2354; x_wconf 71' lang='lat'><strong>40.</strong></span> 
     </span>
     <span class='ocr_line' id='line_1_39' title="bbox 134 2372 1531 2430; baseline -0.002 -15"><span class='ocrx_word' id='word_1_337' title='bbox 134 2374 346 2415; x_wconf 89' lang='lat' dir='ltr'><strong>neminem</strong></span> <span class='ocrx_word' id='word_1_338' title='bbox 381 2389 555 2430; x_wconf 82' lang='lat' dir='ltr'><strong>usquam</strong></span> <span class='ocrx_word' id='word_1_339' title='bbox 583 2389 633 2414; x_wconf 84' lang='lat' dir='ltr'><strong>ca</strong></span> <span class='ocrx_word' id='word_1_340' title='bbox 662 2382 907 2429; x_wconf 79' lang='lat' dir='ltr'><strong>tempestate</strong></span> <span class='ocrx_word' id='word_1_341' title='bbox 934 2388 1033 2414; x_wconf 77' lang='lat' dir='ltr'><strong>csse.</strong></span> <span class='ocrx_word' id='word_1_342' title='bbox 1100 2373 1319 2413; x_wconf 80' lang='lat' dir='ltr'><strong>Com-ione</strong></span> <span class='ocrx_word' id='word_1_343' title='bbox 1349 2372 1531 2421; x_wconf 79' lang='lat' dir='ltr'><strong>dimissa,</strong></span> 
     </span>
     <span class='ocr_line' id='line_1_40' title="bbox 132 2429 1531 2488; baseline -0.002 -16"><span class='ocrx_word' id='word_1_344' title='bbox 132 2447 306 2488; x_wconf 84' lang='lat' dir='ltr'><strong>corpora</strong></span> <span class='ocrx_word' id='word_1_345' title='bbox 337 2441 497 2481; x_wconf 86' lang='lat' dir='ltr'><strong>curant,</strong></span> <span class='ocrx_word' id='word_1_346' title='bbox 530 2431 695 2479; x_wconf 82' lang='lat' dir='ltr'><strong>intenti,</strong></span> <span class='ocrx_word' id='word_1_347' title='bbox 728 2446 852 2486; x_wconf 84' lang='lat' dir='ltr'><strong>quam</strong></span> <span class='ocrx_word' id='word_1_348' title='bbox 888 2445 986 2470; x_wconf 82' lang='lat' dir='ltr'><strong>mox</strong></span> <span class='ocrx_word' id='word_1_349' title='bbox 1020 2431 1184 2485; x_wconf 69' lang='lat' dir='ltr'><strong>signum</strong></span> <span class='ocrx_word' id='word_1_350' title='bbox 1217 2429 1410 2470; x_wconf 83' lang='lat' dir='ltr'><strong>daretur:</strong></span> <span class='ocrx_word' id='word_1_351' title='bbox 1446 2445 1531 2485; x_wconf 91' lang='lat' dir='ltr'><strong>quo</strong></span> 
     </span>
     <span class='ocr_line' id='line_1_41' title="bbox 134 2486 1531 2544; baseline -0.001 -15"><span class='ocrx_word' id='word_1_352' title='bbox 134 2488 245 2538; x_wconf 85' lang='lat' dir='ltr'><strong>dato,</strong></span> <span class='ocrx_word' id='word_1_353' title='bbox 289 2489 445 2544; x_wconf 85' lang='lat' dir='ltr'><strong>primae</strong></span> <span class='ocrx_word' id='word_1_354' title='bbox 487 2488 653 2529; x_wconf 85' lang='lat' dir='ltr'><strong>silentio</strong></span> <span class='ocrx_word' id='word_1_355' title='bbox 695 2488 828 2529; x_wconf 81' lang='lat' dir='ltr'><strong>noctis</strong></span> <span class='ocrx_word' id='word_1_356' title='bbox 869 2488 921 2528; x_wconf 84' lang='lat' dir='ltr'><strong>ad</strong></span> <span class='ocrx_word' id='word_1_357' title='bbox 964 2497 1102 2543; x_wconf 77' lang='lat' dir='ltr'><strong>portas</strong></span> <span class='ocrx_word' id='word_1_358' title='bbox 1141 2486 1322 2527; x_wconf 74' lang='lat' dir='ltr'><strong>Camillo</strong></span> <span class='ocrx_word' id='word_1_359' title='bbox 1368 2496 1531 2543; x_wconf 82' lang='lat' dir='ltr'><strong>praesto</strong></span> 
     </span>
     <span class='ocr_line' id='line_1_42' title="bbox 134 2544 1694 2601; baseline 0 -16"><span class='ocrx_word' id='word_1_360' title='bbox 134 2545 261 2587; x_wconf 85' lang='lat' dir='ltr'><strong>sucre.</strong></span> <span class='ocrx_word' id='word_1_361' title='bbox 326 2544 504 2598; x_wconf 58' lang='lat' dir='ltr'><strong>Egressi,</strong></span> <span class='ocrx_word' id='word_1_362' title='bbox 534 2545 646 2586; x_wconf 84' lang='lat' dir='ltr'><strong>haud</strong></span> <span class='ocrx_word' id='word_1_363' title='bbox 678 2545 821 2601; x_wconf 85' lang='lat' dir='ltr'><strong>procul</strong></span> <span class='ocrx_word' id='word_1_364' title='bbox 854 2545 968 2593; x_wconf 83' lang='lat' dir='ltr'><strong>urbe,</strong></span> <span class='ocrx_word' id='word_1_365' title='bbox 999 2545 1105 2585; x_wconf 85' lang='lat' dir='ltr'><strong>sicut</strong></span> <span class='ocrx_word' id='word_1_366' title='bbox 1137 2544 1396 2600; x_wconf 80' lang='lat' dir='ltr'><strong>praedictum</strong></span> <span class='ocrx_word' id='word_1_367' title='bbox 1429 2553 1529 2593; x_wconf 78' lang='lat' dir='ltr'><strong>erat,</strong></span> <span class='ocrx_word' id='word_1_368' title='bbox 1546 2552 1635 2582; x_wconf 78' lang='lat' dir='ltr'><strong>Galli</strong></span> <span class='ocrx_word' id='word_1_369' title='bbox 1653 2554 1694 2583; x_wconf 80' lang='lat' dir='ltr'><strong>nb</strong></span> 
     </span>
    </p>

    <p class='ocr_par' dir='ltr' id='par_1_6' title="bbox 103 2595 1742 2658">
     <span class='ocr_line' id='line_1_43' title="bbox 103 2595 1742 2658; baseline 0.001 -16"><span class='ocrx_word' id='word_1_370' title='bbox 103 2612 267 2643; x_wconf 78' lang='lat' dir='ltr'><strong>.3(·nstra</strong></span> <span class='ocrx_word' id='word_1_371' title='bbox 291 2599 523 2650; x_wconf 75' lang='lat' dir='ltr'><strong>Gallorum,</strong></span> <span class='ocrx_word' id='word_1_372' title='bbox 551 2603 687 2643; x_wconf 80' lang='lat' dir='ltr'><strong>intuta</strong></span> <span class='ocrx_word' id='word_1_373' title='bbox 720 2602 994 2658; x_wconf 76' lang='lat' dir='ltr'><strong>neglectaque</strong></span> <span class='ocrx_word' id='word_1_374' title='bbox 1025 2603 1077 2642; x_wconf 77' lang='lat' dir='ltr'><strong>al»</strong></span> <span class='ocrx_word' id='word_1_375' title='bbox 1109 2602 1222 2642; x_wconf 88' lang='lat' dir='ltr'><strong>omni</strong></span> <span class='ocrx_word' id='word_1_376' title='bbox 1256 2611 1370 2657; x_wconf 77' lang='lat' dir='ltr'><strong>purte</strong></span> <span class='ocrx_word' id='word_1_377' title='bbox 1407 2602 1530 2652; x_wconf 84' lang='lat' dir='ltr'><strong>nacti,</strong></span> <span class='ocrx_word' id='word_1_378' title='bbox 1546 2595 1742 2643; x_wconf 50' lang='lat' dir='ltr'><strong>Ardeatum„</strong></span> 
     </span>
    </p>
   </div>
   <div class='ocr_carea' id='block_1_3' title="bbox 134 2648 1640 2715">
    <p class='ocr_par' dir='ltr' id='par_1_7' title="bbox 134 2648 1640 2715">
     <span class='ocr_line' id='line_1_44' title="bbox 134 2648 1640 2715; baseline 0 -15"><span class='ocrx_word' id='word_1_379' title='bbox 134 2659 314 2700; x_wconf 74' lang='lat' dir='ltr'><strong>clamore</strong></span> <span class='ocrx_word' id='word_1_380' title='bbox 363 2659 577 2700; x_wconf 76' lang='lat' dir='ltr'><strong>invadunt.</strong></span> <span class='ocrx_word' id='word_1_381' title='bbox 660 2659 878 2715; x_wconf 69' lang='lat' dir='ltr'><strong>Nusquam</strong></span> <span class='ocrx_word' id='word_1_382' title='bbox 926 2659 1145 2715; x_wconf 82' lang='lat' dir='ltr'><strong>proelium,</strong></span> <span class='ocrx_word' id='word_1_383' title='bbox 1193 2659 1387 2699; x_wconf 86' lang='lat' dir='ltr'><strong>omnibus</strong></span> <span class='ocrx_word' id='word_1_384' title='bbox 1433 2648 1640 2700; x_wconf 60' lang='lat' dir='ltr'><strong>locismffl&#39;</strong></span> 
     </span>
    </p>
   </div>
   <div class='ocr_carea' id='block_1_4' title="bbox 136 2821 1533 2945">
    <p class='ocr_par' dir='ltr' id='par_1_8' title="bbox 136 2821 1533 2945">
     <span class='ocr_line' id='line_1_45' title="bbox 183 2821 1502 2863; baseline 0.001 -11"><span class='ocrx_word' id='word_1_385' title='bbox 183 2832 192 2852; x_wconf 92' lang='grc'>1</span> <span class='ocrx_word' id='word_1_386' title='bbox 220 2822 419 2858; x_wconf 65' lang='lat' dir='ltr'><strong>.S&#39;a·1n·.·wrrae·tl</strong></span> <span class='ocrx_word' id='word_1_387' title='bbox 445 2821 591 2851; x_wconf 74' lang='lat' dir='ltr'><strong>Moeroro</strong></span> <span class='ocrx_word' id='word_1_388' title='bbox 609 2821 810 2851; x_wconf 66' lang='lat' dir='ltr'><strong>contabesco·</strong></span> <span class='ocrx_word' id='word_1_389' title='bbox 902 2831 916 2850; x_wconf 81' lang='lat'>2</span> <span class='ocrx_word' id='word_1_390' title='bbox 945 2822 1011 2850; x_wconf 82' lang='lat' dir='ltr'><strong>l&#39;rn</strong></span> <span class='ocrx_word' id='word_1_391' title='bbox 1027 2822 1144 2859; x_wconf 70' lang='lat' dir='ltr'><strong>taralis}</strong></span> <span class='ocrx_word' id='word_1_392' title='bbox 1175 2822 1213 2852; x_wconf 80' lang='lat' dir='ltr'><strong>cf.</strong></span> <span class='ocrx_word' id='word_1_393' title='bbox 1233 2821 1326 2861; x_wconf 82' lang='lat' dir='ltr'><strong>Supr.</strong></span> <span class='ocrx_word' id='word_1_394' title='bbox 1345 2821 1385 2852; x_wconf 76' lang='lat' dir='ltr'><strong>iv.</strong></span> <span class='ocrx_word' id='word_1_395' title='bbox 1403 2831 1435 2863; x_wconf 77' lang='lat'><strong>9,</strong></span> <span class='ocrx_word' id='word_1_396' title='bbox 1456 2830 1502 2853; x_wconf 85' lang='grc' dir='ltr'><strong>ιο.</strong></span> 
     </span>
     <span class='ocr_line' id='line_1_46' title="bbox 136 2863 1533 2903; baseline 0.001 -9"><span class='ocrx_word' id='word_1_397' title='bbox 136 2868 194 2898; x_wconf 72' lang='lat' dir='ltr'><strong>ret.</strong></span> <span class='ocrx_word' id='word_1_398' title='bbox 211 2864 318 2893; x_wconf 66' lang='lat' dir='ltr'><strong>modio</strong></span> <span class='ocrx_word' id='word_1_399' title='bbox 335 2864 548 2894; x_wconf 69' lang='lat' dir='ltr'><strong>cruciaretur:</strong></span> <span class='ocrx_word' id='word_1_400' title='bbox 579 2863 653 2893; x_wconf 82' lang='lat' dir='ltr'><strong>hinc</strong></span> <span class='ocrx_word' id='word_1_401' title='bbox 671 2863 741 2893; x_wconf 81' lang='lat' dir='ltr'><strong>infr.</strong></span> <span class='ocrx_word' id='word_1_402' title='bbox 762 2863 811 2894; x_wconf 74' lang='lat' dir='ltr'><strong>vii.</strong></span> <span class='ocrx_word' id='word_1_403' title='bbox 902 2873 918 2901; x_wconf 86' lang='lat'>3</span> <span class='ocrx_word' id='word_1_404' title='bbox 944 2865 1074 2902; x_wconf 79' lang='lat' dir='ltr'><strong>lnmlal</strong></span> <span class='ocrx_word' id='word_1_405' title='bbox 1127 2863 1284 2893; x_wconf 73' lang='lat' dir='ltr'><strong>Similiter</strong></span> <span class='ocrx_word' id='word_1_406' title='bbox 1309 2863 1380 2896; x_wconf 67' lang='lat' dir='ltr'><strong>inst.</strong></span> <span class='ocrx_word' id='word_1_407' title='bbox 1412 2864 1454 2896; x_wconf 77' lang='lat' dir='ltr'><strong>ix.</strong></span> <span class='ocrx_word' id='word_1_408' title='bbox 1482 2874 1533 2903; x_wconf 78' lang='lat'><strong>41.</strong></span> 
     </span>
     <span class='ocr_line' id='line_1_47' title="bbox 137 2907 1068 2945; baseline -0.001 -8"><span class='ocrx_word' id='word_1_409' title='bbox 137 2916 186 2937; x_wconf 65' lang='grc' dir='ltr'><strong>τι.</strong></span> <span class='ocrx_word' id='word_1_410' title='bbox 204 2908 327 2936; x_wconf 68' lang='lat' dir='ltr'><strong>arn-&#39;mn</strong></span> <span class='ocrx_word' id='word_1_411' title='bbox 348 2916 402 2945; x_wconf 74' lang='lat' dir='ltr'><strong>pru</strong></span> <span class='ocrx_word' id='word_1_412' title='bbox 419 2907 531 2936; x_wconf 67' lang='lat' dir='ltr'><strong>lmvlin.</strong></span> <span class='ocrx_word' id='word_1_413' title='bbox 858 2907 965 2935; x_wconf 73' lang='grc' dir='ltr'><em>ιἠΙηΙη</em></span> <span class='ocrx_word' id='word_1_414' title='bbox 983 2907 1068 2936; x_wconf 71' lang='lat' dir='ltr'><strong>urbs.</strong></span> 
     </span>
    </p>
   </div>
  </div>
 </body>
</html>
