1934 3211
440 207 518 247 178

953 203 1102 247 ΤΙΤῙ
1144 202 1322 246 LIVII

219 302 264 333 U.
282 302 320 333 C.
338 310 409 344 297·
437 295 600 352 impetu
616 294 863 352 Aequorum
880 294 1093 338 Corbione
1108 295 1306 336 amissum
1321 292 1575 350 praesidium
1591 293 1834 334 nuntiatum

218 345 258 375 A.
283 345 321 376 C.
338 353 411 385 455.

221 525 317 555 Bella
333 535 406 555 eum

222 566 343 606 Aequis
360 571 392 598 et

223 609 360 641 Sabinis.

228 1461 272 1492 U.
290 1462 327 1492 C.
346 1462 416 1501 298.

226 1505 265 1533 A.
291 1504 328 1534 (ἶ.
346 1512 418 1542 454.

228 1547 275 1576 M.
288 1546 433 1583 Valerio,

228 1588 283 1626 Sp.
303 1588 374 1617 Vir-

226 1630 314 1669 giuio
331 1630 420 1660 Coss.

300 1675 367 1711 31.

230 1730 274 1759 U.
291 1730 328 1759 C.
348 1739 418 1769 299.

228 1772 267 1801 A.
293 1772 330 1802 C.
348 1780 419 1810 453.

229 1814 268 1844 T.
279 1813 434 1850 Romilio,

229 1857 267 1886 C.
281 1855 417 1885 Veturio

230 1899 318 1929 Coss.

439 361 559 394 esset.

636 352 838 394 Senatum
878 352 1069 393 consules
1109 360 1271 393 vocant.

440 410 619 451 scribere
669 410 913 458 exercitum,
957 417 1083 464 atque
1126 409 1170 449 in
1218 408 1423 464 Algidum
1464 408 1630 448 ducere.

1342 350 1548 392 Iubentur
1587 350 1835 391 subitarium

1712 406 1833 455 Inde,

452 467 576 507 iosito
611 466 715 522 legis
755 466 997 515 certamine,
1031 481 1141 506 nova
1176 466 1228 507 de
1270 465 1435 506 delectu
1474 464 1689 505 contentio
1730 471 1832 504 orta.

439 482 786 579 ksincebaturque
801 523 1016 563 consulare
1034 523 1258 578 imperium
1276 521 1500 562 tribunicio
1517 521 1687 570 auxilio,
1703 534 1835 576 quum
1848 534 1868 564 8

441 580 545 621 ah'us
576 581 745 621 additur
775 590 932 620 terror:
980 579 1182 619 Sabinum
1219 578 1451 619 exercitum
1486 577 1733 633 praedatum
1763 576 1838 617 de-

441 637 629 678 cendisse
666 638 711 677 in
742 651 861 692 agros
899 636 1140 684 Romanos3
1183 635 1283 675 inde
1315 634 1368 674 ad
1400 635 1549 674 urbem
1579 634 1733 675 venire.

1796 633 1838 674 Is

441 703 577 735 metus
598 693 795 749 perpulit,
814 701 861 733 ut
882 692 1005 733 scribi
1027 692 1203 733 militem
1217 691 1376 732 tribuni
1397 691 1583 732 sinerent
1595 707 1605 740 3
1638 706 1725 731 non
1745 690 1836 731 sine

440 752 634 807 pactione
650 758 806 798 tamen,
824 758 883 797 ut,
899 749 1098 804 quoniam
1115 749 1193 805 ipsi
1208 748 1550 804 quinquennium
1564 748 1669 789 elusi
1683 756 1835 798 essent,

441 822 700 863 parvumque
718 807 762 846 id
783 806 896 862 plebi
916 806 1175 862 praesidium
1195 806 1314 855 foret,
1333 805 1479 846 decem
1501 805 1656 846 deinde
1678 805 1837 845 tribuni

441 864 574 920 plebis
605 872 857 904 crearentur.

443 920 569 961 modo
591 935 808 976 excepere,
831 935 884 961 ne
906 928 1052 976 postea
1072 920 1242 961 eosdem
1264 920 1452 960 tribunos
1473 919 1678 960 iuberent.

923 863 1141 919 Expressit
1170 863 1250 903 hoe
1281 862 1505 903 necessitas
1535 862 1753 903 Patribus:
1792 862 1838 902 id

1741 919 1838 960 Tri-

443 977 613 1018 bunicia
625 977 806 1026 comitia,
824 992 878 1018 ne
900 977 945 1017 id
958 992 1127 1032 quoque
1144 985 1239 1032 post
1258 976 1430 1025 bellum,
1448 984 1496 1016 ut
1511 984 1663 1025 cetera,
1681 991 1838 1017 vanum

443 1043 563 1083 esset,
582 1033 795 1089 extemplo
816 1034 968 1075 habita.

1032 1033 1264 1074 Tricesimo
1285 1040 1403 1074 sexto
1426 1048 1536 1074 anno
1557 1048 1581 1074 a
1599 1033 1744 1089 primis
1766 1033 1870 1079 tri-9

442 1091 566 1132 bunis
594 1091 740 1146 plebis,
763 1090 911 1131 decem
936 1090 1064 1131 creati
1085 1099 1196 1139 sunt,
1218 1091 1304 1131 bini
1335 1105 1388 1131 ex
1413 1089 1586 1145 singulis
1613 1089 1834 1131 classibus:
1854 1111 1867 1131 1

443 1148 586 1203 itaque
612 1157 782 1189 cautum
810 1155 886 1197 est,
913 1156 960 1188 ut
987 1156 1134 1203 postea
1157 1155 1408 1188 crearentur.

1472 1147 1656 1188 Delectu
1681 1147 1837 1188 deinde

443 1204 599 1254 habito,
638 1204 869 1254 Minucius,
905 1213 1051 1246 contra
1086 1203 1261 1245 Sabinos
1296 1205 1520 1260 profectus,
1554 1219 1642 1245 non
1675 1204 1838 1245 invenit

443 1261 619 1303 hostem.
684 1261 898 1311 Horatius,
922 1277 1054 1317 quum
1083 1261 1166 1302 iam
1192 1260 1349 1317 Aequi,
1375 1260 1588 1302 Corbione
1616 1261 1837 1302 interfecto

444 1319 665 1374 praesidio,
703 1319 910 1360 Ortonam
951 1319 1078 1359 etiam
1111 1318 1331 1374 cepissent,
1367 1318 1412 1358 in
1453 1317 1613 1374 Algido
1648 1326 1869 1374 pugnatzz

446 1375 600 1416 multos
616 1376 810 1418 mortales
832 1376 1009 1417 occidit:
1042 1375 1161 1431 fugat
1177 1375 1340 1416 hostem
1353 1390 1437 1416 non
1456 1390 1509 1415 ex
1523 1375 1681 1431 Algido
1697 1375 1837 1425 modo,

445 1432 519 1472 sed
536 1447 560 1472 a
575 1432 787 1473 Corbione
805 1433 1063 1488 Ortonaque.
1112 1431 1370 1474 Corbionem
1383 1433 1510 1473 etiam
1527 1432 1657 1473 diruit
1668 1440 1840 1489 propter

445 1488 657 1544 proditum
679 1490 944 1544 praesidium.

504 1545 674 1586 Deinde
698 1545 758 1586 M.
780 1546 987 1595 Valerius,
1014 1546 1083 1601 Sp.
1103 1546 1321 1602 Virginius
1342 1547 1533 1588 consules
1554 1547 1663 1588 facti.
1707 1547 1839 1588 Domi
1853 1562 1871 1593 3

446 1602 629 1657 forisque
653 1602 787 1643 otium
807 1602 886 1643 fuit
903 1619 911 1643 :
946 1618 1114 1643 annona
1133 1612 1305 1658 propter
1325 1619 1528 1659 aquarum
1544 1604 1839 1661 intemperiem

446 1658 678 1699 laboratum
715 1667 787 1699 est.

870 1659 938 1700 De
980 1659 1196 1700 Aventino
1236 1661 1491 1715 publicando
1530 1660 1614 1701 lata
1652 1661 1723 1702 lex
1763 1669 1872 1704 est-4

448 1715 627 1756 Tribuni
658 1715 791 1771 plebis
823 1715 951 1756 iidem
982 1716 1127 1756 refecti
1157 1725 1360 1771 sequente
1392 1732 1516 1766 anno,
1550 1717 1600 1758 T.
1637 1717 1837 1767 Romilio,

450 1771 499 1813 C.
537 1772 714 1813 Veturio
751 1772 1004 1821 consulibus,
1042 1773 1180 1828 legem
1221 1774 1416 1814 omnibus
1449 1774 1722 1815 concionibus
1754 1775 1870 1817 suis5

447 1829 723 1872 celebrabant.

489 1961 508 1990 8
533 1960 710 1991 Consulare
749 1962 935 1999 imperium]
982 1959 1118 1999 Quippe

447 2003 615 2032 consulum
632 2005 803 2042 imperium
819 2006 901 2039 erat3
923 2003 1043 2032 tribuni
1059 2012 1119 2032 nec

446 2044 617 2083 imperium
642 2055 700 2074 nee
729 2048 922 2084 potestatem
947 2045 1121 2080 habebant,

446 2087 501 2115 sed
525 2088 641 2116 mavilii
665 2087 813 2118 lationem
836 2087 987 2117 adversus
1011 2096 1121 2116 consu-

446 2129 501 2159 les.
527 2128 633 2159 CREr.

489 2180 508 2210 9
535 2171 702 2201 Tricesimo
720 2176 806 2201 sarto
828 2172 931 2209 anno]
960 2171 1122 2206 Exeunte,

446 2212 470 2241 si
488 2216 675 2242 numeretur
691 2213 813 2251 duplex
829 2213 912 2243 illud
934 2223 991 2252 par
1011 2222 1122 2242 eonsu—

446 2255 528 2291 lum,
552 2254 704 2284 omissum
730 2264 749 2284 a
774 2254 878 2291 Livio,
903 2255 942 2284 de
968 2264 1031 2293 quo
1056 2264 1121 2283 mo-

447 2296 577 2326 nuimus
601 2306 686 2335 supr.
710 2296 741 2326 ii.
761 2305 809 2336 39.
844 2296 877 2326 Si
905 2305 1015 2326 eorum
1042 2296 1123 2326 ratio

447 2348 510 2368 non
526 2338 709 2375 haberetur,
724 2337 777 2368 hic
799 2348 903 2367 annus
926 2341 1008 2368 esset
1031 2338 1122 2368 trice-

447 2380 547 2410 simus
563 2380 695 2418 quintus
710 2379 879 2418 incipiens,
895 2383 932 2409 ut
948 2379 1050 2409 cuivis
1066 2390 1120 2418 pa-

447 2422 528 2453 tebit
543 2421 725 2452 numeranti
741 2432 761 2451 a
776 2421 962 2451 consulibus
978 2422 1032 2460 Sp.
1044 2422 1119 2452 Cas-

447 2463 493 2494 sio
516 2468 548 2494 et
573 2464 729 2493 Postumo
753 2463 914 2500 Cominio,
930 2473 1065 2501 quorum
1089 2463 1122 2493 in

446 2505 636 2545 magistratu
661 2504 756 2544 primi
779 2505 902 2534 tribuni
923 2505 1022 2535 creati
1037 2509 1121 2535 sunt.

448 2547 554 2578 CREv.

495 2598 507 2618 1
533 2591 612 2619 Bam·
642 2600 681 2620 αι’
711 2590 849 2627 sz'nyulis
878 2590 1047 2626 classibus]
1081 2589 1120 2619 cf.

447 2640 533 2669 supr.
541 2631 572 2661 ii.
583 2641 599 2670 3
605 2641 631 2670 3.
640 2634 671 2661 et
679 2632 729 2669 58.
745 2632 767 2660 I
766 2635 920 2670 taque‚sc.
934 2633 969 2659 ut
979 2631 1026 2660 ita
1037 2640 1121 2660 crea-

447 2677 566 2702 rentur.

492 2724 508 2743 ‘2
535 2715 705 2752 Ortonam]
740 2714 804 2743 Pro
824 2716 945 2744 Ortona
961 2715 1120 2745 Artenam

449 2753 677 2795 (Volscorum)
721 2756 892 2794 legendum
939 2756 1121 2794 suspicatur

449 2795 527 2825 Gui.
555 2797 641 2827 Gell.
675 2797 735 2835 Eq.
772 2798 850 2828 Aur.
884 2798 1023 2836 Topogr.
1055 2798 1119 2827 Ro-

448 2845 533 2866 man.
550 2837 569 2866 i.
590 2848 619 2875 p.
639 2848 708 2869 201.
741 2840 780 2869 ef.
805 2849 890 2877 supr.
914 2839 945 2869 ii.
963 2849 1013 2878 43.
1047 2839 1118 2869 infr.

448 2876 489 2906 iv.
507 2876 556 2907 61.

493 2927 509 2956 3
535 2920 626 2947 Domi
645 2943 649 2948 .
669 2943 674 2949 .
694 2944 699 2950 .
719 2944 724 2950 .
742 2923 855 2958 otium]
882 2923 1004 2952 Contra
1021 2922 1118 2953 Dion.

789 1835 800 1853 ‘
814 1829 979 1872 Pudere
1002 1843 1044 1871 se
1070 1830 1235 1871 numeri
1257 1831 1319 1870 sui
1348 1830 1633 1886 nequicquam
1657 1831 1782 1882 aucti,
1804 1832 1840 1872 si

1165 1959 1318 1999 Exeerpt.
1335 1958 1413 1990 xxii.
1438 1963 1470 1989 et
1490 1960 1605 1990 Zonar.
1630 1969 1694 1989 non
1717 1960 1838 1990 medio-

1163 2012 1231 2032 cres
1241 2002 1463 2032 contentiones
1478 2001 1586 2037 fuisse,
1597 2005 1629 2031 et
1645 2005 1752 2041 patres
1767 2003 1838 2041 plu-

1165 2054 1215 2073 res
1230 2054 1247 2074 e
1264 2043 1398 2082 plebeiis
1410 2044 1546 2074 ducibus
1562 2045 1646 2074 clam
1663 2045 1839 2075 sustulisse.

1209 2098 1228 2124 4
1250 2087 1302 2116 De
1316 2087 1479 2117 Aventino
1491 2087 1687 2125 publicando
1701 2087 1769 2117 lata
1789 2088 1840 2118 lea:

1165 2130 1227 2166 est]
1269 2138 1311 2158 sc.
1347 2129 1417 2158 Lex
1456 2128 1551 2158 Icilia
1587 2128 1628 2158 de
1665 2128 1838 2160 Aventino.

1168 2170 1304 2200 Niebhr.
1320 2170 1353 2200 ii.
1371 2180 1401 2209 p.
1421 2179 1491 2210 ²99·
1509 2173 1603 2209 putat
1626 2170 1777 2210 patricios
1798 2172 1839 2201 de

1163 2213 1413 2250 possessionibus
1431 2211 1495 2242 suis
1517 2213 1550 2242 in
1568 2211 1730 2242 Aventino
1746 2213 1838 2243 dece-

1167 2254 1242 2283 dere
1273 2258 1400 2284 coactos
1429 2264 1507 2291 esse,
1538 2264 1601 2293 quo
1634 2255 1736 2294 magis
1764 2265 1840 2294 ager

1168 2296 1350 2326 Aventinus
1379 2299 1466 2326 totus
1496 2296 1583 2335 plebi
1616 2296 1837 2335 assignaretur.

1168 2337 1307 2368 Maximi
1324 2337 1409 2367 enim
1426 2337 1582 2367 momenti
1602 2341 1670 2368 erat
1686 2338 1786 2377 plebi,
1802 2343 1838 2369 ut

1165 2389 1258 2409 mons
1280 2379 1472 2416 Aventinus,
1498 2379 1553 2418 qui
1587 2383 1678 2410 extra
1707 2390 1836 2419 pomoe-

1165 2420 1259 2458 rium,
1289 2425 1322 2451 et
1356 2421 1474 2451 idcirco
1506 2420 1658 2460 auspiciis
1696 2422 1838 2461 patriciis

1166 2473 1230 2492 non
1259 2462 1421 2493 subiectus
1447 2466 1526 2499 erat,
1551 2466 1638 2493 totus
1659 2463 1718 2493 sibi
1742 2464 1837 2504 assig-

1166 2508 1306 2542 naretur,
1343 2508 1379 2534 ut
1416 2508 1570 2543 tanquam
1608 2515 1665 2535 arx
1702 2506 1837 2545 plebeiis

1167 2549 1302 2585 pateret,
1326 2557 1430 2585 neque
1455 2546 1593 2577 dominis
1617 2547 1759 2586 patriciis
1782 2549 1836 2579 ob-

1166 2588 1281 2617 noxius
1307 2592 1398 2619 esset.
1443 2589 1637 2620 Publicolas
1660 2600 1734 2620 vero
1763 2600 1838 2630 ager

1167 2629 1294 2666 dicitur,
1313 2631 1398 2668 quod
1422 2631 1645 2670 possessiones,
1666 2641 1745 2670 quas
1766 2635 1836 2663 tan—

1166 2682 1262 2710 quam
1287 2674 1417 2710 privato
1442 2672 1511 2703 iure
1536 2674 1691 2703 tenebant
1714 2683 1835 2712 posses-

1164 2723 1259 2751 sores,
1283 2714 1315 2743 in
1335 2716 1500 2753 publicum
1523 2719 1673 2754 receptae
1696 2719 1781 2752 sunt,
1803 2720 1835 2746 et

1164 2759 1317 2794 tanquam
1331 2757 1452 2795 publici
1468 2758 1550 2786 iuris
1564 2756 1681 2787 iterum
1696 2757 1809 2788 factae.

1208 2806 1224 2836 5
1248 2799 1362 2836 Leyem
1382 2800 1526 2828 omnibus
1545 2800 1746 2829 concionibus
1767 2801 1835 2830 suis

1164 2840 1380 2877 celebrabant]
1408 2840 1502 2879 Legis
1523 2840 1683 2870 assiduam
1699 2840 1833 2871 mentio-

1163 2891 1237 2910 nem
1259 2881 1381 2911 faciunt
1404 2881 1436 2910 in
1458 2882 1606 2911 omnibus
1629 2881 1693 2911 suis
1715 2882 1755 2911 ad
1778 2892 1833 2920 po-

1165 2923 1278 2960 pulum
1295 2923 1500 2953 orationibus.
1546 2922 1666 2953 Mirum
1689 2923 1833 2961 profecto
