1934 3211
579 137 705 179 LIB.
742 137 820 178 IX.
865 138 1011 179 (JAP.
1048 146 1083 180 9.
1451 148 1534 185 509

133 228 316 268 eundem
347 241 435 268 esse
470 226 539 282 Sp.
557 226 835 276 Postumium,
859 227 932 282 qui
960 236 1106 268 auctor
1134 237 1217 269 tam
1244 230 1390 273 foedae
1420 234 1533 288 pacis
1550 245 1592 276 U.
1611 246 1647 277 C.
1665 256 1737 286 434.

133 284 299 325 fuisset:
323 283 449 324 modo
470 283 780 333 miserarentur,
796 283 912 339 quod
927 284 992 325 vir
1007 284 1100 326 talis
1117 285 1242 326 etiam
1259 289 1532 344 praecipuum
1547 289 1586 319 A.
1611 290 1648 320 C·
1667 292 1739 327 318-

133 340 246 397 apud
278 340 417 381 hostes
445 340 699 396 supplicium
726 355 921 397 passurus
949 351 1058 383 esset
1086 342 1139 383 ob
1167 342 1271 384 iram
1299 344 1532 401 diremptae

132 397 257 454 pacis.
324 396 470 445 Quum
499 412 658 447 omnes,
682 397 876 440 laudibus
904 399 1030 440 modo
1057 410 1362 456 prosequentes
1382 402 1531 452 virum,

131 455 178 496 in
197 455 449 496 sententiam
474 455 564 496 eius
590 455 769 511 pedibus
793 456 930 505 irent3
964 464 1123 498 tentata
1150 458 1378 515 paullisper
1404 459 1534 500 inter-
1549 473 1758 504 Intercedunt

101 512 263 556 3cessio
295 521 358 553 est
389 513 441 554 ab
473 512 522 553 L.
544 512 667 554 Livio
698 521 741 554 et
775 513 829 562 Q.
849 513 1011 555 Maelio
1042 514 1221 556 tribunis
1251 515 1410 571 plebis:
1446 517 1532 573 qui,
1548 516 1611 546 duo
1624 515 1753 546 tribuni.

133 574 146 593 ‘
159 584 300 626 neque
321 569 481 611 exsolvi
502 569 704 625 religione
725 571 958 627 populum‚'
979 572 1160 622 aiebant,
1185 572 1424 615 ‘deditione
1446 589 1532 623 sua,

134 631 146 650 ‘
160 627 242 668 nisi
263 627 405 669 omnia
428 626 699 677 Samnitibus,
723 628 863 684 qualia
887 628 1000 685 apud
1025 628 1237 671 Caudium
1259 630 1448 681 fuissent,
1470 647 1536 672 re-

133 684 459 727 ‘stituerentur:
494 700 634 740 neque
665 700 708 726 se
739 701 815 742 pro
847 701 910 735 eo,
938 686 1066 741 quod,
1093 687 1342 743 spondendo
1372 704 1534 745 pacem,

133 746 394 784 ‘servassent
423 743 655 784 exercitum
688 743 835 799 populi
861 743 1058 793 Romani,
1081 759 1262 800 poenam
1290 745 1418 787 ullam
1447 761 1535 787 me-

133 803 145 822 ‘
160 799 262 842 ritos
283 815 372 842 esse
390 816 400 849 ;
432 815 573 856 neque
602 800 656 841 ad
683 809 933 851 extremum,
957 815 1090 857 quum
1111 803 1361 844 sacrosancti
1382 812 1533 853 essent,

133 862 146 880 ‘
160 856 274 899 deds
281 857 472 899 hostibus
493 857 690 899 violarive
711 858 858 913 posse.'
919 858 1032 899 Tum
1054 858 1310 910 Postumius,
1342 866 1354 884 ⁶
1367 860 1535 902 Interea
1626 867 1662 904 9.

133 914 331 965 ‘dedite,'
363 915 514 971 inquit,
562 914 783 970 ‘profanos
815 930 904 965 nOS,
940 930 1045 971 quos
1081 916 1191 957 salva
1224 917 1426 973 religione
1460 933 1535 974 po·
1550 921 1709 951 Postumii

133 976 146 994 ‘
161 972 302 1013 testis:
336 972 499 1013 dedetis
520 971 675 1013 deinde
697 981 740 1012 et
761 972 861 1013 istos
881 982 1175 1023 sacrosanctos,
1198 989 1331 1030 quum
1351 976 1532 1031 primum
1547 964 1743 1036 :iiii-{ffugm-

132 1029 405 1086 ‘magistratu
433 1029 639 1078 abierint3
672 1029 758 1078 scd,
782 1029 816 1070 si
846 1044 914 1070 me
943 1029 1134 1080 audiatis,
1156 1032 1285 1087 prius,
1308 1048 1435 1088 quam
1461 1032 1535 1075 de·
1548 1048 1602 1079 tio.
1653 1030 1659 1037 ⁸
1711 1026 1718 1035 ⁸

99 1091 145 1132 4‘
160 1087 327 1137 dantur,
350 1086 418 1128 hic
447 1086 491 1127 in
519 1087 690 1128 comitio
710 1087 838 1143 virgis
859 1102 1012 1137 caesos,
1034 1088 1143 1130 hanc
1172 1088 1255 1129 iam
1281 1098 1329 1130 ut
1355 1089 1535 1131 interca-

132 1144 266 1186 ‘latae
287 1159 448 1201 poenae
471 1159 639 1185 usuram
660 1144 854 1186 habeant.
899 1145 1011 1186 Nam
1030 1145 1146 1201 quod
1162 1146 1378 1188 deditione
1395 1156 1537 1189 nostra

132 1206 318 1259 ‘negant
348 1201 507 1243 exsolvi
538 1201 741 1258 religione
773 1202 992 1258 populum,
1015 1203 1059 1243 id
1087 1203 1187 1245 istos
1211 1204 1356 1260 magis,
1380 1219 1433 1245 ne
1462 1204 1537 1246 de-

132 1259 327 1309 ‘dantur,
360 1274 487 1315 quam
519 1259 619 1315 quia
653 1259 712 1300 ita
746 1274 789 1300 se
823 1275 888 1301 res
919 1260 1085 1310 habeat,
1118 1261 1272 1311 dicere,
1305 1261 1400 1317 quis
1431 1261 1535 1303 adeo

133 1317 262 1358 ‘iuris
291 1317 496 1358 fetialium
527 1331 678 1373 expers
708 1326 783 1366 est,
807 1318 881 1372 qui
911 1318 1111 1373 ignoret?
1173 1317 1329 1374 Neque
1361 1333 1440 1374 ego
1472 1319 1536 1359 in-

133 1378 145 1397 ‘
160 1374 275 1416 ficias
300 1389 364 1424 eo,
387 1374 533 1416 Patres
560 1374 799 1430 conscripti,
822 1382 908 1415 tam
939 1375 1184 1431 sponsiones
1212 1390 1339 1430 quam
1366 1375 1537 1417 foedera

132 1436 305 1474 ‘sancta
337 1446 425 1473 esse
460 1431 573 1487 apud
606 1447 677 1472 eos
709 1431 914 1481 homines,
944 1432 1059 1488 apud
1087 1448 1192 1488 quos
1225 1433 1343 1473 iuxta
1375 1432 1536 1474 divinas

133 1494 146 1512 ‘
161 1489 384 1545 religiones
405 1489 511 1529 fides
532 1489 718 1529 humana
738 1488 914 1529 colitur:
949 1489 1024 1530 sed
1051 1490 1213 1530 iniussu
1245 1489 1392 1545 populi
1425 1505 1535 1546 nego

133 1546 389 1602 ‘quicquam
421 1545 570 1586 sanciri
607 1560 739 1600 posse,
773 1546 889 1600 quod
925 1545 1129 1601 populum
1166 1554 1319 1587 teneat.
1384 1547 1470 1596 An,
1502 1548 1534 1587 si

134 1609 145 1627 ‘
161 1602 310 1645 eadem
331 1603 538 1658 superbia,
557 1617 642 1657 qua
661 1603 931 1658 sponsionem
953 1602 1073 1643 istam
1096 1612 1394 1659 expresserunt
1415 1604 1536 1645 nobis

133 1667 144 1684 ‘
164 1659 385 1709 Samnites,
408 1660 643 1715 coegissent
670 1674 746 1700 nos
767 1659 894 1700 verba
920 1659 1109 1715 legitima
1132 1660 1383 1702 dedentium
1412 1662 1535 1702 urbes

131 1724 143 1742 ‘
160 1732 418 1774 nuncupare,
441 1716 634 1758 deditum
654 1716 859 1773 populum
883 1716 1126 1758 Romanum
1148 1733 1221 1759 vos
1242 1718 1400 1759 tribuni
1421 1718 1536 1760 dicc-

131 1776 272 1825 ‘retis,
298 1784 342 1816 et
371 1774 481 1816 hanc
512 1775 672 1824 urbem,
702 1773 870 1830 templa,
894 1774 1081 1824 delubra,
1105 1775 1223 1825 fines,
1251 1791 1392 1831 aquas,
1418 1775 1536 1818 Sam—

132 1838 145 1857 ‘
160 1833 314 1875 nitium
335 1833 459 1874 esse?
522 1831 687 1873 Omitto
712 1831 986 1882 deditionem,
1009 1833 1210 1889 quoniam
1233 1833 1285 1874 de
1311 1834 1535 1889 sponsione

132 1891 309 1948 ‘agitun
375 1889 493 1938 Quid
530 1889 716 1937 tandem,
753 1889 787 1930 si
823 1889 1205 1945 spopondissemus,
1244 1891 1390 1932 urbem
1426 1891 1536 1932 hanc

133 1947 405 1989 ‘relicturum
436 1946 640 2002 populum
675 1946 951 1987 Romanum?
982 1947 1014 1987 si
1047 1947 1353 1988 incensurum?
1383 1948 1417 1987 si
1449 1963 1536 1989 ma—

133 2010 146 2028 ‘
161 2005 370 2060 gistratus,
392 2003 425 2044 si
447 2012 652 2051 senatum,
676 2003 709 2042 si
739 2002 852 2056 leges
880 2018 965 2043 non
994 2003 1270 2044 habiturum?
1301 2004 1334 2044 si
1365 2005 1442 2045 sub
1471 2019 1535 2045 re-

134 2062 282 2118 ‘gibus
318 2061 540 2101 futurum?
602 2059 676 2099 Dii
713 2058 911 2099 meliora!
955 2060 1107 2114 inquis.
1172 2061 1306 2118 Atqui
1344 2075 1429 2101 non
1471 2061 1534 2101 in-

133 2119 344 2175 ‘dignitas
372 2132 510 2159 rerum
543 2116 778 2172 sponsionis
810 2116 1024 2157 vinculum
1059 2116 1178 2158 levat.
1245 2118 1289 2158 δί
1321 2117 1425 2173 quid
1458 2127 1532 2167 est,

134 2177 205 2218 ‘in
266 2175 350 2217 uod
378 2174 552 2230 obligari
584 2173 764 2229 populus
796 2174 937 2229 possit,
961 2174 1004 2214 in
1036 2174 1178 2215 omnia
1209 2184 1372 2230 potest:
1407 2184 1449 2216 et
1480 2191 1533 2216 ne

132 2241 144 2258 ‘
160 2192 266 2275 illud
287 2232 474 2288 quidem,
498 2230 612 2287 quod
634 2230 838 2286 quosdam
864 2231 1035 2272 forsitan
1067 2242 1246 2281 moveat,
1269 2232 1407 2282 refert,
1434 2248 1534 2274 con-

133 2291 236 2341 ‘sul,
273 2306 326 2332 an
367 2289 559 2337 dictator,
598 2303 650 2328 an
693 2297 859 2343 praetor
899 2288 1182 2344 spoponderit.
1249 2288 1302 2330 Et
1339 2289 1419 2330 hoc
1457 2290 1532 2345 ipsi

178 2469 193 2497 3
221 2458 372 2489 Tribunis
397 2457 516 2496 plebis]
555 2456 649 2495 Apud
676 2455 744 2486 Cic.
770 2455 810 2485 de
856 2454 960 2494 plebis
976 2455 1077 2485 factos
1094 2453 1201 2491 fuisse,
1217 2459 1314 2493 utque
1337 2454 1444 2485 adhuc
1468 2465 1532 2485 mn-

133 2491 196 2532 Off.
207 2500 248 2531 iii.
259 2509 307 2539 30.
345 2500 366 2514 ‘⁴
377 2498 566 2537 Eodemque
580 2502 725 2537 tempore
736 2497 808 2527 Tib.
854 2497 1021 2534 gistratum
1040 2507 1102 2526 non
1118 2497 1251 2535 cepisse.
1262 2497 1291 2526 id
1307 2497 1391 2535 quod
1406 2497 1533 2536 quibun-

134 2542 318 2578 Numicius,
341 2542 383 2577 Q.
408 2541 560 2576 Maelius,
584 2540 637 2579 qui
663 2546 730 2569 tum
757 2539 808 2569 tri·
856 2540 929 2569 daun
949 2539 1050 2569 viz-uun
1073 2544 1129 2569 cst.
1180 2539 1277 2569 Haud
1303 2539 1368 2568 scio
1391 2550 1430 2569 un
1458 2539 1533 2569 veri-

132 2587 209 2617 buni
233 2583 336 2624 plebis
351 2587 453 2619 crunt,
469 2583 553 2622 quod
572 2593 681 2613 corum
699 2588 808 2612 mit-to·
855 2581 989 2611 similius
1016 2581 1066 2614 nit.
1093 2582 1178 2620 quod
1207 2581 1388 2611 Niebuhrin
1417 2582 1534 2620 pluet-t,

132 2629 226 2659 ritate
252 2636 312 2666 μευ(
338 2631 406 2656 erat
430 2626 527 2661 sucta,
546 2625 646 2655 dediti
667 2630 753 2659 suin,
775 2629 809 2654 ut
855 2624 936 2653 duos
962 2623 1117 2659 tribunos,
1142 2629 1173 2653 ut
1201 2628 1311 2662 posu-u
1336 2623 1432 2653 moris
1456 2630 1534 2660 emt,

133 2681 195 2711 pax
221 2668 414 2700 Samnitium
445 2667 701 2706 repudinrcmr.''
747 2666 808 2697 Mi-
856 2676 927 2696 cum
952 2666 1064 2703 legatia
1081 2666 1122 2695 ud
1144 2665 1305 2695 Samnites
1322 2665 1432 2695 missum
1455 2677 1534 2701 exse,

133 2724 200 2743 rum
222 2712 346 2742 videtur
362 2711 446 2750 qumi
465 2709 596 2743 tribuni,
609 2709 724 2748 quibua
742 2719 809 2748 per·
856 2714 890 2738 ut
920 2708 962 2738 rei
992 2708 1136 2746 agendae
1162 2712 1309 2739 unctores
1340 2714 1454 2739 essent.
1493 2711 1532 2740 cs.

132 2760 263 2786 noctur(-
279 2758 370 2784 extra
388 2753 497 2782 urbem
519 2751 651 2781 minime
669 2752 715 2781 stu·
731 2756 810 2785 erat,
856 2751 925 2781 infr.
946 2749 994 2789 36.
1021 2750 1107 2780 xxix.
1129 2759 1176 2780 20.

132 2797 332 2828 Samnitibus
354 2795 453 2825 dediti
480 2794 609 2828 suerint,
630 2804 733 2833 neque
756 2793 808 2823 ud-
899 2805 915 2830 4
946 2794 988 2823 I'!
1012 2793 1222 2822 inte-reustum·
1244 2803 1366 2832 poenae
1382 2795 1532 2831 usuram}

132 2840 265 2870 moduni
296 2837 461 2878 probabile
491 2842 550 2872 est,
575 2848 628 2865 mm
660 2846 721 2866 non
751 2835 809 2865 nini
857 2835 887 2866 h.
908 2846 935 2865 c.
964 2834 1101 2865 vaurum
1128 2835 1292 2874 plagarum
1319 2845 1376 2875 pro
1401 2836 1532 2866 intercu-

135 2888 205 2921 post
229 2880 411 2913 Caudinum
438 2879 640 2918 aponninnem
667 2878 812 2908 tributum
859 2878 922 2908 latu
940 2881 969 2907 et
988 2876 1088 2907 diluta
1107 2887 1218 2916 [menn.
