1934 3211
205 255 248 286 U.
265 256 302 287 O.
321 264 390 297 ²59·

205 300 242 329 A.
267 300 304 329 (¹.
321 309 392 339 493·

273 535 339 573 26.

206 590 380 621 Tumultus

206 633 350 665 Sabinus

208 1172 337 1203 Bellum

206 1226 278 1245 cum
287 1217 410 1247 Aurun-

207 1268 260 1289 cis.

278 1751 344 1791 27.

209 1807 336 1838 Turbae
352 1808 392 1837 ob

209 1861 308 1880 nexos
326 1861 371 1880 re-

210 1894 408 1924 crudescunt.

421 166 500 203 100
931 161 1075 203 ΤΙΤΙ
1118 161 1293 203 LIVII

421 262 509 293 tum
530 252 708 308 praedae
737 252 904 293 datum:
939 253 1036 294 inde
1065 253 1251 310 paullum
1279 260 1487 294 recreatus
1511 266 1638 309 egens
1665 251 1795 294 miles.

423 309 584 351 Consul
599 326 695 351 cum
715 310 895 351 maxima
911 310 1042 367 gloria
1061 327 1136 352 sua
1150 311 1349 352 victorem
1366 310 1596 352 exercitum
1618 309 1799 350 Romam

420 368 606 409 reducit:
659 368 933 409 decedentem
975 368 1155 410 Romam
1204 369 1503 410 Ecetranorum
1550 367 1831 408 Volscorum8

419 425 558 481 legati,
580 427 703 468 rebus
724 426 807 467 suis
828 426 1022 468 timentes
1049 436 1143 483 post
1169 427 1404 468 Pometiam
1429 435 1605 482 captam,
1628 425 1797 466 adeunt.

421 482 501 524 His
521 499 574 524 ex
595 484 950 525 senatusconsulto
973 484 1069 525 data
1088 500 1182 540 pax,
1205 500 1303 541 ager
1323 484 1553 540 ademptus.

480 540 713 582 Confestim
755 550 797 582 et
839 541 985 583 Sabini
1026 541 1239 583 Romanos
1281 542 1544 583 territavere:
1595 539 1832 585 tumultus9

420 599 532 639 enim
553 599 632 639 fuit
658 599 806 648 verius,
831 614 957 654 quam
977 599 1146 640 bellum.
1209 600 1346 641 Nocte
1367 599 1411 639 in
1432 599 1533 639 urbe
1562 598 1800 639 nuntiatum

420 665 495 706 est,
510 656 740 697 exercitum
762 656 962 697 Sabinum
976 657 1321 712 praedabundum
1337 656 1391 697 ad
1408 656 1621 696 Anienem
1634 670 1800 696 amnem

420 714 679 769 pervenisse:
713 714 770 754 ibi
791 714 941 769 passim
963 714 1088 770 diripi
1116 724 1242 771 atque
1264 714 1434 755 incendi
1453 713 1580 754 villas.
1644 712 1801 754 Missus

422 771 633 827 extemplo
664 786 713 812 eo
741 786 836 812 011111
867 772 1058 813 omnibus
1086 773 1214 828 copiis
1245 772 1434 827 equitum
1463 771 1517 811 A.
1548 770 1800 820 Postumius,

423 829 495 884 qui
524 828 701 869 dictator
728 828 840 869 bello
870 829 1022 869 Latino
1046 829 1202 871 fuerat:
1237 838 1401 871 secutus
1430 828 1575 869 consul
1606 827 1801 869 Servilius

423 901 517 926 011111
554 885 716 927 delecta
755 886 943 942 peditum
985 902 1122 928 manu.
1183 888 1411 943 Plerosque
1451 885 1638 942 palantes
1673 900 1802 941 eques

424 943 712 984 circumvenit:
746 960 823 984 nec
841 944 1079 985 advenienti
1097 945 1285 1001 peditum
1303 945 1458 1001 agmini
1475 943 1627 985 restitit
1650 942 1803 984 Sabina

423 1000 542 1057 legio.
625 1000 751 1050 Fessi,
794 1010 883 1042 tum
924 1002 1085 1051 itinere,
1129 1011 1219 1043 tum
1264 1002 1533 1059 populatione
1582 1010 1801 1050 nocturna,

424 1074 574 1114 magna
598 1074 692 1114 pars
717 1059 761 1099 in
788 1059 894 1099 villis
925 1059 1074 1115 repleti
1099 1060 1192 1101 cibo
1219 1060 1414 1116 vinoque,
1440 1059 1511 1100 vix
1538 1059 1660 1115 fugae
1688 1057 1804 1114 quod

422 1116 518 1157 satis
538 1126 645 1157 esset
665 1117 813 1157 virium
837 1117 1029 1158 habuere.

481 1173 619 1215 Nocte
642 1190 725 1215 una
745 1175 887 1216 audito
908 1174 1177 1231 perfectoque
1205 1174 1316 1216 bello
1340 1174 1507 1224 Sabino,
1530 1182 1694 1230 postero
1719 1173 1802 1222 die,

423 1232 467 1272 in
489 1247 687 1287 magnum
715 1232 796 1273 iam
825 1248 897 1288 spe
927 1232 1113 1288 undique
1135 1241 1276 1289 partae
1307 1232 1432 1288 paciS,
1454 1232 1580 1287 legati
1610 1231 1801 1272 Aurunci

422 1299 611 1330 senatum
643 1290 812 1340 adeunt,
845 1291 889 1330 ni
920 1290 1147 1331 decedatur
1178 1290 1330 1331 Volsco
1363 1305 1474 1346 agro,
1506 1288 1664 1330 bellum
1680 1287 1803 1332 ,indi-

422 1357 574 1388 centes,
640 1347 750 1388 Cum
782 1348 927 1403 legatis
960 1348 1082 1388 simul
1112 1348 1318 1389 exercitus
1351 1347 1648 1388 Auruncorum
1678 1345 1804 1386 domo

421 1405 630 1460 profectus
652 1416 755 1446 erat:
790 1406 907 1446 cuius
928 1406 1049 1453 fama,
1071 1405 1185 1446 haud
1206 1405 1352 1461 procul
1372 1406 1455 1446 iam
1476 1405 1527 1446 ab
1549 1403 1694 1445 Aricia
1713 1403 1803 1452 visi,

423 1472 537 1503 tanto
575 1463 756 1503 tumultu
788 1463 968 1503 concivit
1011 1463 1236 1512 Romanos,
1271 1471 1318 1503 ut
1352 1478 1430 1504 nec
1463 1461 1624 1503 consuli
1656 1460 1803 1503 ordine

422 1520 580 1570 Patres,
615 1536 692 1561 nec
733 1531 925 1576 pacatum
961 1535 1203 1576 responsum
1236 1535 1349 1561 arma
1383 1520 1657 1561 inferentibus
1692 1533 1806 1560 arma

422 1578 501 1634 ipsi
522 1578 732 1634 capientes
753 1578 851 1618 dare
880 1586 1059 1634 possent.
1122 1578 1308 1619 Ariciam
1329 1577 1478 1619 infesto
1506 1577 1672 1633 agmine
1693 1576 1802 1617 itur:

422 1651 500 1676 nec
536 1635 680 1692 procul
713 1636 810 1676 inde
842 1651 937 1676 cum
970 1635 1180 1677 Auruncis
1216 1636 1333 1691 signa
1367 1634 1528 1684 collata,
1561 1633 1804 1690 proelioque

423 1709 507 1735 uno
529 1693 783 1734 debellatum
805 1703 877 1734 est.

485 1751 517 1792 F
519 1752 602 1792 usis
624 1751 848 1800 Auruncis,
871 1751 1001 1791 victor
1018 1759 1079 1792 tot
1100 1751 1208 1791 intra
1228 1765 1381 1806 paucos
1398 1749 1487 1790 dies
1507 1748 1627 1791 bellis
1649 1748 1807 1789 Roma-

426 1824 504 1850 nus
524 1809 723 1865 promissa
739 1808 918 1849 consulis
940 1809 1150 1864 fidemque
1172 1818 1338 1849 senatus
1359 1807 1641 1863 exspectabat:
1675 1820 1806 1862 quum
1822 1827 1834 1847 1

426 1868 605 1923 Appius,
640 1876 682 1907 et
721 1867 844 1907 insita
872 1867 1068 1922 superbia
1102 1866 1253 1915 animo,
1288 1875 1329 1906 et
1361 1874 1408 1906 ut
1440 1864 1622 1920 collegae
1658 1877 1807 1905 vanam

425 1925 579 1965 faceret
599 1925 739 1973 fidem,
758 1940 883 1979 quam
904 1924 1126 1980 asperrime
1147 1932 1322 1979 poterat,
1340 1922 1403 1964 ius
1424 1922 1476 1963 de
1491 1921 1659 1962 creditis
1679 1935 1807 1976 pecu-

426 1982 505 2022 niis
527 1982 677 2023 dicere.
741 1982 952 2038 Deinceps
973 1990 1027 2031 et,
1051 1982 1120 2037 qui
1151 1989 1248 2022 ante
1270 1981 1369 2022 nexi
1390 1980 1568 2028 fuerant,
1590 1978 1808 2020 creditori-

425 2040 503 2081 bus
532 2040 815 2089 tradebantur,
838 2049 880 2080 et
900 2041 1179 2080 nectebantur
1200 2038 1280 2079 alii.
1346 2037 1474 2086 Quod
1494 2037 1566 2078 ubi
1587 2036 1655 2077 cui
1683 2035 1806 2077 militi

426 2097 641 2147 inciderat,
682 2097 882 2152 collegam
922 2096 1178 2152 appellabat:
1228 2110 1451 2137 concursus
1491 2094 1543 2136 ad
1587 2093 1807 2135 Servilium

427 2155 564 2204 fiebat,
588 2155 697 2196 illius
717 2155 918 2211 promissa
944 2155 1164 2204 iactabant,
1186 2153 1246 2194 illi
1268 2153 1574 2209 exprobrabant
1601 2166 1674 2192 sua
1695 2150 1808 2207 quis-

428 2228 509 2268 que
543 2213 640 2254 belli
671 2213 817 2253 merita
850 2212 1143 2268 cicatricesque
1180 2220 1380 2267 acceptas.
1442 2209 1728 2258 Postulabant,
1760 2216 1808 2249 ut

428 2280 498 2311 aut
520 2271 690 2311 referret
711 2270 764 2311 ad
789 2279 992 2319 senatum,
1015 2279 1087 2310 aut
1108 2278 1154 2310 ut
1174 2268 1329 2310 auxilio
1351 2276 1459 2309 esset
1479 2266 1624 2309 consul
1651 2265 1808 2308 civibus

430 2465 502 2485 cum
528 2453 698 2490 Auruncis,
721 2453 805 2491 quod
835 2451 931 2482 Dion.
955 2451 1094 2482 omittit:

431 2498 549 2537 quippe
572 2495 715 2527 Aurunci
738 2505 776 2525 ex
802 2495 928 2524 Volscis
950 2494 1096 2533 gentibus

430 2545 531 2575 erant,
546 2544 577 2570 et
594 2538 762 2570 verisimile
780 2537 913 2574 videtur,
934 2541 969 2566 ut
991 2537 1023 2566 in
1047 2536 1096 2566 his

429 2583 598 2613 annalibus
624 2591 697 2612 cum
721 2580 858 2615 Volscis,
881 2579 912 2609 in
936 2579 1000 2608 illis
1022 2589 1094 2608 011111

431 2626 600 2662 Auruncis,
626 2624 711 2654 idem
740 2623 862 2653 bellum
892 2632 912 2651 a
942 2621 1098 2652 Romanis

430 2672 552 2705 gestum
569 2671 730 2697 narratum
747 2665 850 2696 fuerit.

473 2711 491 2738 8
514 2710 763 2747 Ecetranorum]
805 2707 938 2747 Quippe
962 2706 1097 2737 concilia

432 2751 621 2781 Volscomm
643 2751 768 2791 saepius
785 2751 921 2781 Ecetrae
936 2749 1096 2779 habeban-

430 2797 490 2823 tur.
509 2793 605 2823 Dion.
618 2794 680 2824 viii.
692 2806 720 2832 4.
747 2793 815 2823 Liv.
829 2793 871 2823 iii.
885 2802 934 2831 40.
961 2791 1094 2822 Nieblnr.

430 2835 460 2866 ii.
478 2846 509 2874 p.
525 2845 575 2875 92.

472 2887 492 2918 9
518 2877 700 2917 Tumultus]
730 2878 795 2908 IIic
819 2879 973 2907 tumultus
996 2876 1097 2907 levius

430 2925 488 2957 est,
504 2929 599 2959 quam
617 2920 739 2950 bellum.
785 2921 827 2949 At
851 2921 944 2959 longe
966 2919 1029 2949 alia
1051 2919 1096 2949 vis

1139 2451 1233 2481 huius
1245 2449 1330 2480 vocis
1345 2453 1404 2486 est,
1416 2449 1469 2479 ubi
1482 2449 1521 2478 de
1535 2447 1656 2478 Gallico
1668 2447 1809 2477 tumultu

1138 2493 1251 2533 agitur,
1267 2496 1323 2522 aut
1343 2493 1485 2523 deco-etus
1507 2490 1662 2521 tumultus
1683 2488 1808 2520 dicitur.

1141 2536 1214 2565 lloc
1244 2535 1344 2565 fusius
1373 2533 1606 2573 explicabimus
1630 2532 1671 2562 ad
1699 2531 1751 2562 vii.
1777 2541 1807 2572 9.

1140 2578 1245 2608 Cam.

1187 2628 1197 2650 1
1225 2622 1330 2657 Quum
1347 2643 1354 2650 .
1371 2643 1379 2651 .
1396 2643 1403 2650 .
1419 2619 1538 2656 dicere]
1570 2619 1676 2655 Quum
1691 2615 1808 2656 passim

1141 2673 1192 2702 ap.
1217 2662 1343 2692 Livium
1370 2672 1443 2692 cum
1464 2660 1622 2691 infinitivo
1647 2658 1808 2696 historico,

1140 2715 1235 2744 quern
1266 2708 1392 2741 vocant,
1421 2703 1634 2743 coniungitur,
1657 2701 1807 2740 quemad-

1141 2748 1271 2777 modum
1289 2748 1486 2778 Graecorum
1503 2745 1578 2776 ἐπεὶ.
1615 2744 1668 2775 Sic
1682 2743 1753 2774 infr.
1765 2743 1807 2774 iv.

1140 2800 1189 2830 51.
1213 2790 1316 2821 Tacit.
1334 2791 1417 2820 Ann.
1435 2789 1497 2820 xiv.
1515 2798 1543 2828 5.
1567 2788 1692 2818 RAscn.

1182 2843 1198 2863 2
1226 2833 1464 2870 Tradebantu‘r]
1506 2832 1580 2862 Hoc
1609 2832 1656 2860 est
1685 2827 1806 2859 addice-

1140 2877 1266 2906 bantur.
