1934 3211
517 188 642 230 LIB.
684 187 740 229 II.
790 187 937 229 CAP.
977 192 1043 229 31.
1409 193 1485 232 105

98 289 250 325 creant.
312 279 475 328 Plebes,
507 278 584 319 etsi
618 277 814 319 adversus
849 292 893 319 se
928 286 1114 319 creatum
1149 278 1395 320 dictatorem
1427 281 1488 320 vi-
1503 290 1545 321 U.
1562 291 1601 321 C.
1620 290 1690 322 260.

99 340 236 387 debat,
268 345 422 386 tamen,
459 351 592 392 quum
625 335 964 392 provocationem
999 335 1133 377 fratris
1167 335 1260 392 lege
1301 336 1485 386 haberet,
1502 334 1540 363 A.
1554 334 1602 364 -(3·
1619 343 1690 374 493·

97 395 204 439 nihil
223 409 277 436 ΒΧ
298 409 348 436 ea
367 394 523 435 familia
543 394 658 434 triste
686 409 765 434 nec
793 393 1019 450 superbum
1040 393 1224 435 timebat.
1289 370 1487 435 Edictuni
1501 385 1564 449 {gf
1580 376 1678 406 ὤμω

96 451 263 502 deinde,
287 467 311 493 a
330 451 530 494 dictatore
551 451 824 508 propositum,
847 451 1107 492 confirmavit
1127 452 1300 501 animos,
1327 450 1488 493 Servilii

97 510 181 554 fere
202 509 384 552 consulis
404 509 542 551 edicto
563 524 840 550 conveniens:
873 508 948 550 sed
977 518 1019 550 et
1046 509 1206 550 homini
1232 517 1275 551 et
1295 510 1489 565 potestati

61 587 65 590 ’
96 567 245 610 melius
265 567 343 609 rati
363 567 492 617 credi,
515 567 665 608 omisso
687 567 912 608 certamine
934 567 1107 608 nomina
1127 566 1294 609 dedere.
1343 567 1490 615 Quan—

65 634 164 676 4tus
183 640 402 682 nunquam
430 634 526 667 ante
555 625 775 675 exercitus,
797 625 983 681 legiones
1010 624 1157 666 decem
1178 626 1373 666 effectae:
1407 634 1490 667 ter-

95 698 175 725 nae
210 683 310 725 inde
346 682 467 724 datae
503 683 754 733 consulibus,
787 692 985 739 quattuor
1014 683 1192 725 dictator
1222 698 1330 724 usus.
1394 682 1489 725 Nec

96 749 260 798 poterat
288 741 371 782 iam
401 741 557 782 bellum
589 740 756 782 differri.
820 741 962 797 Aequi
984 739 1184 782 Latinum
1206 756 1352 797 agrum
1372 741 1489 783 inva-
1502 748 1632 780 Bellum

95 808 245 841 serant„
309 798 508 841 Oratores
542 798 791 840 Latinorum
831 814 856 840 a
895 808 1043 840 senatu
1082 799 1294 855 petebant,
1331 807 1378 841 ut
1417 808 1489 841 aut
1501 802 1574 822 cum

95 856 312 899 mitterent
331 856 576 906 subsidium,
599 865 671 898 aut
700 872 743 898 se
774 857 884 913 ipsos
914 856 1167 899 tuendorum
1197 857 1346 899 finium
1367 872 1490 899 causa
1503 836 1634 883 aequm,
1646 835 1707 867 1⁴⁸⁸

1502 882 1642 909 tinorum

95 929 244 972 capere
271 929 385 956 arma
411 915 608 956 sinerent.
669 914 823 956 Tutius
849 915 983 956 visum
1015 924 1088 965 est,
1118 915 1320 957 defendi
1309 930 1490 957 mermes
1502 931 1607 952 causa·

97 971 284 1022 Latinos,
302 987 429 1028 quam
450 973 536 1029 pati
557 981 776 1014 retractare
799 988 922 1014 arma.
956 972 1156 1014 Vetusius
1177 973 1322 1015 consul
1343 973 1489 1015 missus

96 1039 181 1072 est·
215 1030 249 1072 is
278 1030 374 1072 finis
394 1030 744 1096 populationibus
774 1031 864 1072 fuit.
931 1030 1104 1073 Cessere
1134 1031 1276 1087 Aequi
1307 1031 1486 1096 campis:

95 1087 273 1144 locoque
295 1089 438 1146 magis,
463 1104 589 1144 quam
611 1089 748 1154 armis,
767 1089 875 1138 freti,
898 1089 1068 1130 summis
1089 1104 1131 1130 se
1153 1089 1261 1145 iugis
1283 1090 1487 1130 montium

97 1146 351 1188 tutabantur.
415 1146 538 1188 Alter
559 1146 715 1196 consul,
738 1147 781 1187 in
804 1146 977 1188 Volscos
1005 1147 1226 1203 profectuS,
1249 1162 1302 1188 ne
1330 1157 1373 1189 et
1400 1148 1487 1204 ipse
1504 1158 1634 1189 Bellum

97 1211 249 1246 tereret
279 1213 456 1260 tempus,
485 1204 693 1246 vastandis
723 1205 904 1246 maxime
936 1205 1042 1261 agris
1073 1205 1234 1246 hostem
1265 1205 1318 1246 ad
1349 1204 1490 1247 confe-
1503 1212 1584 1275 ‘cml'

96 1261 229 1303 reuda
248 1262 419 1318 propius
440 1272 571 1304 castra
591 1262 962 1328 dimicandumque
993 1263 1080 1304 acie
1111 1263 1277 1304 excivit.
1340 1263 1490 1304 Medio
1523 1245 1556 1275 ⁰
1572 1244 1643 1276 ⁸⁰1⁵

97 1319 207 1361 inter
227 1328 358 1361 castra
379 1335 539 1376 camp0‚
563 1329 658 1362 ante
687 1336 810 1362 suum
839 1321 1016 1376 quisque
1038 1320 1205 1369 vallum,
1229 1321 1388 1362 infestis
1409 1321 1491 1377 sig-

98 1377 163 1418 nis
183 1378 418 1419 constitere.
477 1377 756 1419 Multitudine
779 1378 1039 1433 aliquantum
1066 1378 1102 1418 V
1105 1377 1203 1419 olsei
1226 1379 1488 1434 superabant.

99 1433 248 1491 Itaque
277 1436 396 1477 effusi
427 1444 470 1477 et
499 1436 773 1501 contemptim
802 1451 987 1492 pugnam
1009 1436 1152 1477 miore.
1219 1435 1380 1477 Consul
1404 1436 1492 1480 Ro-

97 1507 245 1534 manus
277 1508 355 1535 nec
387 1494 594 1549 promovit
628 1509 773 1542 aelem,
808 1508 886 1534 nec
922 1493 1145 1535 clamorem
1179 1493 1299 1535 reddi
1331 1509 1488 1550 passus,

67 1550 248 1599 5defixis
269 1550 363 1607 pilis
383 1560 489 1592 stare
511 1566 605 1592 suos
626 1551 766 1592 iussit:
791 1551 863 1592 ubi
885 1551 938 1592 ad
959 1566 1131 1592 manum
1147 1552 1330 1593 venisset
1346 1552 1488 1603 hostis,

98 1617 188 1649 tum
218 1617 380 1650 coortos
410 1618 497 1650 tota
525 1609 566 1650 vi
596 1608 745 1665 gladiis
775 1624 863 1651 rem
894 1625 1050 1665 gerere.
1112 1609 1268 1659 Volsci,
1297 1625 1420 1651 cursu
1448 1621 1490 1652 et

97 1665 275 1708 clamore
303 1666 411 1715 fessi,
433 1682 564 1722 quum
595 1682 638 1708 se
666 1666 781 1708 velut
810 1667 1075 1724 stupentibus
1105 1677 1222 1709 metu
1252 1668 1491 1710 intulissent

99 1722 314 1774 Romanis,
338 1734 558 1781 postquam
590 1725 904 1790 impressionem
935 1741 1099 1767 sensere
1128 1741 1180 1767 ex
1210 1726 1382 1767 adverso
1406 1726 1491 1768 fac-

98 1790 195 1832 tam,
218 1791 260 1824 et
281 1792 377 1824 ante
400 1782 541 1824 oculos
563 1798 714 1824 micare
739 1783 911 1838 gladios,
934 1783 1049 1825 haud
1075 1798 1206 1834 secus,
1229 1800 1355 1840 quam
1383 1784 1416 1825 si
1446 1784 1489 1825 in

97 1839 267 1882 insidias
294 1840 550 1891 incidissent,
573 1841 726 1882 tulbati
747 1850 916 1883 vertunt
937 1851 1075 1898 terga3
1108 1851 1149 1883 et
1180 1857 1233 1883 ne
1265 1842 1318 1883 ad
1348 1842 1488 1899 fugam

98 1897 279 1997 {uidem
306 1898 403 1940 satis
434 1899 585 1940 virium
620 1900 712 1949 fuit,
741 1900 841 1955 quia
872 1915 996 1941 cursu
1027 1900 1071 1941 in
1107 1900 1312 1956 proelium
1343 1900 1486 1942 ierant.

143 1970 282 1997 omanl
318 1965 474 2006 contra,
512 1957 611 2013 quia
650 1958 856 2013 principio
896 1973 1061 2014 pugnae
1103 1958 1235 2014 quieti
1276 1966 1488 2008 steterant,

98 2012 286 2069 vigentes
317 2015 570 2079 corporibuS,
592 2015 712 2056 facile
744 2015 885 2071 adepti
919 2015 1057 2065 fessos,
1090 2025 1132 2057 et
1165 2025 1298 2058 castra
1330 2017 1490 2081 impetu

99 2081 316 2127 ceperunt,
339 2082 393 2121 et,
416 2072 558 2113 castris
579 2082 754 2113 exutum
777 2072 938 2114 hostem
962 2073 1000 2113 V
1003 2048 1141 2114 elitras
1162 2074 1381 2129 persecuti,
1406 2090 1490 2115 uno

98 2129 263 2184 agmine
286 2129 460 2170 victores
480 2144 576 2170 eum
599 2130 716 2170 vietis
745 2130 787 2170 in
819 2131 961 2171 urbem
991 2131 1198 2186 irrupere:
1233 2131 1409 2187 plusque
1432 2131 1488 2172 ibi

99 2186 324 2242 sanguinis,
342 2187 575 2243 promiscua
596 2188 785 2228 onmium
806 2203 1007 2242 ‘renerum
1029 2187 1170 2238 caede,
1184 2204 1315 2254 quam
1338 2189 1379 2229 in
1403 2204 1492 2245 ipsa

99 2242 383 2294 dimicatione,
415 2244 581 2286 factum.
645 2245 794 2287 Paucis
826 2245 923 2287 data
955 2246 1089 2296 venia,
1121 2262 1194 2302 qui
1232 2247 1411 2287 inermes
1448 2246 1488 2287 ἰιι

99 2300 358 2344 deditionem
381 2318 484 2343 vene
489 2314 595 2344 runt.

160 2359 274 2401 Dum
313 2360 414 2402 hacc
452 2361 492 2401 in
532 2360 693 2402 Vols-cis
727 2370 946 2417 geruntur,
981 2362 1159 2403 dictator
1197 2362 1384 2410 Sabinos,
1420 2362 1489 2402 ubi
1573 2366 1640 2405 31.

100 2416 223 2473 longe
266 2417 490 2475 plurimum
533 2419 628 2460 belli
668 2419 813 2469 fuerat,
850 2419 1002 2469 fundit,
1039 2420 1251 2476 suumque,
1290 2420 1635 2476 exuitqucssvssum

101 2475 254 2516 castris.
333 2475 536 2532 Equitatn
579 2477 764 2517 immisso
803 2451 986 2518 inediam
1031 2479 1137 2518 turb
1141 2487 1267 2519 uerit
1309 2477 1489 2518 hostium
1505 2475 1641 2539 &Tim

103 2613 191 2648 anni,
215 2619 371 2645 servatum
401 2615 431 2645 in
460 2626 616 2646 marmore
643 2616 730 2646 edito
754 2628 772 2646 u
820 2617 907 2652 lium,
923 2623 1052 2646 centum
1076 2617 1193 2646 abhinc
1209 2628 1320 2653 ιιιιιιιιει,
1339 2628 1400 2647 non
1420 2618 1492 2657 plus

105 2656 256 2686 Mon-nio
285 2657 324 2687 de
354 2658 427 2687 nilo
458 2658 598 2698 inscript.
631 2669 661 2698 p.
697 2659 762 2689 162.
818 2665 970 2698 quattuor
1007 2659 1146 2695 legiones
1183 2660 1211 2689 in
1248 2660 1317 2689 ιιι-ιο
1352 2661 1489 2692 ambiunt.

104 2699 143 2728 cf.
163 2698 241 2728 (anri
269 2699 415 2739 inscript.
449 2701 572 2732 Etrusc.
598 2701 628 2733 ii.
647 2712 677 2741 p.
704 2711 772 2741 235,
823 2702 941 2732 Verum
970 2702 1077 2732 adhuc
1100 2702 1211 2732 similis
1235 2703 1384 2742 phalangi
1406 2703 1491 2734 acies

105 2741 237 2772 Niebhr.
256 2741 274 2772 i.
294 2752 322 2781 p.
342 2751 411 2780 530.
429 2752 498 2783 590.
822 2745 969 2775 Romana
999 2746 1188 2776 ›scrut-batur.
1230 2745 1363 2776 xit-mur.
1399 2746 1419 2777 i.
1459 2757 1489 2787 p.

146 2797 164 2822 ⁴
189 2785 340 2823 er'muw
355 2786 476 2822 decem}
500 2785 588 2823 Exng
609 2792 696 2816 erum
709 2797 774 2816 orn—
822 2797 891 2828 590.

103 2827 159 2861 tio,
182 2838 264 2866 qum:
291 2827 419 2857 Vult-rin
445 2828 565 2858 Antiati
592 2831 695 2858 lon-nn
723 2830 774 2858 dc·
870 2839 885 2868 5
917 2832 1041 2870 [nstris
1070 2832 1161 2870 pilia-l
1217 2831 1350 2862 Rectius
1379 2833 1491 2867 lutatis,

104 2870 206 2904 betur.
229 2870 281 2909 qui
311 2870 481 2900 immodico
504 2870 646 2901 amnium
672 2881 774 2902 rerum
820 2883 918 2912 ιμιιιιιι
952 2884 1012 2903 ιιυη
1051 2880 1126 2904 nint«-
1156 2874 1302 2905 Gallicos
1333 2876 1492 2906 tumultus

103 2923 270 2943 numerum
282 2919 387 2950 auget.
402 2913 470 2944 infr.
485 2914 595 2944 xxxiii.
608 2923 652 2945 ιο.
670 2914 777 2945 Livius·
818 2917 894 2956 pilis
912 2917 1082 2947 utebantur
1100 2917 1248 2948 Romani.

104 2955 134 2986 in
148 2955 208 2987 hoc
222 2955 292 2986 loco
304 2955 462 2987 incautius
472 2956 548 2994 agit,
559 2967 657 2996 quum
668 2958 708 2987 nd
722 2958 774 2988 ΑΙ-
