1934 3211
437 192 521 231 218
949 192 1098 234 ΤΙΤΙ
1135 192 1204 234 LI
1217 192 1314 234 VII

219 283 262 314 U.
281 283 318 314 C·
337 293 408 325 309·
439 280 589 322 ‘titulo
616 281 932 337 aequandarum
959 282 1113 338 legum,
1143 290 1285 323 nostra
1313 282 1405 323 iura
1434 296 1630 338 oppressa
1659 281 1830 323 tulimus

216 327 256 356 A.
280 326 318 357 C·
336 337 410 367 443·
438 340 450 358 ‘
465 345 508 378 et
548 338 730 379 ferimus.
808 338 897 387 Qui
935 339 1031 380 finis
1073 340 1152 380 erit
1190 339 1522 381 discordiarum?
1595 338 1830 395 Ecquando

438 398 595 435 ‘unam
629 396 776 436 urbem
812 396 978 446 habere,
1021 397 1242 452 ecquando
1283 412 1550 437 communem
1591 396 1699 437 hanc
1740 410 1828 437 esse

438 452 641 507 ‘patriam
671 452 848 494 licebit?
908 453 1024 494 Victi
1055 469 1130 495 nos
1161 454 1358 509 aequiore
1389 454 1529 494 animo
1560 453 1827 509 quiescimus,

438 512 591 563 ‘quam
627 525 699 550 vos
735 510 922 550 victores.
989 510 1150 551 Satisne
1193 519 1267 559 est,
1305 511 1425 551 nobis
1466 525 1539 551 vos
1579 509 1828 551 metuendos

436 567 586 606 ‘esse‘?
647 566 861 607 Adversus
894 582 970 607 nos
999 566 1263 607 Aventinum
1296 567 1482 622 capitur:
1526 567 1721 607 adversus
1751 581 1828 606 nos

435 626 448 643 ⁶
466 621 592 663 Sacer
613 632 841 678 occupatur
862 638 992 663 mons.
1057 622 1266 678 Esquilias
1288 623 1460 677 quidem
1486 624 1537 663 ab
1557 623 1676 663 hoste
1697 637 1826 678 prope
1843 633 1859 665 7

435 683 616 735 ‘captas,
640 688 682 719 et
703 679 1013 720 scandentem
1003 695 1047 719 111
1076 694 1270 735 aggerem
1286 679 1489 720 Volscum
1514 679 1678 720 hostem
1702 690 1859 720 nem08

434 736 712 776 ⁶sm111110vit:
753 736 797 775 in
830 751 905 776 nos
932 736 1024 784 viri,
1053 736 1098 775 in
1125 751 1202 776 nos
1230 736 1378 776 armati
1406 736 1515 776 estis.
1578 736 1825 792 Agstedum,

435 793 534 832 ‘ubi
567 792 634 832 1110
668 792 826 832 curiam
860 792 1222 842 circumsederitis,
1253 801 1295 833 et
1321 793 1459 834 forum
1491 792 1689 833 infestum
1715 793 1827 833 fece-

433 849 562 897 ‘ritis,
597 857 640 890 et
675 864 885 890 carcerem
921 849 1195 905 impleveritis
1230 850 1516 905 principibus3
1554 849 1703 890 iisdem
1738 849 1827 890 istis

432 905 666 946 ‘feiocibus
707 906 857 947 animis
897 907 1149 962 egredimini
1182 916 1300 947 extra
1334 914 1498 971 portam
1532 906 1823 971 Esquilinam:

432 966 543 1011 ⁶,aut
577 962 611 1003 si
646 978 700 1003 ne
742 963 821 1004 hoc
858 964 1032 1019 quidem
1073 963 1250 1013 audetis,
1285 979 1339 1004 ex
1380 963 1510 1004 muris
1544 963 1665 1004 visite
1706 977 1826 1019 agros

431 1023 614 1060 ‘vestros
654 1019 763 1061 ferio
808 1020 982 1076 ignique
1023 1028 1216 1070 vastatos,
1258 1020 1457 1076 praedam
1497 1020 1622 1075 abigi,
1662 1020 1824 1060 fumare

431 1075 630 1117 ‘incensa
659 1077 813 1132 passim
841 1086 962 1118 tecta.
1026 1077 1088 1118 At
1118 1078 1232 1118 enim
1264 1077 1497 1118 communis
1527 1092 1592 1118 res
1619 1092 1696 1132 per
1721 1077 1857 1122 haec9

432 1132 551 1174 ‘loco
582 1141 645 1174 est
674 1134 843 1189 peiore.
878 1149 976 1190 ager
1007 1134 1153 1183 uritur,
1181 1135 1279 1176 urbs
1309 1134 1536 1183 obsidetur,
1562 1134 1663 1175 belli
1693 1133 1826 1189 gloria

431 1194 443 1212 ⁶
458 1205 587 1245 penes
612 1190 752 1231 hostes
777 1199 850 1232 est.
917 1191 1034 1239 Quid
1061 1191 1262 1232 tandem?
1291 1191 1477 1255 privatae
1505 1206 1571 1231 res
1591 1199 1751 1232 vestrae
1779 1191 1824 1230 in

432 1251 444 1269 ⁶
460 1262 544 1302 quo
566 1255 677 1288 statu
698 1256 820 1288 sunt.
811 1249 828 1278 ‘³
879 1247 970 1288 Iam
992 1248 1220 1303 unicuique
1243 1263 1297 1288 ex
1318 1248 1425 1303 agris
1447 1263 1521 1288 sua
1541 1247 1695 1288 damna
1714 1262 1824 1288 nun-

431 1304 680 1345 ‘tiabantun
747 1304 866 1352 Quid
898 1313 960 1346 est
993 1305 1164 1345 tandem
1197 1305 1324 1353 domi,
1342 1281 1472 1345 bunde
1506 1319 1556 1354 ea
1587 1304 1824 1360 expleatis?

432 1365 444 1383 ⁶
460 1360 640 1401 Tribuni
662 1362 778 1402 vobis
806 1362 956 1402 amissa
982 1362 1162 1403 reddent
1189 1377 1236 1402 ac
1267 1362 1521 1403 restituent?
1580 1361 1708 1402 Vocis
1732 1375 1825 1402 ver-

432 1417 693 1496 ‘borumque
735 1427 941 1473 quantum
980 1418 1142 1468 voletis,
1179 1419 1387 1475 ingerent,
1429 1426 1472 1459 et
1511 1417 1736 1459 criminum
1778 1418 1825 1458 in

432 1474 682 1529 ‘principes,
717 1484 760 1515 et
795 1475 936 1531 legum
972 1475 1146 1516 aliarum
1180 1490 1304 1531 supei
1336 1450 1449 1525 alias,
1483 1483 1526 1516 et
1557 1475 1821 1516 concionum.

431 1535 444 1553 ⁶
463 1530 546 1571 Sed
572 1546 625 1571 ex
653 1531 733 1571 illis
762 1533 1034 1573 concionibus
1062 1548 1282 1588 nunquam
1306 1540 1492 1573 vestrum
1517 1532 1739 1587 quisquam
1763 1546 1851 1581 re,1

432 1592 444 1610 ⁶
459 1587 639 1636 fortuna,
663 1588 836 1628 domum
858 1589 1019 1629 auctim
1039 1590 1176 1630 rediit.
1241 1589 1399 1644 Ecquis
1424 1589 1568 1629 retulit
1588 1588 1748 1644 aliquid
1769 1588 1824 1629 ad

429 1648 441 1667 ⁶
456 1643 679 1699 coniugem
710 1659 756 1684 ac
784 1645 936 1685 liberos
964 1654 1132 1700 praeter
1162 1646 1270 1694 odia,
1298 1646 1563 1694 offensiones,
1590 1645 1822 1686 simultates

429 1701 643 1756 ‘publicas
665 1702 964 1756 privatasque?
995 1717 1019 1742 a
1039 1702 1191 1756 quibus
1216 1717 1382 1757 semper
1405 1717 1491 1742 non
1511 1709 1648 1741 vestra
1667 1702 1821 1742 virtute

428 1762 440 1780 ⁶
455 1758 796 1813 innocentiaque,
819 1758 892 1798 sed
913 1758 1069 1798 auxilio
1092 1759 1229 1799 alieno
1252 1759 1331 1798 tuti
1353 1758 1452 1799 sitis.
1506 1757 1579 1806 At,
1599 1757 1820 1807 Hercules,

428 1820 588 1869 ‘quum
619 1815 840 1870 stipendia,
869 1815 989 1855 nobis
1020 1815 1272 1864 consulibus,
1302 1830 1386 1855 non
1419 1814 1597 1855 tribunis
1628 1814 1817 1864 ducibus,
1835 1834 1852 1855 2

429 1877 498 1911 ‘et
530 1872 574 1911 in
608 1872 762 1920 castris,
792 1887 878 1912 non
910 1871 955 1911 in
987 1872 1090 1921 foro,
1120 1871 1344 1920 faciebatis,
1376 1879 1418 1912 et
1449 1872 1493 1911 in
1527 1871 1614 1912 acie
1636 1880 1821 1912 vestrum

428 1927 679 1968 ‘clamorem
706 1928 857 1977 hostes,
885 1944 971 1969 non
999 1929 1043 1968 in
1072 1929 1274 1969 concione
1297 1929 1442 1969 Patres
1466 1928 1649 1968 Romani
1677 1928 1821 1969 horre-

427 1990 438 2008 ⁶
453 1985 567 2033 bant,
590 1985 747 2040 praeda
767 1994 897 2040 parta,
922 2001 1020 2040 agro
1046 2001 1099 2026 ex
1123 1986 1243 2026 hoste
1265 1994 1398 2040 capto,
1421 1984 1537 2040 pleni
1557 1985 1820 2025 fortunarum

427 2041 708 2097 ‘gloriaeque,
741 2042 864 2082 simul
895 2042 1101 2097 publicae,
1131 2041 1255 2082 simul
1284 2042 1484 2097 privatae,
1514 2041 1820 2096 triumphantes

427 2104 437 2121 ⁶
454 2098 627 2138 domum
653 2098 706 2138 ad
731 2106 905 2153 penates
930 2098 1155 2139 redibatis:
1190 2114 1304 2138 1111110
1331 2106 1551 2139 oneratum
1571 2098 1717 2138 vestris
1737 2098 1820 2139 for-

427 2161 438 2178 ⁶
455 2155 566 2196 tunis
592 2155 755 2196 hostem
781 2155 893 2196 abire
920 2155 1065 2196 sinitis.
1130 2155 1316 2196 Haerete
1342 2155 1456 2196 affixi
1480 2154 1752 2195 concionibus
1777 2163 1821 2196 et

284 731 349 770 68.

1185 2292 1204 2323 9
1227 2284 1274 2312 At
1288 2282 1371 2313 enim
1388 2283 1577 2319 communis]
1603 2281 1722 2313 Omnia
1737 2281 1818 2312 haec

1142 2334 1242 2363 usque
1272 2325 1314 2354 ad
1345 2324 1498 2354 orationis
1531 2324 1629 2353 finem
1654 2334 1672 2353 e
1696 2324 1818 2353 Demo-

1142 2366 1255 2396 sthene
1265 2367 1506 2396 adumbrantur.
1529 2365 1591 2395 vid.
1602 2364 1743 2395 Dobraei
1752 2364 1818 2395 Ad-

1145 2418 1222 2438 vers.
1243 2408 1301 2437 vol.
1324 2407 1343 2437 i.
1368 2417 1399 2446 p.
1426 2417 1496 2447 349.
1528 2407 1566 2436 cf.
1585 2407 1755 2436 Demosth.
1774 2406 1816 2436 Ο-

1143 2449 1247 2488 lynth.
1260 2449 1280 2479 i.
1298 2459 1328 2487 p.
1346 2458 1392 2487 13.
1408 2458 1456 2479 22.
1483 2449 1535 2478 Ol.
1552 2448 1595 2478 iii.
1608 2458 1640 2487 p.
1655 2458 1704 2487 34.
1729 2447 1816 2479 Phil.

1141 2491 1162 2522 i.
1178 2492 1219 2521 ad
1237 2491 1289 2520 fin.
1316 2491 1401 2520 Phil.
1418 2490 1461 2520 iii.
1480 2500 1510 2528 p.
1527 2499 1594 2528 127.

1188 2542 1199 2562 1
1219 2533 1278 2569 Re,
1287 2533 1445 2570 fortuna]
1466 2531 1557 2561 Livio
1573 2531 1654 2561 nihil
1670 2531 1816 2570 frequen-

470 2291 487 2322 7
511 2284 678 2322 Esquilias
699 2306 705 2313 .
724 2305 730 2313 .
749 2306 755 2313 .
774 2305 780 2313 .
799 2293 901 2322 prope
923 2287 1045 2321 captas,
1068 2287 1098 2313 et

426 2349 432 2356 .
451 2349 457 2355 .
476 2349 482 2356 .
499 2327 615 2356 hostem
632 2336 721 2355 nemo
736 2326 918 2362 summovit]
952 2324 1098 2353 Verbum

424 2369 579 2397 submovit
601 2367 633 2396 111
657 2370 829 2405 utrumque
852 2376 916 2396 non
938 2365 1097 2396 convenit.

426 2409 488 2439 Sed
519 2419 614 2447 saepe
649 2409 741 2447 plura
775 2407 925 2438 orationis
955 2408 1099 2437 membra

425 2461 490 2480 uno
506 2452 684 2489 codemque
702 2451 796 2480 verbo
816 2449 922 2479 claudi
941 2449 1099 2485 videntur,

425 2503 523 2531 quum
551 2494 591 2523 ad
618 2502 728 2522 verum
753 2501 880 2521 5011511111
911 2491 999 2520 aliud
1024 2501 1096 2529 sup-

425 2535 581 2573 plendum
605 2534 655 2564 sit.
702 2534 753 2563 Sic
774 2533 840 2563 Cic.
863 2533 903 2562 ad
928 2533 995 2562 Att.
1015 2543 1046 2562 x.
1067 2544 1095 2570 4.

423 2578 614 2611 Fortunam,
631 2587 693 2615 qua
716 2577 762 2605 illi
779 2576 1023 2612 florentissima,
1042 2585 1097 2604 nos

423 2619 553 2648 duriore
597 2619 768 2655 conflictati
813 2618 965 2647 videmur.
1020 2616 1096 2645 Vid.

425 2660 545 2689 Sanctii
563 2659 643 2689 Min.
661 2659 700 2688 iv.
719 2661 745 2688 8.
767 2662 798 2688 et
824 2657 979 2688 Perizonii
1005 2661 1096 2687 notas

424 2700 553 2731 ibidem.
588 2701 652 2730 Hic
670 2701 765 2739 igitur
780 2700 812 2729 in
829 2700 932 2739 priore
945 2699 1096 2729 orationis

424 2743 566 2771 membro
588 2743 805 2781 supplendum
823 2746 869 2771 est
885 2752 974 2772 nemo
990 2743 1096 2780 defen-

423 2783 481 2817 dit,
497 2788 553 2812 aut
569 2784 657 2813 aliud
674 2784 749 2822 quid
767 2783 880 2813 simile.
905 2783 1010 2813 CREV.

468 2825 486 2851 8
510 2826 682 2862 Afmerem]
712 2825 901 2863 Esquilinus
924 2825 1015 2854 collis
1039 2824 1096 2854 illa

425 2867 515 2904 parte
531 2866 678 2895 adibatur
694 2876 750 2904 per
763 2877 910 2906 aggerem
927 2865 1095 2905 Tarquinii

424 2906 570 2944 Superbi.
595 2907 700 2937 (ἷκεν.

1141 2574 1205 2603 11115
1227 2578 1285 2610 051,
1309 2583 1403 2612 quam
1436 2573 1620 2612 particulas,
1643 2583 1726 2612 quae
1749 2583 1816 2603 ora-

1141 2616 1261 2645 tionem
1280 2619 1488 2652 connectunt,
1504 2615 1662 2645 omittere.
1683 2615 1798 2645 DRAK.

1184 2668 1200 2687 2
1224 2659 1392 2696 »Stipendia
1410 2681 1417 2687 .
1434 2680 1441 2688 .
1459 2681 1466 2687 .
1484 2658 1692 2694 .faciehatis]
1724 2656 1815 2686 Non—

1141 2700 1216 2728 dum
1242 2699 1402 2738 stipendia
1424 2698 1520 2728 militi
1541 2699 1690 2728 Romano
1714 2698 1814 2728 solve-

1141 2742 1266 2771 bantur.
1313 2741 1376 2771 Sed
1392 2740 1444 2770 hic
1461 2740 1572 2770 Livius
1589 2739 1743 2779 temporis
1766 2739 1815 2769 5111

1140 2793 1263 2812 molem
1300 2782 1332 2812 in
1368 2782 1534 2812 scribendo
1569 2781 1722 2820 sequitur,
1750 2790 1814 2818 quo

1139 2826 1299 2863 slipendm
1307 2825 1422 2862 facere
1435 2828 1467 2853 et
1478 2825 1618 2854 militare
1634 2821 1813 2869 promiscue

1141 2867 1385 2905 usurpabantur.
1410 2866 1516 2897 ΟΜΝ.
1549 2865 1587 2895 cf.
1604 2864 1675 2894 infr.
1692 2862 1734 2893 iv.
1751 2870 1801 2902 59.
