1934 3211
548 203 674 244 LIB.
711 203 765 244 II.
810 203 956 244 CAP.
992 208 1058 247 37.
1432 210 1510 247 113

122 292 376 336 instaurandi
398 291 500 333 haec
514 307 637 334 eausa
655 292 802 334 fuerat.
865 293 999 335 Ludis
1016 308 1137 334 mane
1154 308 1318 335 servum
1336 296 1506 351 quidam

88 349 429 420 gpateffamffiae,
451 349 639 391 nondum
661 351 882 392 commisso
911 350 1161 408 spectaculo,
1184 352 1260 393 sub
1281 351 1395 393 furca
1416 368 1510 395 eae-

119 422 211 450 sum
243 405 382 448 medio
414 417 556 464 egerat
585 408 707 449 circo.
773 407 927 465 Coepti
959 408 1057 450 inde
1088 408 1190 458 ludi,
1222 408 1337 450 velut
1366 424 1416 450 ea
1445 425 1510 451 res

85 464 222 508 6nihil
242 464 296 506 ad
316 464 561 521 religionem
589 466 868 522 pertinuisset.
932 466 1062 507 Haud
1090 467 1147 508 ita
1169 466 1300 507 multo
1322 476 1414 523 post
1441 467 1506 508 Ti.

118 522 281 572 Atinio,
322 521 375 563 de
415 522 537 578 plebe
578 523 739 564 homini
780 524 989 565 somnium
1029 524 1118 565 fuit.
1182 523 1308 565 Visus
1349 523 1510 580 Iupiter

116 579 269 630 dicere,
293 586 306 604 ‘
323 578 411 621 Sibi
433 580 541 621 ludis
565 581 909 637 praesultatorem
930 581 1213 638 displicuisse:
1247 582 1326 622 nisi
1347 582 1509 638 magni—

117 642 131 661 ‘
145 637 223 679 fiee
252 637 581 679 instaurarentur
600 638 644 679 hi
672 639 774 689 ludi,
796 639 1029 695 periculum
1059 640 1151 680 urbi
1175 639 1274 681 fore.
1338 639 1437 689 Iret,
1460 655 1510 681 ea

117 695 382 736 ‘consulibus
418 696 656 737 nuntiaret.'
719 696 975 753 Quanquam
1010 697 1124 738 haud
1156 712 1254 739 sane
1286 697 1390 738 liber
1421 708 1510 739 erat

116 752 316 809 religione
333 753 510 804 animus,
525 754 777 796 verecundia
789 764 931 796 tamen
949 755 1174 796 maiestatis
1190 755 1508 811 magistratuum

85 810 309 858 7timorem
345 810 457 861 vicit,
491 827 544 853 ne
581 812 625 852 in
660 827 731 853 ora
771 812 990 854 hominum
1031 827 1107 869 pro
1143 812 1324 854 ludibrio
1360 813 1505 854 abiret.

116 867 279 925 Magno
299 868 360 909 illi
381 883 433 910 ea
452 870 664 911 cunetatio
686 870 823 911 stetit:
857 870 991 911 filium
1013 885 1195 926 namque
1224 871 1334 911 intra
1353 886 1508 927 paucos

116 925 207 967 dies
227 926 376 968 amisit.
441 925 576 968 Cuius
597 928 842 984 repentinae
863 927 994 969 cladis
1015 943 1068 969 ne
1091 943 1215 969 causa
1235 928 1366 969 dubia
1386 937 1506 978 esset,

116 998 242 1040 aegro
263 984 392 1025 animi
414 984 563 1026 eadem
585 985 656 1026 illa
677 985 721 1025 in
742 985 898 1026 somnis
920 986 1136 1027 obversata
1157 986 1317 1042 speeies
1338 986 1425 1027 visa
1445 996 1509 1028 est

115 1041 307 1098 rogitare,
326 1047 339 1066 ‘
349 1041 479 1084 Satin’
495 1057 689 1099 magnam
706 1043 834 1099 spreti
851 1043 1036 1084 numinis
1052 1043 1225 1084 haberet
1242 1043 1507 1085 mercedem?

116 1099 345 1140 ‘maiorem
376 1100 544 1150 instare,
571 1101 615 1142 ni
644 1110 712 1142 eat
742 1115 933 1157 propere,
965 1116 1013 1142 ac
1044 1101 1212 1142 nuntiet
1242 1101 1508 1143 consulibus.’

115 1155 205 1197 Iam
222 1158 481 1214 praesentior
497 1173 562 1199 res
578 1167 683 1200 erat:
718 1167 987 1200 cunctantem
1005 1167 1145 1200 tamen
1163 1173 1210 1199 ae
1226 1158 1505 1215 prolatantem

114 1213 263 1271 ingens
284 1215 345 1256 vis
365 1216 500 1257 morbi
522 1215 667 1257 adorta
687 1225 750 1257 est
778 1215 993 1257 debilitate
1022 1216 1169 1257 subita.
1234 1216 1347 1257 Tum
1372 1217 1506 1258 enim-

113 1287 213 1313 vero
233 1272 408 1314 deorum
440 1273 501 1314 ira
521 1273 751 1314 admonuit.
815 1272 964 1315 Fessus
985 1274 1114 1330 igitur
1134 1273 1253 1314 malis
1273 1274 1507 1330 praeteritis

115 1329 466 1386 instantibusque,
489 1330 661 1372 consilio
682 1331 1014 1388 propinquorum
1044 1331 1245 1380 adhibito,
1267 1346 1399 1387 quum
1421 1332 1507 1373 visa

114 1395 241 1443 atque
272 1387 427 1438 audita,
464 1397 507 1429 et
542 1389 803 1430 obversatum
842 1389 964 1430 toties
996 1403 1144 1430 somno
1177 1387 1334 1438 Iovem,
1372 1389 1506 1430 minas

82 1444 280 1501 Sirasque
308 1445 521 1495 coelestes,
544 1455 871 1502 repraesentatas
899 1446 1062 1487 casibus
1092 1445 1190 1496 suis,
1220 1446 1503 1502 exposuisset3

114 1517 320 1544 consensu
341 1503 440 1544 inde
465 1503 579 1544 haud
600 1503 729 1544 dubio
758 1504 960 1554 omnium,
983 1503 1058 1560 qui
1085 1502 1272 1553 aderant,
1295 1503 1340 1544 in
1368 1503 1506 1545 forum

114 1560 168 1601 ad
182 1559 374 1602 eonsules
390 1560 538 1602 lectica
553 1561 734 1602 affertur.
797 1560 904 1602 Inde
921 1561 965 1602 in
982 1561 1139 1602 curiam
1155 1561 1270 1602 iussu
1286 1561 1505 1603 consulum

113 1617 288 1667 delatus,
309 1617 457 1659 eadem
479 1617 551 1659 illa
570 1634 702 1675 quum
724 1619 918 1660 Patribus
939 1619 1101 1675 ingenti
1118 1619 1306 1660 omnium
1328 1618 1507 1661 admira-

114 1675 226 1716 tione
267 1685 524 1725 enarrasset3
577 1691 674 1718 eece
717 1676 831 1718 aliud
880 1676 1139 1718 miraculum.
1226 1676 1313 1725 Qui
1361 1686 1507 1733 captus

112 1733 306 1775 omnibus
341 1734 540 1775 membris
571 1733 735 1776 delatus
765 1735 809 1775 in
840 1735 1000 1776 curiam
1031 1743 1151 1785 esset,
1184 1750 1281 1776 eum
1312 1734 1505 1776 functum

111 1790 247 1832 officio
282 1791 461 1848 pedibus
497 1792 581 1833 suis
615 1791 789 1834 domum
826 1792 1010 1841 rediisse,
1046 1792 1244 1834 traditum
1281 1793 1506 1834 memoriae

111 1856 185 1890 est.

170 1905 284 1948 Ludi
304 1922 431 1964 quam
454 1907 698 1964 amplissimi
721 1916 767 1949 ut
795 1908 957 1958 fierent,
980 1919 1149 1950 senatus
1169 1908 1368 1950 decrevit.
1432 1908 1504 1950 Ad

111 1978 183 2005 eos
202 1964 336 2014 ludos,
359 1975 527 2007 auctore
551 1965 672 2007 Attio
694 1965 835 2015 Tullo,
858 1966 918 2007 vis
935 1981 1088 2022 magna
1107 1965 1357 2008 Volscorum
1374 1967 1501 2008 venit.

77 2021 363 2078 9Priusquam
392 2023 755 2064 committerentur
775 2023 877 2073 ludi,
901 2023 1064 2073 Tullus,
1089 2033 1134 2064 ut
1155 2024 1269 2064 domi
1298 2039 1504 2080 eompOS1-

112 2088 202 2121 tum
237 2095 332 2122 cum
371 2080 535 2122 Marcio
567 2080 714 2130 fuerat,
747 2081 798 2121 ad
835 2081 1026 2122 eonsules
1062 2081 1189 2122 venit.
1254 2081 1372 2122 Dicit
1401 2097 1504 2131 esse,

111 2152 219 2193 quae
252 2147 413 2179 secreto
443 2153 565 2193 agere
597 2138 650 2179 de
683 2138 898 2194 republica
928 2138 1040 2179 velit.
1104 2138 1286 2179 Arbitris
1323 2140 1504 2189 remotis,

85 2213 96 2233 ι
114 2200 124 2219 ‘
143 2194 330 2245 Invitus‚’
352 2196 502 2251 inquit,
527 2201 538 2220 ‘
552 2196 667 2251 quod
688 2196 858 2252 sequius
878 2196 944 2243 sit,
963 2195 1014 2237 (lc
1039 2196 1142 2237 meis
1163 2196 1322 2237 civibus
1344 2196 1504 2252 loquor.

110 2373 196 2403 supr.
211 2362 229 2394 i.
246 2373 275 2411 9.
300 2365 355 2394 1«)ae
370 2365 604 2395 imtauratione
621 2374 663 2394 sc.
682 2364 785 2394 iterati
875 2364 895 2394 6
920 2365 1122 2402 ruffinum]
1145 2365 1177 2395 T.
1187 2365 1337 2394 Latinius
1352 2374 1505 2404 reponen—

111 2409 197 2443 sunt,
213 2406 369 2446 prioribus
386 2417 441 2446 pro
458 2406 552 2437 irritis
568 2406 693 2437 habitis.
718 2407 786 2438 Cic.
832 2408 909 2437 dnm
927 2411 1035 2437 censet
1054 2406 1188 2437 Nieblir.
1207 2406 1236 2437 ii.
1256 2417 1284 2446 p.
1309 2416 1374 2446 ¹05.

111 2449 152 2480 de
170 2448 245 2480 Div.
262 2449 281 2480 i.
300 2448 349 2480 26.
375 2449 516 2480 Smwn.
558 2450 606 2480 Ex
626 2449 788 2487 religione,
878 2458 892 2489 7
921 2451 1090 2487 Timorem]
1126 2451 1259 2489 Spreuie
1281 2449 1451 2487 religionis,
1467 2451 1507 2479 oli

111 2501 194 2531 (luae
211 2491 303 2522 ludos
314 2492 354 2522 de
367 2492 490 2531 integro
507 2493 628 2523 institui
647 2493 787 2523 iubebat.
835 2492 1058 2522 verecundiam
1077 2503 1128 2529 ne,
1144 2497 1297 2531 tunquam
1324 2492 1509 2527 ludibrium,

115 2534 224 2564 Domi..
255 2535 294 2565 cf.
315 2535 457 2566 Maerob.
475 2536 603 2566 Satur-n.
621 2535 639 2565 i.
662 2545 708 2566 ιι.
833 2535 863 2565 in
880 2545 1042 2565 sermonen
1059 2535 1225 2564 hominum
1245 2534 1375 2565 veniret.

162 2587 180 2614 4
205 2577 469 2616 l'atersamn'liae]
510 2579 613 2609 Codd.
639 2578 785 2608 nonnulli
875 2580 894 2606 8
919 2579 1204 2617 Ire-praesentatas]
1242 2577 1343 2613 Quaai
1362 2588 1506 2617 proesen-

114 2619 215 2649 forma
225 2619 404 2658 antiquiore
415 2622 663 2660 paterfamilias.
690 2623 791 2652 l'aler
836 2625 883 2650 tes
899 2621 1011 2656 liu-nm,
1027 2620 1128 2650 oculin
1144 2620 1312 2650 subiectam.
1341 2620 1464 2651 RAscn.

106 2662 258 2701 familiae
277 2661 413 2694 Bekkcr.
432 2663 603 2703 wpurutim
621 2663 738 2694 scribit.
877 2675 897 2703 ι)
921 2666 934 2690 (
944 2664 1216 2700 'ammittere-ntur]
1264 2663 1405 2693 Verbum
1430 2674 1508 2694 com-

158 2713 174 2743 5
199 2705 265 2733 Sub
281 2705 401 2743 sur-cal
431 2706 534 2736 Furcn
559 2707 680 2745 duplex
708 2707 787 2736 fnit:
835 2707 915 2735 mitti
941 2705 1101 2744 proprium
1126 2710 1157 2735 et
1181 2705 1314 2735 mle-nne
1338 2705 1368 2736 in
1394 2705 1453 2736 lune
1477 2716 1510 2736 re

113 2747 179 2777 alin
193 2757 289 2786 quarn
313 2752 436 2784 uenum·
459 2750 684 2778 tantummodo
705 2749 790 2778 iube·
837 2753 895 2779 est.
911 2748 985 2786 quin
1003 2747 1152 2777 nimirum
1171 2747 1200 2777 in
1219 2748 1410 2787 spectaculis
1425 2759 1508 2779 com-

115 2789 321 2820 buntur-nervi
335 2790 469 2829 improbi
483 2790 675 2829 ignominiae
686 2802 793 2826 enirm,
838 2791 1009 2820 mittuntur
1026 2790 1107 2820 inter
1122 2801 1154 2820 ne
1171 2790 1331 2822 certaturi.
1355 2792 1461 2823 Clfflv.

116 2833 202 2863 unde
218 2833 378 2871 sure-'sen'
395 2832 493 2868 dicti:
517 2833 581 2863 ulia
602 2833 793 2863 inntnimen-
886 2843 893 2862 ι
923 2834 1015 2870 Quod
1028 2834 1157 2874 sequius
1173 2834 1230 2871 nie]
1266 2833 1365 2870 Quod
1389 2834 1512 2865 civibus

115 2879 184 2906 tum
223 2875 386 2915 supplicii,
423 2875 597 2915 uliqunnrlo
635 2875 791 2916 capitalia
838 2875 916 2904 mein
947 2876 1051 2906 labem
1079 2875 1220 2915 aliquam
1251 2881 1408 2917 aspergat.
1458 2879 1510 2908 Se—

115 2918 156 2949 cf.
173 2918 305 2949 Sueton.
332 2918 430 2949 Nero.
456 2928 505 2958 ⁴0·
535 2919 640 2949 l’lnut.
663 2920 738 2950 Cas.
760 2918 791 2949 ii.
836 2919 1082 2959 quim-,nequitu
1099 2918 1182 2949 idem
1200 2919 1285 2958 quod
1301 2921 1510 2956 deterior-‚tle-

116 2959 146 2992 6.
164 2967 215 3000 37.
838 2962 957 2992 terim:
985 2972 1003 2991 n
1023 2972 1098 2992 voce
1118 2972 1208 2993 neem
1223 2972 1306 3002 quine
1330 2973 1393 2993 non
1418 2963 1512 2993 modo

175 3015 272 3044 VOL.
298 3016 323 3044 1.
1271 3017 1282 3044 1

1525 303 1568 334 U.
1587 304 1624 334 C.
1651 302 1710 341 :63

1523 348 1561 377 A.
1586 346 1624 377 C.
1641 347 1712 386 489.

1524 537 1631 572 Ingrat
1637 546 1672 565 us

1524 578 1592 608 lovi
1611 588 1697 617 prae-

1521 621 1664 651 sultator.

1589 1912 1655 1953 37.

1519 1968 1598 1999 Attii
1612 1969 1701 2000 Tulli

1473 2025 1480 2032 ·
1520 2012 1628 2043 Volsci

1517 2056 1620 2086 dolus.
