1934 3211
608 177 734 219 LIB.
769 176 822 219 V.
874 177 1019 219 CAP.
1058 181 1120 220 17.
1484 181 1566 222 307

168 276 181 296 ‘
197 271 326 314 muris
338 285 349 321 ;
382 284 554 319 memor,
577 284 705 325 quam
733 283 810 324 per
830 277 892 309 tot
912 282 1045 308 annos
1073 265 1239 308 obsides
1260 267 1420 318 urbem,
1443 283 1497 309 ex
1518 285 1568 310 ea
1582 281 1625 312 U.
1643 282 1681 312 c.
1701 282 1774 321 358.

168 335 182 353 ‘
197 329 273 370 tibi
308 328 386 377 his,
423 342 532 383 quae
573 341 687 367 nune
727 325 986 382 panduntur,
1023 324 1118 365 fatis
1157 323 1375 365 victoriam
1410 325 1564 367 datam.
1581 325 1619 355 A.
1644 325 1682 356 C.
1699 333 1775 364 394·

167 391 181 410 ‘
195 384 318 426 Bello
337 384 537 441 perfeeto,
559 383 721 424 donum
743 382 931 439 amplum
950 383 1085 422 victor
1105 381 1159 422 ad
1179 396 1274 422 mea
1294 382 1451 437 templa
1471 396 1568 438 por-

167 447 179 466 ‘
192 450 301 483 tato:
334 457 535 497 sacraque
556 441 704 497 patria,
727 455 908 496 quorum
930 439 1082 480 omissa
1105 453 1207 480 eura
1226 447 1302 487 est,
1324 439 1565 489 instaurata,

133 504 179 548 4‘
194 507 242 540 ut
281 498 445 549 assolet,
478 498 633 540 facito.’
690 497 847 553 Ingens
894 496 994 537 inde
1037 496 1183 537 haberi
1224 496 1413 551 captivus
1452 505 1568 538 vates
1649 501 1712 541 17.

163 565 350 613 coeptus,
367 571 550 612 eumque
572 555 772 597 adhibere
795 554 954 595 tribuni
975 553 1157 594 militurn
1176 551 1403 594 Cornelius
1416 553 1569 596 Postu-

163 614 358 670 miusque
395 613 450 654 ad
480 612 662 669 prodigii
699 612 858 653 Albani
894 611 1234 667 procurationem
1270 626 1317 652 ac
1354 611 1455 652 deos
1488 612 1567 653 rite

163 670 391 728 placandos
404 685 592 727 coepere.
656 669 970 724 Inventumque
988 668 1161 709 tandem
1174 676 1250 717 est,
1266 668 1338 709 ubi
1355 668 1569 725 neglectas

164 728 438 770 caerimonias
475 727 811 769 intermissumve
848 725 1037 767 sollenne
1069 725 1130 766 dii
1168 734 1416 782 arguerent3
1460 726 1568 767 nihil

134 785 353 842 sprofeeto
374 784 490 826 aliud
506 800 607 834 esse,
630 800 758 840 quam
779 783 1058 839 magistratus,
1075 783 1179 824 vitio
1201 792 1374 833 creatos,
1393 783 1567 824 Latinas

133 853 414 899 6sacrumque
446 843 492 883 in
513 842 683 884 Albano
714 849 858 882 monte
890 856 977 882 non
998 840 1076 881 rite
1103 841 1357 896 concepisse.
1423 841 1566 882 Unam

165 900 452 957 expiationem
480 915 625 941 eorum
651 914 753 948 esse,
776 907 824 940 ut
845 898 1004 940 tribuni
1036 898 1219 939 militum
1248 898 1493 939 abdicarent
1523 913 1567 939 se

166 957 424 1014 magistratu,
439 957 625 1013 auspicia
645 956 698 997 de
713 957 878 1012 integro
894 965 1200 1011 repeterentur,
1219 963 1262 996 et
1278 955 1568 1011 interregnum

166 1015 356 1057 iniretur.
421 1013 484 1055 Ea
500 1014 558 1055 ita
576 1014 686 1055 faeta
707 1022 804 1055 sunt
817 1028 870 1054 ex
891 1012 1266 1054 senatusconsulto.
1331 1012 1492 1054 Interre
1525 1028 1568 1054 es

169 1081 252 1114 tres
280 1071 481 1128 deinceps
509 1071 640 1121 fuere,
664 1071 713 1112 L.
731 1070 938 1120 Valerius,
972 1070 1025 1118 Q„
1049 1069 1249 1111 Servilius
1280 1070 1472 1120 Fidenas,
1495 1028 1565 1111 ᾗ.

169 1129 320 1170 Furius
369 1128 587 1170 Camillus.
672 1128 907 1184 Nunquam
948 1127 1130 1168 desitum
1174 1127 1346 1168 interim
1396 1127 1567 1173 turbari,

167 1186 338 1228 comitia
362 1186 726 1242 interpellantibus
754 1185 932 1226 tribunis
962 1184 1108 1240 plebis,
1138 1184 1273 1226 donec
1305 1185 1569 1226 convenisset

167 1243 296 1300 prius,
315 1250 327 1268 ‘
337 1253 382 1285 ut
396 1244 528 1285 maior
540 1259 634 1300 pars
649 1244 912 1284 tribunorum
927 1242 1109 1283 militum
1123 1257 1176 1282 ex
1189 1242 1311 1298 plebe
1329 1243 1567 1284 crearetur.’

172 1301 294 1350 Quae
317 1301 419 1342 dum
441 1311 635 1355 aguntur,
659 1300 836 1342 concilia
859 1299 1052 1341 Etruriae
1075 1299 1129 1340 ad
1149 1299 1294 1340 fanum
1311 1299 1569 1341 Voltumnae

169 1358 324 1408 habita,
347 1351 739 1415 postulantibusque
772 1357 1060 1413 Capenatibus
1092 1372 1139 1397 ac
1163 1356 1346 1406 Faliscis,
1371 1366 1417 1398 ut
1440 1357 1571 1398 Veios

169 1416 384 1457 communi
425 1416 565 1457 animo
607 1415 865 1470 consilioque
907 1429 1052 1455 omnes
1095 1413 1289 1454 Etruriae
1330 1414 1477 1470 populi
1519 1429 1571 1455 ex

169 1473 389 1515 obsidione
413 1473 638 1529 eriperent,
662 1487 908 1528 responsum
935 1480 1018 1512 est:
1056 1476 1067 1494 ‘
1085 1471 1228 1512 Antea
1248 1486 1290 1512 se
1313 1471 1357 1512 id
1379 1471 1573 1513 Veienti-

171 1536 182 1554 ‘
196 1531 273 1572 bus
290 1545 475 1587 negasse,
494 1530 605 1586 quia,
625 1529 737 1571 unde
756 1528 977 1570 eonsilium
994 1543 1079 1569 non
1097 1528 1301 1584 petissent
1317 1543 1444 1584 super
1457 1538 1574 1570 tanta

142 1603 157 1634 7
173 1593 184 1611 ‘
200 1603 258 1638 re,
281 1587 485 1630 auxilium
537 1597 651 1629 etere
674 1601 760 1628 non
782 1586 1003 1628 deberent:
1039 1600 1152 1626 nunc
1175 1585 1257 1626 iam
1279 1601 1355 1642 pro
1376 1601 1419 1627 se
1441 1586 1573 1628 fortu-

172 1650 297 1686 ‘nam
330 1660 447 1686 suam
489 1644 570 1685 ilis
603 1659 780 1701 negare;
829 1643 1011 1684 maxime
1047 1643 1091 1683 in
1124 1658 1174 1684 ea
1209 1653 1326 1699 parte
1363 1643 1569 1685 Etruriae.

172 1708 184 1727 ‘
202 1701 388 1744 Gentem
405 1702 672 1751 invisitatam,
691 1716 822 1743 novos
839 1700 1001 1742 accolas
1017 1699 1164 1742 Gallos
1185 1715 1288 1751 esse,
1304 1716 1401 1742 cum
1419 1701 1573 1757 quibus

171 1765 183 1784 ‘
196 1774 275 1801 nec
290 1775 373 1816 pax
394 1759 493 1801 satis
506 1759 602 1809 fida,
618 1774 697 1801 nce
714 1758 872 1801 bellum
890 1773 966 1814 pro
979 1767 1094 1799 certo
1111 1758 1186 1799 sit:
1221 1759 1415 1814 sanguini
1431 1767 1573 1800 tamen

172 1817 446 1874 ‘nominique
472 1826 514 1859 et
545 1817 837 1874 praesentibus
868 1815 1065 1873 periculis
1094 1816 1503 1872 consanguineorum
1529 1816 1573 1857 id

213 1967 233 1994 4
257 1956 377 1995 Inyens
392 1956 483 1994 inde]
513 1954 701 1997 Veientium
727 1955 849 1993 legatos

173 1998 314 2029 Romam
345 1997 457 2028 missos
486 1997 582 2028 fuisse
612 1996 721 2026 scribit
750 1996 848 2026 Dion.

174 2039 254 2070 Exc.
281 2040 356 2070 Vat.
382 2039 435 2070 xii.
464 2049 510 2070 12.
535 2039 626 2069 cuius
650 2038 692 2069 rei
718 2037 851 2077 vestigia

172 2091 225 2121 ap.
242 2082 311 2113 Cic.
329 2082 369 2112 de
388 2081 497 2112 Divin.
515 2081 534 2111 i.
554 2093 603 2119 44.
621 2084 794 2119 supersunt
820 2079 851 2109 iu

174 2123 299 2163 egregio
315 2133 372 2153 suo
389 2124 460 2153 loco
476 2124 515 2153 de
534 2122 625 2152 Veiis
641 2122 752 2161 captis.

219 2174 236 2205 5
261 2166 413 2203 Latinas]
451 2175 493 2196 se.
525 2164 643 2200 Perias,
670 2165 710 2194 de
737 2163 853 2203 quibus

175 2207 358 2238 Scholiasta
375 2207 405 2237 in
424 2207 492 2238 Cic.
512 2217 568 2246 pro
588 2207 698 2237 l’lanc.
716 2216 744 2247 9.
758 2206 799 2236 ab
813 2207 851 2236 A.

177 2249 267 2280 Maio
283 2250 408 2280 editus:
426 2251 484 2279 alii
501 2260 519 2278 a
538 2250 714 2289 Tarquinio
727 2250 852 2283 Prisco,

175 2293 264 2322 aliia
277 2293 403 2322 Latinis
414 2293 537 2322 Priscis
548 2291 851 2328 institutussermin

176 2340 272 2375 alque
287 2335 373 2365 inter
395 2335 450 2364 hos
472 2335 555 2374 ipsos
573 2334 611 2364 de
633 2344 730 2362 rausa
754 2334 852 2363 sacri-

167 2377 241 2416 ficii
265 2387 328 2407 non
351 2378 520 2407 convenil:
545 2376 600 2406 sed
625 2375 805 2406 Niebuhrio
822 2374 851 2405 ii.

178 2428 208 2458 p.
226 2428 275 2458 34.
300 2418 432 2449 minime
456 2418 591 2449 dubium
619 2418 754 2452 videtur,
775 2417 851 2456 quin

176 2460 329 2500 originem
342 2461 595 2500 antiquis-imam
613 2460 674 2490 hae
687 2460 784 2490 seriae
799 2460 853 2489 ha-

177 2503 316 2539 buerint,
327 2513 425 2542 quum
439 2513 491 2543 ap.
503 2502 586 2533 Plin.
604 2502 699 2533 ILN.
712 2502 754 2532 iii.
767 2512 796 2542 9.
812 2502 853 2531 le-

177 2544 282 2582 gimus
299 2545 474 2576 Praeterea
484 2547 585 2584 suere
602 2546 636 2575 in
654 2546 747 2575 Latio
762 2545 853 2574 clara

178 2587 372 2626 oppida—e!
387 2597 456 2617 eum
473 2588 523 2617 laia
543 2597 672 2618 carnem
695 2588 728 2616 in
751 2591 854 2617 monle

179 2629 306 2659 Albano
315 2630 398 2658 nol-'n'
409 2631 554 2669 accipere
562 2630 674 2669 populi
682 2631 706 2658 A
713 2629 834 2659 [benten
846 2640 854 2657 .-

181 2670 212 2700 hi
236 2681 309 2700 vern
327 2670 483 2701 Albenses
505 2671 601 2700 simili
624 2671 751 2701 foedere
774 2670 855 2700 anti-

180 2713 289 2752 quitun
310 2722 383 2742 cum
408 2712 523 2742 Priscis
542 2712 664 2743 Latinis
679 2718 710 2742 et
731 2713 856 2742 Albano

182 2755 305 2795 populo
333 2754 431 2785 iuncti
456 2760 542 2789 sunt,
566 2765 630 2793 quo
662 2760 772 2793 postea
799 2754 855 2784 La-

180 2797 238 2827 tini
257 2807 329 2827 cum
349 2796 498 2827 Hernicis
510 2802 540 2826 et
560 2797 681 2835 populo
697 2797 854 2826 Romano,

183 2839 318 2870 Niebhr.
344 2839 362 2870 i.
389 2850 418 2879 p.
447 2849 514 2870 200.
562 2841 658 2874 Quae
681 2839 721 2867 ‹le
746 2848 854 2868 eurum

181 2881 382 2912 institutione
410 2881 505 2911 habet
532 2881 628 2912 Dion.
657 2880 696 2910 iv.
724 2879 771 2910 26.
798 2880 853 2910 mi-

182 2924 268 2955 nime
288 2924 399 2964 probat
420 2923 554 2955 Niebhr.
572 2923 625 2962 qui
642 2922 854 2962 'l'nmuinium

894 1953 955 1982 hoc
978 1952 1121 1983 effecisse
1146 1956 1251 1991 putat,
1275 1957 1310 1982 ut
1332 1953 1418 1992 quod
1444 1952 1574 1983 Latino-

895 2004 964 2025 rum
990 1995 1185 2034 populorum
1209 2004 1336 2024 sacrum
1362 1995 1462 2031 fuera,
1488 2005 1573 2025 com-

895 2046 995 2066 mune
1021 2036 1222 2073 Latinorum,
1244 2041 1275 2065 et
1297 2037 1527 2072 Hernicorum,
1542 2042 1574 2067 et

900 2078 1121 2108 Romanorum
1139 2077 1171 2107 in
1189 2082 1350 2115 posterum
1369 2083 1460 2108 esset.
1504 2079 1576 2108 Has

898 2119 992 2150 serias
1024 2129 1080 2158 per
1108 2129 1163 2148 sex
1196 2119 1264 2149 dies
1294 2120 1446 2149 celebrari
1479 2120 1573 2149 docet

899 2162 1013 2192 Festus
1038 2173 1064 2192 v.
1090 2162 1254 2196 Ost-illum,
1281 2166 1312 2191 et
1341 2161 1510 2192 Scholinst.
1543 2162 1574 2192 in

897 2204 966 2235 Cic.
992 2214 1049 2244 pro
1076 2204 1187 2234 Plane.
1212 2213 1240 2244 9.
1266 2209 1309 2238 et,
1333 2204 1410 2234 dum
1435 2205 1575 2234 celebra-

898 2247 1068 2282 rentumib
1081 2245 1167 2276 omni
1184 2245 1211 2275 vi
1225 2255 1262 2275 ac
1280 2246 1365 2276 bello
1382 2247 1576 2282 cessabatur,

899 2299 1003 2328 neque
1031 2288 1116 2319 enim
1145 2288 1293 2318 consules
1320 2288 1459 2318 Romani
1489 2289 1577 2328 prius

897 2332 928 2361 in
955 2330 1133 2371 provinciam
1160 2330 1454 2370 proficiscebantur,
1477 2341 1574 2370 quam

898 2374 956 2404 has
971 2373 1065 2403 serias
1081 2372 1268 2403 indixissent
1287 2378 1318 2402 et
1337 2373 1561 2404 celebrassent.

940 2415 960 2445 6
977 2417 1180 2455 (bnt-episse]
1203 2414 1314 2445 Feriae
1330 2415 1464 2445 Latinae
1478 2425 1496 2445 a
1510 2425 1574 2445 mn-

899 2458 1083 2497 gistratibun
1101 2458 1148 2487 vel
1171 2468 1190 2487 a
1213 2457 1432 2487 mcerdotibun
1450 2457 1576 2497 proprie

899 2501 1089 2531 dicebantur
1110 2501 1246 2539 concipi,
1263 2505 1297 2529 ut
1321 2509 1404 2538 quae
1420 2501 1575 2539 concepti—

900 2554 958 2574 rae
982 2547 1111 2577 caseum
1143 2552 1205 2572 non
1233 2541 1318 2572 enim
1346 2543 1438 2572 statis
1464 2541 1578 2572 diebus

899 2586 1087 2623 agebantur,
1109 2589 1144 2614 ut
1169 2583 1266 2614 feriae
1287 2593 1370 2622 quae
1387 2588 1491 2614 statae
1511 2584 1577 2614 sive

899 2629 1036 2657 stativae
1048 2627 1210 2660 dicuntur,
1223 2626 1276 2655 aed
1295 2625 1343 2660 iin.
1359 2625 1390 2655 in
1407 2636 1488 2664 quos
1503 2636 1575 2656 con-

901 2670 986 2699 aulea
1001 2668 1174 2708 quotannis
1199 2668 1297 2697 libero
1315 2667 1446 2697 arbitrio
1461 2678 1515 2698 eas
1531 2668 1575 2698 in-

901 2710 1067 2741 dixissent.
1096 2710 1252 2740 Similiter
1274 2712 1485 2746 Sementivae.
1511 2712 1575 2740 l’a-

898 2754 1046 2791 ynnalia,
1070 2753 1274 2792 Fornpimlia.
1298 2752 1394 2782 feriae
1419 2754 1574 2792 concepti-

901 2806 959 2825 ναι·
975 2799 1075 2824 crnnt.
1094 2795 1134 2824 cs.
1155 2795 1297 2824 Macrob.
1315 2795 1475 2825 Saturnal.
1488 2795 1507 2826 i.
1528 2794 1575 2825 16.

947 2846 961 2875 7
989 2838 1054 2866 l’ro
1068 2838 1117 2874 ael
1147 2836 1221 2873 Vel,
1238 2836 1377 2876 ipsorum
1397 2837 1490 2874 loco;
1516 2837 1576 2872 vel,

902 2889 958 2918 pro
974 2884 1119 2913 externa.
1135 2879 1166 2909 in
1184 2889 1247 2918 qun
1268 2878 1327 2918 ipsi
1349 2879 1442 2919 positi
1459 2885 1576 2913 osu-nt,

902 2921 1094 2953 conditione.
1122 2920 1230 2952 Domi.

1271 2967 1344 3003 x2
