1934 3211
248 1647 312 1685 10.

402 184 485 222 462
914 181 1062 224 TITI
1104 182 1284 224 LIVII

368 299 374 306 -
405 276 616 327 ‘potestas
637 280 874 313 nostrorum
895 273 1179 328 hostiumque,
1197 272 1341 328 diique
1365 270 1530 321 Manes,
1548 286 1620 313 vos
1641 285 1798 327 precm,

303 327 320 357 3
349 326 375 350 ”·
404 333 417 351 ‘
435 343 620 378 veneror,
646 329 813 370 veniam
844 338 944 394 peto
973 330 1161 385 feroque,
1191 330 1251 370 uti
1287 328 1443 393 populo
1473 329 1667 370 Romano
1692 328 1800 376 Qui-

402 385 572 426 ‘ritium
608 386 694 427 vim
724 387 1027 442 victoriamque
1068 387 1347 442 prosperetis3
1396 386 1622 441 hostesque
1654 384 1800 441 populi

404 449 416 466 ‘
433 442 617 484 Romani
642 443 876 491 Quiritium
902 452 1072 492 terrore,
1094 443 1331 492 formidine,
1356 451 1574 498 morteque
1599 442 1797 484 afficiatis.

403 505 415 523 ⁶
433 499 551 541 Sicut
568 501 705 542 verbis
726 501 979 556 nuncupavi,
1002 501 1061 541 ita
1080 515 1156 555 pro
1176 500 1392 556 republica
1412 500 1656 550 Quiritium,
1680 514 1800 541 exer-
1813 513 1831 542 3

403 557 530 607 ‘citu,
568 557 817 613 legionibus,
855 557 1022 598 auxiliis
1057 557 1203 612 populi
1241 557 1424 597 Romani
1459 557 1703 606 Quiritium,
1739 556 1799 597 10-

404 620 416 638 ‘
430 614 577 670 giones
607 614 847 669 auxiliaque
879 614 1064 654 hostium
1093 628 1261 654 mecum
1289 613 1368 653 diis
1394 613 1595 654 Manibus
1617 613 1800 655 Telluri-

403 677 416 695 ‘
431 686 513 726 que
535 671 748 712 devoveo.’
807 670 927 711 Haec
948 671 1007 710 ita
1026 679 1231 725 precatus,
1253 670 1418 710 lictores
1445 670 1504 710 ire
1527 670 1580 710 ad
1601 670 1652 711 T.
1673 670 1799 712 Man-

399 728 503 769 lium
535 729 664 776 iubet,
697 736 945 783 matureque
977 727 1160 783 collegae
1193 742 1235 768 se
1267 727 1468 767 devotum
1497 742 1574 782 pro
1610 728 1799 768 exercitu

398 785 605 826 nuntiare.
650 784 760 840 Ipse,
782 784 992 825 incinctus
1012 784 1155 825 cinctu
1175 783 1357 833 Gabino,
1375 793 1558 825 armatus
1578 784 1623 824 in
1640 799 1797 840 equum
1810 806 1829 833 4

398 842 571 891 insiluit,
604 857 651 883 ac
682 857 724 882 se
758 842 803 881 in
836 841 996 882 medios
1029 841 1168 882 hostes
1201 841 1385 882 immisit.
1452 840 1716 897 Conspectus
1746 842 1798 883 ab

397 908 575 954 utraque
604 899 691 940 acie
722 898 938 954 aliquanto
967 899 1181 954 augustior
1207 898 1394 939 humano
1414 898 1518 948 visu,
1545 899 1653 939 sicut
1679 898 1797 940 coelo

398 957 546 997 missus
576 956 791 1012 piaculum
823 956 958 997 omnis
989 955 1164 997 deorum
1195 956 1293 1005 irae,
1326 956 1400 1011 qui
1432 964 1593 1012 pestem
1626 956 1678 997 ab
1711 956 1796 997 suis

397 1028 582 1054 aversam
613 1014 658 1054 in
685 1013 826 1054 hostes
853 1013 1005 1054 ferret:
1040 1013 1099 1054 ita
1126 1013 1261 1054 omnis
1295 1021 1428 1054 terror
1459 1027 1671 1069 pavorque
1699 1028 1796 1054 cum

397 1070 470 1112 illo
490 1071 599 1112 latus
620 1071 739 1127 signa
758 1071 894 1127 primo
916 1070 1166 1111 Latinorum
1187 1071 1369 1111 turbavit
1385 1086 1395 1120 ;
1419 1070 1573 1111 deinde
1599 1070 1643 1110 in
1666 1078 1796 1111 totam

398 1128 566 1184 penitus
607 1129 739 1169 aciem
780 1128 970 1184 pervasit.
1036 1127 1410 1168 Evidentissimum
1450 1127 1494 1168 id
1533 1127 1625 1177 fuit,
1666 1128 1794 1183 quod,

398 1201 651 1242 quacunque
669 1202 779 1242 equo
797 1186 986 1226 invectus
1003 1194 1077 1234 est,
1096 1185 1166 1234 ibi,
1186 1185 1300 1226 haud
1321 1200 1439 1226 secus
1455 1200 1582 1241 quam
1598 1185 1795 1241 pestifero

397 1243 533 1284 sidere
565 1244 650 1293 icti,
676 1243 910 1299 pavebant:
945 1243 1018 1283 ubi
1049 1258 1147 1284 vero
1177 1243 1334 1283 corruit
1364 1243 1537 1284 obrutus
1567 1242 1673 1292 telis,
1695 1242 1825 1290 inde5

396 1301 480 1341 iam
501 1301 616 1341 haud
637 1301 764 1342 dubie
787 1308 1076 1342 consternatae
1103 1300 1294 1341 cohortes
1316 1300 1564 1341 Latinorum
1584 1300 1727 1355 fugam
1748 1315 1795 1340 ac

396 1358 634 1399 vastitatem
665 1358 746 1399 late
777 1358 979 1399 fecerunt.
1046 1357 1180 1399 Simul
1211 1366 1254 1398 et
1283 1357 1477 1406 Romani,
1500 1357 1700 1398 exsolutis
1729 1372 1795 1398 re-

396 1415 554 1471 ligione
571 1416 734 1465 animis,
752 1415 868 1456 velut
889 1424 979 1456 tum
996 1415 1179 1471 primum
1196 1414 1315 1470 signo
1332 1415 1430 1456 dato
1447 1415 1591 1464 coorti,
1608 1429 1794 1479 pugnam

396 1472 604 1528 integram
640 1473 876 1514 edideiunt.
941 1472 1053 1513 Nam
1090 1482 1131 1513 et
1167 1473 1311 1513 rorarii
1347 1473 1649 1528 procurrebant
1683 1472 1826 1515 inter6

398 1530 670 1593 antepilanOS,
693 1530 1027 1586 addiderantque
1048 1530 1156 1570 vires
1176 1529 1349 1570 hastatis
1370 1545 1417 1570 ac
1437 1529 1720 1585 principibus:
1751 1537 1793 1569 et

397 1586 541 1635 triarii,
558 1602 670 1642 genu
687 1587 862 1627 dextro
852 1602 991 1636 11111151,
1009 1596 1160 1628 nutum
1178 1587 1360 1628 consulis
1381 1586 1435 1627 ad
1455 1585 1793 1642 consurgendum

397 1644 708 1699 exspectabant.
783 1643 1045 1684 Procedente
1077 1644 1231 1685 deinde
1263 1644 1505 1693 certamine,
1538 1658 1670 1699 quum
1703 1642 1792 1684 aliis

396 1701 585 1757 partibus
618 1700 844 1741 multitudo
881 1709 1093 1755 superaret
1122 1700 1386 1749 Latinorum,
1416 1700 1604 1740 Manlius
1631 1699 1790 1748 consul,

397 1758 542 1799 audito
573 1766 728 1799 eventu
756 1756 953 1813 collegae,
976 1772 1121 1812 quum,
1144 1765 1191 1797 ut
1221 1757 1285 1797 ius
1314 1757 1458 1812 fasque
1489 1765 1589 1805 erat,
1612 1755 1791 1797 lacrimis
1818 1771 1821 1773 ’

396 1830 483 1856 11011
504 1815 643 1856 minus
664 1829 791 1870 quam
812 1814 1005 1854 laudibus
1025 1813 1177 1854 debitis
1202 1822 1447 1869 prosecutus
1472 1821 1558 1854 tam
1584 1827 1790 1854 memora-

395 1872 524 1914 bilem
544 1881 723 1913 mortem
744 1879 850 1912 esset
862 1887 872 1920 3
895 1870 1123 1927 paullisper
1142 1870 1416 1920 addubitavit,
1435 1885 1489 1911 an
1510 1870 1790 1926 consurgendi

396 1930 479 1970 iam
501 1930 649 1970 triariis
670 1938 836 1984 tempus
857 1937 989 1969 esset:
1024 1927 1192 1992 deinde,
1215 1927 1363 1968 melius
1383 1937 1495 1968 ratus
1515 1927 1699 1983 integros
1720 1942 1790 1968 eos

396 1987 450 2027 ad
481 1986 677 2027 ultimum
707 1985 932 2026 discrimen
963 1985 1129 2034 servari,
1152 1999 1345 2025 accensos
1376 1985 1427 2025 ab
1453 1984 1676 2026 novissima
1701 1985 1789 2025 acie
1806 2006 1823 2037 7

397 2052 493 2085 ante
526 2043 646 2099 signa
680 2042 908 2098 procedere
944 2042 1071 2083 iubet.

1137 2041 1225 2089 Qui
1257 2042 1330 2082 ubi
1366 2041 1543 2106 subiere,
1577 2041 1790 2098 extemplo

397 2078 588 2150 Latini,tr>
577 2109 777 2164 tanquam
804 2099 917 2140 idem
939 2098 1164 2140 adversarii
1188 2098 1395 2148 fecissent,
1418 2098 1578 2140 triarios
1598 2114 1692 2140 suos
1717 2114 1791 2140 ex-

397 2158 656 2199 citaverunt:

399 2286 540 2323 Etrusci,
556 2286 672 2326 quibus
690 2285 811 2316 tonitru
827 2288 860 2315 et
876 2285 1004 2324 fulgura
1018 2295 1071 2314 cu-

398 2339 451 2359 rae
468 2332 566 2359 erant.
592 2329 728 2359 Niebhr.
745 2327 788 2358 iii.
806 2338 836 2358 n.
855 2337 925 2367 249.

447 2381 464 2411 3
487 2373 555 2401 Pro
581 2372 746 2411 republica
770 2370 963 2407 Quiritium]
1005 2369 1072 2400 No-

397 2418 496 2444 strum
509 2424 569 2453 pro
578 2424 652 2453 pop.
663 2414 807 2443 Romano
817 2413 997 2448 Quiritibus
1008 2411 1073 2441 sine

398 2456 497 2487 dubio
519 2456 681 2495 scripsisse
702 2458 809 2485 censet
826 2454 961 2484 Niebhr.
978 2453 1022 2484 iii.
1039 2464 1069 2483 n.

399 2507 473 2538 250,
510 2502 542 2528 et
580 2498 798 2528 coniecturam
837 2495 992 2526 Brissonii
1030 2496 1070 2526 de

397 2541 507 2571 Form.
526 2540 546 2571 i.
567 2551 597 2580 p.
616 2539 666 2571 61.
688 2550 750 2579 pro
772 2539 937 2578 republica
962 2539 1070 2575 Quiri-

398 2585 484 2614 tibus
506 2582 638 2613 minime
661 2582 859 2621 probandam
883 2591 958 2611 esse.
1003 2582 1072 2610 Pro

398 2627 564 2665 republica
591 2626 706 2664 populi
730 2625 869 2654 Romani
894 2624 1070 2660 Quiritium

399 2678 439 2698 ex
463 2667 688 2698 emendatione
712 2665 867 2696 Gronovii
889 2665 921 2695 in
946 2669 1071 2695 textum

398 2710 541 2750 reposuit
558 2709 698 2740 Bekker.

442 2764 461 2790 4
485 2753 602 2783 Cinctu
619 2753 759 2790 Gabino]
798 2751 850 2781 De
866 2761 929 2790 quo
946 2750 985 2780 cf.
1003 2754 1068 2781 not.

398 2795 439 2823 ad
454 2805 480 2824 v.
494 2793 543 2832 46.
561 2805 645 2833 supr.

443 2846 459 2874 5
485 2837 631 2874 Corruit]
661 2836 801 2867 Caesum
817 2835 913 2866 fuisse
930 2846 947 2866 a
965 2834 1068 2865 milite

399 2876 561 2914 Romano,
573 2882 727 2916 tanquam
743 2878 881 2907 hostiam
896 2876 957 2908 Dis
969 2877 1069 2907 mani-

399 2919 458 2948 bus
487 2923 655 2955 sacratam,
680 2919 788 2948 scribit
816 2920 931 2950 Zonar.
959 2919 990 2949 ii.
1031 2919 1069 2949 cf.

696 2172 769 2213 qui
799 2156 1058 2212 aliquamdiu
1089 2171 1231 2212 pugna
1261 2156 1389 2197 atroci
1419 2171 1551 2212 quum
1585 2164 1629 2197 et
1658 2165 1791 2197 semet

1118 2284 1253 2315 Niebhr.
1271 2284 1314 2315 iii.
1331 2295 1361 2315 n.
1381 2293 1450 2324 251.

1165 2326 1184 2357 6
1207 2328 1340 2358 Rorarii
1363 2328 1615 2366 procurrebant]
1657 2326 1789 2357 Hastati

1117 2369 1222 2399 forsan
1238 2369 1439 2408 aliquantum
1458 2369 1530 2399 loco
1546 2379 1602 2399 suo
1619 2373 1789 2407 cesserant,

1118 2415 1149 2441 et
1173 2411 1237 2441 iam
1258 2422 1323 2442 una
1345 2411 1495 2442 confertis
1518 2410 1681 2442 ordinibus
1703 2411 1788 2451 prin-

1115 2453 1201 2493 cipes
1220 2454 1402 2493 hastatique
1422 2454 1546 2484 bellum
1562 2453 1700 2491 ciebant,
1715 2464 1788 2484 nec-

1115 2506 1179 2525 non
1209 2496 1318 2526 rorarii
1351 2495 1524 2526 missilibus
1556 2496 1630 2526 telis
1663 2496 1789 2526 hostem

1115 2537 1240 2568 eminus
1256 2539 1426 2568 vexabant.

1160 2588 1176 2619 7
1191 2581 1348 2611 Αοσεηεοε
1363 2581 1534 2611 novissima
1549 2581 1634 2618 acie]
1659 2579 1788 2611 Idcirco

1114 2622 1147 2652 in
1170 2623 1351 2659 annalibus,
1370 2626 1406 2652 ut
1429 2632 1515 2662 supr.
1539 2623 1568 2653 8.
1594 2622 1787 2662 descriptam

1115 2665 1272 2695 habemus
1300 2665 1452 2695 usitatam
1482 2664 1615 2704 legionis
1640 2664 1788 2703 formam,

1116 2717 1179 2746 quo
1200 2707 1300 2747 magis
1319 2707 1372 2737 hic
1393 2707 1573 2747 legentibus
1588 2710 1710 2746 pateat,
1725 2716 1788 2746 qua

1113 2753 1181 2779 arte
1194 2749 1338 2780 Manlius
1352 2750 1484 2780 Latinos
1493 2749 1655 2787 fefellerit,
1665 2748 1787 2779 scilicet

1113 2802 1264 2822 accensos
1285 2792 1381 2822 armis
1402 2791 1539 2831 telisque
1560 2791 1720 2822 inusitatis
1739 2790 1785 2819 in-

1113 2835 1276 2872 struendo,
1292 2838 1324 2864 et
1346 2845 1366 2864 a
1387 2833 1559 2864 novissima
1577 2833 1646 2864 acie
1667 2833 1700 2862 in
1723 2831 1784 2870 pri-

1113 2886 1200 2907 mam
1216 2876 1357 2908 subsidio
1372 2875 1566 2916 antepilanis
1581 2874 1757 2906 educendo.
