1934 3211
196 304 314 334 Albani
335 305 399 336 Ro-
411 304 620 351 garenna.

195 356 281 376 mam
298 348 354 379 mi-

193 393 295 428 grant.

254 1219 321 1256 30.

185 1273 316 1304 Coelius

184 1326 276 1346 mons
292 1316 361 1347 urbi

183 1359 322 1391 additus.

183 1740 226 1771 U.
244 1741 281 1772 C.
303 1751 370 1773 100.

181 1783 221 1813 A.
245 1783 283 1814 C.
299 1783 370 1824 652.

180 1857 312 1888 Bellum

180 1910 253 1930 cum
271 1901 325 1932 Sa-

179 1943 270 1975 binis.

927 206 1073 249 TITI
1114 206 1293 249 LIVII

685 296 745 338 Ut
773 312 870 339 vero
900 298 982 340 iam
1010 299 1200 355 equitum
1230 299 1385 340 clamor
1414 298 1528 340 exire
1558 298 1794 340 iubentium

411 353 601 403 instabat,
616 354 698 396 iam
710 354 847 411 fragor
861 364 1076 406 tectorum,
1095 372 1201 412 quae
1215 357 1498 406 diruebantur,
1513 356 1668 397 ultimis
1681 356 1794 397 urbis

409 411 595 466 partibus
624 412 881 462 audiebatur,
912 413 1143 470 pulvisque,
1175 429 1229 454 ex
1258 413 1506 454 distantibus
1534 413 1635 455 locis
1665 422 1792 463 ortus,

409 468 525 509 velut
563 471 677 512 nube
717 470 889 511 inducta
934 471 1074 512 omnia
1112 471 1382 527 impleverat3
1436 471 1599 527 raptim,
1641 471 1825 527 quibuss

409 526 585 582 quisque
616 536 789 583 poterat,
819 528 947 577 elatis,
977 544 1108 584 quum
1139 529 1268 569 larem
1301 544 1347 569 ac
1379 537 1551 584 penates
1583 536 1790 584 tectaque,

407 583 452 624 in
488 584 639 640 quibus
671 594 792 626 natus
828 585 1003 641 quisque
1040 586 1322 641 educatusque
1356 594 1473 635 esset,
1507 585 1792 641 relinquentes

408 641 592 682 exirent:
624 642 706 683 iam
722 643 940 684 continens
961 658 1111 698 agmen
1133 643 1400 699 migrantium
1421 641 1666 698 impleverat
1680 642 1787 683 vias:

407 707 449 739 et
476 709 722 755 conspectus
750 700 924 741 aliorum
949 709 1095 741 mutua
1118 701 1380 741 miseratione
1411 700 1646 755 integrabat
1671 699 1791 741 lacri-

406 771 516 797 mas:
549 772 753 814 vocesque
771 758 897 798 etiam
913 757 1165 799 miserabiles
1181 758 1535 806 exaudiebantur3
1568 756 1791 798 mulierum

405 814 640 870 praecipue,
663 830 794 870 quum
821 815 985 856 obsessa
1011 816 1061 856 ab
1092 816 1258 856 armatis
1287 815 1442 871 templa
1468 823 1643 870 augusta
1671 829 1791 870 prae-

404 871 589 920 terirent,
611 887 658 912 ac
678 872 793 913 velut
806 881 947 928 captos
967 872 1252 928 relinquerent
1264 873 1374 914 deos.
1438 872 1623 928 Egressis
1642 873 1790 913 urbem

404 928 594 978 Albanis,
625 929 840 970 Romanus
871 930 1023 985 passim
1055 930 1224 986 publica
1249 931 1491 986 privataque
1517 929 1658 970 omnia
1681 937 1790 971 tecta

404 985 611 1041 adaequat
649 986 748 1035 solo,
789 1002 956 1042 unaque
996 987 1098 1028 hora
1137 988 1538 1043 quadringentorum
1584 1000 1820 1032 annorum9

404 1057 519 1098 opus,
535 1043 686 1098 quibus
700 1044 813 1086 Alba
828 1052 1007 1093 steterat,
1023 1044 1187 1086 excidio
1204 1060 1250 1086 ac
1264 1045 1393 1086 ruinis
1409 1045 1536 1086 dedit.
1599 1045 1789 1101 Templis

403 1108 544 1141 tamen
565 1100 691 1141 deum
713 1101 790 1157 (ita
809 1101 922 1142 enim
942 1101 1126 1142 edictum
1147 1103 1198 1143 ab
1218 1117 1315 1158 rege
1335 1101 1489 1158 fuerat)
1510 1110 1788 1158 temperatum

402 1165 476 1198 est.

461 1215 598 1256 Roma
627 1216 796 1257 interim
821 1216 967 1257 crescit
988 1216 1123 1257 Albae
1152 1216 1293 1257 ruinis.

400 1287 621 1314 numerus:
664 1273 835 1314 Coelius
870 1273 1039 1314 additur
1073 1274 1166 1315 urbi
1201 1288 1344 1323 mons;
1382 1282 1436 1323 et,
1473 1289 1557 1330 quo
1591 1274 1815 1330 fiequen-1

400 1330 482 1371 tius
517 1330 786 1380 habitaretur,
824 1346 916 1372 eam
947 1331 1089 1372 sedem
1126 1330 1275 1372 Tullus
1306 1331 1443 1387 regiae
1484 1331 1607 1388 capit,
1643 1331 1786 1388 ibique

399 1387 614 1430 habitavit.
677 1389 894 1444 Principes
922 1388 1187 1430 Albanorum
1218 1389 1262 1429 in
1284 1388 1441 1438 Patres,
1470 1397 1517 1430 ut
1541 1404 1591 1430 ea
1617 1404 1818 1446 quoquez

397 1460 491 1501 pars
530 1445 780 1502 reipublicae
814 1455 1027 1495 cresceret,
1060 1446 1162 1502 legit
1197 1445 1338 1495 Iulios,
1375 1445 1580 1496 Servilios,
1626 1446 1787 1495 Quinc-

398 1503 489 1553 tios,
535 1502 759 1559 Geganios,
804 1502 1027 1552 Curiatios,
1072 1502 1281 1544 Cloelios:
1324 1503 1612 1560 templumque
1648 1504 1787 1546 ordini

398 1561 449 1602 ab
483 1575 525 1601 se
546 1569 667 1602 aucto
699 1561 855 1602 curiam
882 1560 994 1609 fecit,
1024 1576 1130 1616 quae
1161 1560 1342 1601 Hostilia
1368 1576 1499 1616 usque
1535 1561 1589 1602 ad
1619 1570 1784 1617 patrum
1799 1577 1817 1609 3

397 1626 632 1659 nostrorum
653 1627 831 1659 aetatem
855 1617 1061 1674 appellata
1082 1626 1154 1659 est.
1218 1617 1287 1667 Et,
1309 1627 1356 1659 ut
1380 1618 1568 1659 omnium
1589 1618 1785 1660 ordinum

398 1676 553 1717 viribus
573 1675 734 1732 aliquid
754 1691 807 1716 ex
827 1691 936 1717 novo
956 1675 1112 1731 populo
1133 1675 1392 1725 adiiceretur,
1419 1675 1610 1731 equitum
1637 1676 1785 1718 decem

399 1742 553 1774 turmas
583 1749 636 1775 ex
658 1733 834 1774 Albanis
854 1733 965 1789 legit.
1019 1733 1227 1789 Legiones
1257 1741 1300 1774 et
1325 1741 1486 1774 veteres
1513 1733 1663 1775 eodem
1687 1747 1816 1791 sup-4

397 1790 611 1847 plemento
632 1791 827 1847 explevit,
850 1799 893 1831 et
913 1805 1040 1831 novas
1061 1791 1232 1846 scripsit.

455 1848 549 1890 Hac
573 1849 728 1889 fiducia
750 1848 901 1889 virium
923 1847 1072 1889 Tullus
1103 1847 1265 1889 Sabinis
1292 1847 1449 1889 bellum
1476 1847 1637 1898 indicit,
1665 1849 1784 1906 genti

397 1921 447 1946 ea
474 1915 717 1962 tempestate
748 1905 979 1947 secundum
1002 1905 1198 1947 Etruscos
1229 1904 1566 1961 opulentissimae
1594 1906 1691 1947 viris
1718 1922 1783 1948 ar-

396 1963 569 2020 misque.
633 1963 858 2019 Utrimque
905 1962 1082 2004 iniuriae
1121 1963 1266 2012 factae,
1309 1978 1356 2004 ac
1395 1978 1460 2004 res
1499 1963 1782 2020 nequicquam

395 2030 514 2062 erant
545 2021 757 2077 repetitae.
820 2019 970 2062 Tullus
997 2020 1051 2061 ad
1075 2019 1276 2062 Feroniae
1308 2020 1452 2061 fanum
1484 2029 1671 2062 mercatu
1700 2021 1811 2066 fre-5

413 208 465 246 36

1355 1216 1606 1272 Duplicatur
1633 1217 1787 1259 civium

438 2152 457 2183 8
481 2153 603 2190 Quibus
625 2154 757 2193 quisque
776 2153 917 2192 poterat]
951 2152 1065 2182 Helle-

394 2194 526 2233 nismus,
543 2205 600 2235 pro
615 2197 656 2226 iis
673 2206 755 2236 quae
777 2197 910 2236 quisque
929 2199 1065 2234 poterat.

395 2237 457 2269 Sic.
484 2238 525 2268 iv.
554 2248 603 2279 39.
650 2239 772 2275 Quibus
795 2242 922 2278 poterat
946 2238 1066 2268 sauciis

392 2281 496 2311 ductis
509 2291 624 2311 secum.
648 2281 753 2311 CREV.

434 2332 454 2363 9
481 2323 812 2362 Quadringentorum]
846 2322 995 2361 Sequitur
1011 2321 1063 2352 Li-

392 2364 461 2395 vius
490 2366 627 2396 eundem
658 2366 831 2402 calculum,
855 2375 949 2404 quem
973 2364 1062 2404 Virg.

392 2408 473 2439 Aen.
511 2408 540 2438 i.-
565 2407 635 2447 276.
672 2411 703 2438 et
732 2407 892 2444 Justinus,
926 2407 1004 2437 xliii.
1036 2416 1060 2437 1.

392 2450 568 2490 Dionysius
583 2460 655 2481 cum
672 2450 830 2490 plerisque
845 2454 992 2480 numerat
1006 2459 1060 2479 an-

391 2503 448 2523 nos
464 2494 534 2534 489.
552 2493 667 2532 quibus
683 2494 767 2523 Alba
782 2492 913 2523 steterit.
939 2493 1045 2524 szv.

438 2546 449 2566 1
477 2536 617 2574 Coelius]
637 2535 772 2566 Albanis
786 2535 894 2565 sedem
911 2534 1060 2566 Coelium

391 2588 410 2608 a
426 2578 524 2608 Tullo
542 2578 735 2618 assignatum
756 2588 823 2608 esse
840 2578 908 2607 vult
925 2577 1058 2607 Niebhr.

391 2621 445 2659 qui
467 2621 606 2651 Luceres
622 2621 764 2651 Albanos
785 2620 881 2650 fuisse
904 2623 1008 2659 putat,
1028 2623 1060 2649 et

392 2662 538 2699 Tullum,
553 2663 658 2703 ipsum
675 2674 715 2693 ex
734 2664 811 2693 urbe
828 2662 989 2693 Medullia
1004 2662 1059 2692 Al-

391 2705 474 2734 bana
489 2706 586 2745 stirpe
602 2709 803 2746 prognatum,
816 2705 955 2736 Luceres
970 2704 1001 2734 in
1018 2704 1059 2734 ci-

391 2746 522 2777 vitatem
549 2748 735 2778 adsociasse.
768 2748 806 2778 cf.
833 2747 930 2778 Dion.
959 2747 1001 2778 iii.
1034 2757 1058 2777 1.

389 2791 422 2818 et
439 2789 573 2828 Eutrop.
597 2791 710 2821 Strabo
730 2794 837 2821 autem
855 2801 882 2820 ν.
903 2801 933 2830 p.
953 2790 1012 2829 358
1029 2793 1061 2819 et

389 2831 456 2862 Cic.
477 2831 516 2860 de
534 2832 616 2870 Rep.
633 2832 663 2862 ii.
685 2834 732 2869 18,
756 2834 883 2863 Ancum
900 2831 1060 2863 Marcium

388 2873 456 2903 urbi
481 2873 627 2904 Coelium
652 2875 833 2905 adiunxisse
857 2875 1055 2905 confirmant.

387 2916 427 2947 cf.
445 2915 524 2946 Tac.
544 2916 626 2945 Ann.
643 2915 682 2946 iv.
700 2916 751 2954 64,
767 2916 817 2955 65.

431 2968 447 2988 ‘z
473 2960 514 2988 In
533 2959 665 2994 Patres]
704 2958 742 2988 In
768 2958 914 2997 patricios
926 2958 1057 2997 adlegit,

1110 2151 1230 2192 quippe
1261 2151 1463 2182 consentiunt
1493 2161 1604 2182 omnes
1634 2162 1654 2182 a
1689 2153 1781 2183 nullo

1108 2205 1182 2234 rege
1205 2194 1264 2225 nisi
1289 2195 1443 2232 Romulo,
1466 2194 1573 2232 Tatio,
1594 2198 1626 2224 et
1646 2194 1780 2235 Tarqui-

1108 2237 1162 2267 nio
1186 2237 1295 2268 Prisco
1321 2241 1482 2267 senatores
1506 2237 1649 2267 adlectos
1674 2237 1779 2270 fuisse.

1109 2279 1185 2310 Vox
1200 2279 1257 2310 illa
1269 2279 1429 2319 ambigua,
1442 2283 1563 2318 patres,
1575 2279 1608 2309 in
1623 2279 1780 2319 prioribus

1108 2322 1195 2352 libris
1226 2321 1378 2358 Livianis,
1407 2322 1596 2361 plerumque
1630 2322 1780 2361 patricios

1105 2364 1266 2403 intelligit.
1285 2364 1419 2394 Niebhr.
1436 2364 1455 2394 i.
1472 2374 1503 2403 p.
1522 2373 1591 2403 322.
1609 2365 1680 2405 598.

1149 2416 1166 2445 3
1190 2407 1347 2444 Hostilia]
1374 2407 1403 2436 A
1428 2406 1526 2436 Tullo
1553 2406 1695 2436 Hostilio
1725 2417 1778 2438 ex-

1103 2452 1234 2485 structa,
1254 2459 1354 2488 usque
1378 2450 1422 2479 ad
1441 2453 1574 2488 patrum
1599 2453 1779 2480 nostrorum

1103 2496 1236 2522 aetatem
1263 2492 1427 2530 appellata
1452 2495 1519 2522 est:
1557 2500 1632 2521 nam
1659 2492 1776 2523 confla—

1102 2533 1204 2573 gravit
1230 2533 1272 2564 U.
1294 2534 1333 2564 C.
1359 2540 1427 2572 700.
1453 2542 1550 2572 quum
1579 2534 1714 2564 cadaver
1737 2535 1776 2566 P.

1103 2575 1210 2607 Clodii
1234 2575 1266 2605 in
1289 2586 1327 2606 ea.
1353 2579 1545 2606 cremaretur
1566 2575 1650 2606 Plin.
1669 2576 1714 2607 H.
1730 2576 1775 2609 N.

1103 2618 1212 2648 xxxiv.
1230 2628 1258 2657 5.
1276 2617 1340 2648 Dio
1357 2618 1445 2649 Cass.
1461 2618 1504 2648 xl.
1519 2619 1568 2657 48.
1596 2618 1706 2649 Livius
1719 2629 1775 2650 au-

1103 2665 1169 2691 tem
1186 2661 1264 2690 obiit
1283 2660 1325 2691 U.
1339 2660 1377 2691 C.
1397 2668 1465 2699 770.
1491 2661 1576 2691 RUP.

1147 2715 1166 2742 4
1182 2704 1336 2743 Equitum
1344 2704 1447 2734 decem
1457 2704 1595 2741 turmas]
1610 2713 1652 2734 se.
1662 2703 1773 2734 Unam

1104 2746 1291 2783 centuriam,
1302 2745 1335 2775 in
1348 2755 1443 2784 quam
1462 2745 1600 2776 Luceres
1615 2746 1772 2786 conscrip-

1104 2792 1153 2818 tos
1168 2788 1264 2818 fuisse
1280 2791 1388 2818 censet
1405 2787 1540 2819 Niebhr.

1152 2839 1168 2870 5
1196 2832 1251 2860 Ad
1277 2832 1436 2862 Feroniae
1456 2831 1595 2868 sanum]
1635 2829 1770 2869 Triplex

1101 2873 1195 2903 huius
1218 2873 1309 2903 Deae
1335 2873 1367 2903 in
1392 2872 1490 2903 Italia
1514 2873 1644 2903 fanum:
1668 2881 1768 2902 unum

1100 2917 1141 2946 ad
1166 2915 1382 2946 Terracinam.
1408 2915 1488 2945 Hor.
1516 2915 1581 2946 Sat.
1609 2914 1637 2945 1.
1661 2925 1689 2945 v.
1718 2923 1769 2952 24.

1101 2958 1186 2989 Serv.
1211 2958 1242 2988 in
1267 2958 1347 2989 Aen.
1372 2957 1422 2988 vii.
1449 2964 1517 2997 799.
1542 2956 1604 2987 viii.
1622 2955 1694 2995 564,
1714 2956 1768 2987 ubi
