1934 3211
398 206 481 246 258

913 201 1062 244 TITI
1102 201 1282 244 LIVII

185 307 229 338 U.
247 306 284 338 C.
303 315 375 347 329·
402 293 645 335 societatem
666 291 905 341 movissent,
927 292 1185 334 voluntarios
1202 291 1392 349 undique
1415 290 1469 333 ad
1485 305 1603 348 spem
1623 288 1803 355 praedae

184 350 224 380 A.
249 350 287 380 O.
304 357 376 387 423·
404 351 650 393 asciverunt.

185 392 212 422 F
215 392 325 422 ldena
328 401 362 421 es

185 435 330 465 rebellari

261 984 327 1021 32.

190 1038 368 1070 Dictatoris

190 1081 300 1113 oratio.

715 350 805 391 Uni
827 349 1096 391 Fidenatium
1124 350 1281 406 populo
1303 349 1504 391 rebellare
1532 347 1713 405 placuit·
1747 354 1803 396 et,

333 437 355 464 t
404 418 607 464 tanquam
646 408 728 448 nisi
763 407 814 448 ab
848 407 1002 448 scelere
1034 407 1194 448 bellum
1230 407 1359 448 ordiri
1394 407 1510 447 nefas
1543 414 1663 454 esset,
1697 404 1807 445 sicut

403 466 637 522 legatorum
659 473 794 514 antea,
813 465 871 505 ita
892 473 982 505 tum
1003 479 1208 506 novorum
1225 464 1471 506 colonorum
1489 463 1616 505 caede
1634 461 1807 503 imbutis

406 523 542 588 armis,
564 522 606 563 V
609 522 818 563 eientibus
839 537 926 562 sese
956 522 1231 577 coniungunt.
1297 521 1547 562 Consultare
1569 520 1668 561 inde
1690 519 1808 575 prin-

407 581 521 636 cipes
553 580 733 621 (1110111111
765 578 1031 634 populorum,
1064 578 1194 619 Veios
1227 594 1281 619 an
1313 578 1494 619 Fidenas
1527 578 1672 619 sedem
1708 575 1807 618 belli

408 646 617 694 caperent.
681 636 866 676 Fidenae
898 636 1010 676 visae
1042 636 1373 691 opportuniores.
1436 634 1600 690 Itaque,
1632 634 1806 675 traiecto

410 695 569 743 Tiberi,
607 694 812 735 Veientes
852 692 1033 733 Fidenas
1074 692 1378 733 transtulerunt
1409 691 1578 732 bellum.
1643 691 1806 731 Romae

409 761 541 793 terror
568 751 716 805 ingens
748 758 847 790 erat.
914 749 1064 790 Accito
1090 750 1280 790 exercitu
1310 749 1361 790 ab
1392 748 1522 798 Veiis,
1553 763 1688 804 eoque
1717 748 1808 803 ipso

409 810 460 850 ab
481 824 524 849 10
547 807 653 848 male
675 815 792 862 gesta
812 806 1016 862 perculso,
1039 815 1171 847 castra
1190 807 1382 847 locantur
1402 814 1498 846 ante
1519 814 1683 861 portam
1707 804 1809 846 Col-

409 865 551 914 linam,
585 874 627 905 et
659 864 704 903 in
736 864 866 904 11111113
898 863 1045 903 31111311
1077 863 1279 919 dispositi,
1312 872 1355 904 et
1390 863 1597 904 iustitium
1629 863 1675 903 in
1704 863 1807 911 foro,

409 924 693 977 tabernaeque
727 921 915 962 clausae:
949 921 1142 986 fiuntque
1177 921 1319 962 omnia
1350 920 1505 969 castris,
1537 935 1666 976 quam
1701 919 1808 969 urbi,

408 980 616 1020 similiora.
681 979 794 1019 Tum
815 978 1022 1042 trepidam
1050 978 1275 1027 civitatem,
1298 978 1574 1034 praeconibus
1601 992 1676 1033 per
1695 977 1810 1018 vicos

408 1037 600 1087 dimissis,
624 1036 804 1077 dictator
819 1035 872 1076 ad
893 1051 1139 1077 coneionem
1157 1036 1400 1077 advocatam
1420 1035 1643 1091 increpuit,
1667 1040 1680 1058 ’
1695 1033 1810 1091 quod

412 1100 423 1118 ‘
439 1095 600 1136 animos
622 1109 675 1135 ex
698 1102 783 1134 tam
804 1093 965 1134 levibus
985 1093 1176 1134 fortunae
1205 1092 1429 1134 momentis
1450 1107 1672 1148 suspensos
1691 1107 1810 1149 gere·
1827 1109 1840 1130 1

412 1158 543 1201 ‘,rent
573 1160 632 1201 ut,
655 1166 782 1207 parva
812 1151 971 1192 iactura
995 1159 1177 1207 accepta,
1202 1165 1308 1215 quae
1331 1150 1420 1206 ipsa
1447 1165 1535 1191 non
1553 1150 1708 1191 virtute
1734 1149 1810 1191 ho—

414 1210 581 1259 ‘stium,
605 1224 684 1250 1100
706 1209 872 1264 ignavia
894 1208 1077 1249 Romani
1106 1208 1327 1257 exercitus,
1350 1207 1424 1248 sed
1444 1207 1686 1248 discordia
1676 1222 1810 1263 impe-

411 1273 633 1316 ‘ratorum,
656 1275 828 1321 accepta
848 1266 913 1315 sit,
936 1265 1162 1306 Veientem
1183 1265 1347 1306 hostem
1369 1264 1503 1305 sexies
1523 1265 1694 1314 victum,
1716 1279 1811 1321 per·
1825 1283 1842 1304 2

412 1325 669 1373 ‘timescant,
693 1324 958 1378 Fidenasque
980 1338 1110 1379 prope
1137 1323 1301 1379 saepius
1331 1331 1471 1378 captas
1493 1337 1619 1378 quam
1648 1337 1811 1378 oppug-

413 1387 425 1405 ‘
442 1391 569 1423 natas.
635 1381 820 1422 Eosdem
851 1389 893 1421 et
926 1380 1142 1421 Romanos
1173 1389 1216 1422 et
1245 1380 1386 1421 hostes
1418 1395 1519 1429 esse,
1543 1379 1616 1435 (1111
1643 1394 1720 1435 per
1749 1388 1811 1420 tot

413 1439 605 1480 ‘saecula
634 1439 812 1479 fuerint·
852 1438 1022 1479 eosdem
1055 1438 1229 1488 animos,
1267 1437 1435 1478 easdem
1469 1437 1654 1493 corporis
1687 1437 1808 1486 vires,

413 1496 588 1537 ‘eadem
629 1511 744 1537 arma
782 1511 937 1551 gerere.
1024 1494 1077 1536 Se
1119 1511 1290 1551 quoque
1338 1495 1522 1536 eundem
1563 1495 1810 1535 dictatorem

413 1559 425 1577 ‘
442 1553 572 1593 Mam.
591 1552 823 1593 Aemilium
845 1568 946 1601 esse,
961 1553 1035 1608 qui
1057 1562 1153 1593 ante
1175 1553 1419 1595 Veientium
1442 1552 1809 1607 Fidenatiumque,

413 1610 647 1652 ‘adiunctis
681 1610 866 1658 Faliscis,
902 1610 955 1650 ad
996 1609 1261 1650 Nomentum
1295 1610 1505 1650 exercitus
1543 1609 1723 1651 fuderit:
1768 1617 1842 1653 et3

413 1667 685 1723 ‘magistrum
717 1666 909 1722 equitum
941 1666 994 1707 A.
1018 1666 1266 1708 Cornelium
1302 1666 1485 1707 eundem
1521 1667 1566 1707 in
1595 1667 1682 1707 acie
1707 1667 1809 1716 fore,

413 1725 512 1780 ‘qui
540 1739 676 1780 priore
708 1723 818 1764 bello
849 1723 1041 1764 tiibunus
1071 1723 1265 1772 militum,
1296 1723 1422 1764 Larte
1453 1723 1682 1764 Tolumnio
1712 1738 1810 1778 rege

414 1788 426 1806 ‘
442 1781 722 1824 Veientium
713 1796 757 1821 111
774 1789 1004 1835 conspectu
1025 1780 1205 1821 duorum
1227 1780 1491 1821 exeicituum
1507 1780 1656 1830 occiso,
1679 1780 1811 1836 spolia

414 1839 580 1894 ‘opima
613 1838 723 1879 Iovis
760 1837 935 1878 Feretrii
969 1837 1126 1893 templo
1160 1837 1359 1878 intulerit.
1422 1837 1553 1878 Proin
1588 1852 1808 1887 memores,

415 1902 581 1937 ‘secum
618 1895 863 1951 triumphos,
901 1909 1043 1935 secum
1083 1894 1226 1950 spolia,
1269 1909 1411 1935 secum
1446 1894 1664 1935 victoriam
1695 1910 1807 1944 esse3

413 1959 535 1994 ‘cum
559 1953 748 1993 hostibus
776 1951 909 1993 scelus
940 1951 1173 2006 legatorum
1202 1960 1347 1992 contra
1370 1951 1434 1992 ius
1461 1952 1651 2007 gentium
1680 1953 1811 1993 inter-

414 2010 657 2058 ‘fectorum,
676 2009 879 2050 caedem
870 2024 914 2048 111
935 2023 1037 2063 pace
1060 2008 1327 2049 Fidenatium
1345 2008 1603 2059 colonorum,
1625 2009 1810 2050 indutias

413 2074 425 2092 ‘
441 2076 594 2123 ruptas,
627 2067 848 2122 septimam
884 2065 1094 2106 infelicem
1125 2065 1419 2115 defectionem,
1452 2081 1567 2106 arma
1595 2074 1807 2122 caperent.

413 2130 425 2149 ‘
444 2123 578 2165 Simul
614 2132 747 2164 castra
787 2122 930 2163 castris
965 2122 1296 2172 coniunxissent,
1333 2123 1430 2163 satis
1465 2122 1692 2188 confidere,
1729 2138 1808 2165 nec

412 2188 424 2206 ‘
440 2181 766 2222 sceleratissimis
786 2180 976 2221 hostibus
1004 2179 1252 2220 diuturnum
1274 2195 1327 2220 ex
1348 2180 1582 2236 ignominia
1600 2181 1809 2222 exercitus

412 2245 423 2263 ‘
441 2238 625 2279 Romani
645 2237 848 2293 gaudium
870 2237 983 2278 fore
973 2268 984 2286 ,
1018 2245 1061 2278 et
1081 2236 1285 2292 populum
1305 2236 1546 2278 Romanum
1568 2237 1807 2279 intellectu-

411 2302 423 2320 ‘
436 2311 542 2345 rum,
566 2303 725 2359 quanto
747 2293 896 2334 melius
917 2294 970 2334 de
999 2293 1214 2349 republica
1234 2293 1373 2334 meriti
1394 2294 1490 2343 sint,
1514 2294 1587 2349 qui
1609 2309 1652 2335 se
1675 2294 1839 2335 dicta-4

412 2360 573 2394 ‘torem
599 2352 769 2393 tertium
796 2350 1006 2392 dixerint·
997 2381 1007 2399 ,
1042 2365 1167 2406 quam
1191 2351 1278 2406 qui,
1302 2351 1355 2391 ob
1384 2358 1576 2406 ereptum
1605 2365 1803 2392 censurae

454 2486 466 2507 1
493 2477 684 2514 Momentis]
713 2475 868 2507 Similiter
893 2485 979 2514 supr.
1001 2475 1033 2506 ii.
1056 2482 1083 2514 7.

411 2521 488 2549 Tam
504 2520 566 2549 levi
581 2523 735 2549 momento
756 2529 826 2549 mea
846 2519 937 2557 apud
959 2528 1012 2548 vos
1027 2518 1083 2556 sa-

407 2572 460 2591 ma
472 2562 600 2601 pendet.

457 2613 473 2633 2
503 2604 612 2634 Seoeies
641 2603 776 2640 victum]
834 2601 986 2641 Intellige
1015 2611 1081 2632 non

408 2644 531 2683 proelio
557 2648 684 2674 tantum
713 2648 745 2674 et
775 2643 843 2674 acie
870 2645 1000 2680 victum,
1027 2645 1083 2674 sed

407 2688 504 2717 bello.
551 2687 641 2717 Hinc
665 2686 749 2716 infra
774 2686 806 2716 in
832 2686 893 2716 hac
920 2685 991 2725 ipsa
1015 2696 1082 2716 ora-

407 2728 494 2758 tione
525 2729 608 2759 hanc
642 2732 791 2759 numerat
821 2728 959 2758 dictator
987 2729 1082 2767 septi-

406 2780 489 2800 mam
512 2772 672 2810 infelicem
694 2772 898 2809 defectionem
913 2782 922 2799 :
947 2773 979 2800 et
995 2780 1080 2809 supr.

407 2820 435 2840 v.
460 2823 488 2848 4.
513 2812 640 2851 Appius
667 2813 707 2842 de
733 2813 847 2842 iisdem
876 2812 1081 2850 Veientibus,

406 2854 520 2890 sepcies
536 2855 743 2884 rebellarunt.
769 2855 875 2885 CREV.

451 2903 467 2931 3
491 2895 544 2922 Ad
558 2896 768 2934 [Vomentum]
806 2897 919 2935 Pugna
942 2895 999 2927 illa
1023 2906 1080 2935 pro

405 2935 572 2964 moenibus
591 2936 785 2967 Fidenarum
810 2941 952 2976 pugnata
972 2948 1078 2968 narra-

1128 2479 1180 2505 tur
1203 2486 1287 2515 supr.
1316 2483 1352 2515 17
1377 2478 1409 2505 et
1436 2475 1483 2506 18.
1529 2474 1605 2505 Alia
1627 2479 1674 2505 est
1697 2485 1806 2516 pugna

1128 2517 1216 2548 haud
1240 2518 1353 2557 procul
1378 2518 1557 2555 Nomento,
1581 2527 1663 2556 quae
1689 2518 1804 2548 descri-

1126 2563 1183 2599 pta
1194 2564 1240 2590 est
1250 2570 1335 2599 supr.
1345 2570 1393 2590 22.
1406 2564 1438 2590 et
1448 2570 1554 2590 rursus
1564 2563 1743 2590 memorata
1754 2569 1804 2600 30.

1126 2602 1182 2632 sed
1209 2612 1292 2641 quae
1322 2601 1404 2632 nihil
1432 2602 1473 2632 ad
1497 2603 1600 2633 Mam.
1625 2602 1804 2632 Aemilium

1128 2644 1297 2683 pertineat.
1322 2645 1427 2675 CRav.

1176 2698 1195 2724 4
1217 2688 1343 2718 Alelius
1359 2711 1366 2717 .
1381 2710 1388 2717 .
1402 2710 1409 2717 .
1426 2687 1532 2718 meriti
1547 2687 1624 2723 sint,
1640 2710 1647 2718 .
1662 2709 1669 2717 .
1683 2710 1690 2717 .
1707 2697 1803 2727 quam

1126 2729 1198 2768 qui]
1242 2729 1367 2759 Vocem
1393 2739 1455 2766 eos,
1481 2738 1564 2767 quae
1593 2728 1626 2758 in
1655 2728 1803 2759 omnibus

1127 2770 1223 2801 MSS.
1242 2774 1313 2809 post
1336 2781 1433 2811 quam
1455 2770 1602 2807 occurrit,
1618 2770 1732 2800 merito
1748 2770 1801 2800 de-

1125 2813 1256 2843 lendam
1281 2816 1390 2843 censet
1406 2813 1489 2843 Tan.
1508 2812 1635 2849 Faber„
1657 2811 1800 2849 alioquin

1125 2854 1226 2884 oratio
1242 2855 1370 2885 soloeca
1385 2858 1477 2885 esset.
1524 2854 1713 2892 Campanus
1734 2853 1799 2882 edi-

1125 2896 1171 2926 dit
1184 2907 1280 2936 quam
1294 2898 1317 2926 zi
1334 2898 1400 2936 qni.
1429 2895 1634 2935 Kreyssiggio
1646 2894 1798 2933 astipula-

1124 2942 1176 2968 tur
1193 2938 1333 2968 Bekker.
