1934 3211
614 132 738 174 LIB.
773 131 828 173 X.
874 132 1019 174 CAP.
1053 134 1119 175 37.
1473 136 1554 174 599

140 220 302 263 8millia
332 221 525 272 militum,
548 231 590 264 et
614 222 729 278 quod
757 223 941 279 captivos
971 224 1060 264 sine
1090 222 1282 279 pactione
1309 224 1385 264 sub
1410 223 1552 280 iugum
1569 232 1611 264 U.
1627 233 1666 264 C.
1683 232 1756 271 458.

171 279 360 321 misisset.
1566 276 1606 306 A.
1629 276 1668 307 c.
1685 283 1757 315 294·

231 335 390 378 Consul
412 336 515 378 alter
534 336 786 387 Postumius,
804 337 904 393 quia
922 337 967 378 in
991 336 1246 378 Samnitibus
1267 338 1437 379 materia
1455 337 1554 379 belli
1636 335 1703 375 37·

170 393 325 444 deerat,
340 394 384 435 in
401 393 611 435 Etruriam
629 394 817 436 traducto
833 395 1032 444 exercitu,
1050 395 1230 451 primum
1252 404 1555 450 pervastaverat
1568 391 1695 422 Etruria
1703 401 1728 438 ,ἢ

171 450 479 493 Volsiniensem
505 467 675 509 agrum:
709 452 809 494 dein
839 467 935 493 cum
963 451 1136 508 egressis
1164 450 1216 492 ad
1245 452 1423 493 tuendos
1451 452 1554 493 fines
1566 434 1732 508 ξὲδῖᾟζῖω

171 508 285 550 haud
305 509 450 566 procul
479 510 697 552 moenibus
724 510 908 566 ipsorum
929 509 1153 566 depugnat.
1216 508 1316 550 Duo
1338 508 1466 550 millia
1486 525 1555 551 oc-

170 566 350 624 tingenti
369 566 640 609 Etruscorum
661 568 791 610 caesi:
815 576 974 609 ceteros
989 566 1278 624 propinquitas
1294 566 1406 608 urbis
1423 575 1556 608 tutata

170 632 243 668 est.
305 624 357 666 In
381 624 655 667 Rusellanum
680 641 826 682 agrum
853 625 1060 666 exercitus
1088 624 1314 666 traductus,
1376 623 1441 665 Ibi
1469 639 1556 666 non

170 682 259 739 agri
280 691 442 724 tantum
463 683 623 733 vastati,
640 683 713 725 sed
733 683 935 740 oppidum
956 683 1080 724 etiam
1101 690 1411 739 expugnatum:
1436 691 1557 739 capta

170 739 349 797 amplius
369 740 453 782 duo
475 740 604 782 millia
623 741 853 791 hominum,
876 741 1014 782 minus
1034 740 1118 782 duo
1139 739 1268 781 millia
1287 740 1396 781 circa
1416 754 1556 781 muros

170 813 300 840 caesa.
352 798 442 840 Pax
464 807 603 841 tamen
624 799 772 843 clarior
791 799 1018 855 maiorque,
1041 813 1167 854 quam
1188 797 1343 839 bellum
1364 797 1408 838 in
1430 796 1556 839 Etru-

171 855 233 897 ria
266 871 316 898 eo
351 871 461 898 anno
496 856 642 906 fuerat,
678 865 796 913 parta
829 865 902 898 est.
965 856 1071 897 Tres
1105 855 1378 897 validissimae
1419 855 1555 905 urbes,

138 901 159 965 ξ
174 912 365 955 Etruriae
387 914 534 970 capita,
549 913 740 964 Volsinii,
759 914 943 964 Perusia,
962 913 1191 963 Arretium,
1209 928 1355 969 pacem
1372 912 1528 969 petiere
1543 928 1554 962 3

171 979 228 1021 et,
249 971 507 1013 vestimentis
528 971 709 1013 militum
728 972 1022 1028 frumentoque
1047 971 1157 1028 pacti
1183 986 1279 1012 cum
1304 969 1487 1020 consule,
1509 978 1557 1012 ut

171 1029 282 1070 mitti
301 1028 480 1071 Romam
501 1039 682 1071 oratores
703 1029 858 1079 liceret,
877 1029 1058 1071 indutias
1076 1029 1119 1069 in
1135 1028 1410 1085 quadraginta
1426 1043 1557 1069 annos

171 1086 510 1143 impetraverunt.
573 1086 714 1128 Multa
737 1102 930 1144 praesens
951 1087 1230 1144 quingentum
1255 1086 1432 1127 millium
1453 1085 1557 1127 aeris

171 1144 217 1186 in
237 1144 420 1201 singulas
441 1144 628 1187 civitates
648 1145 851 1202 imposita.

233 1201 302 1244 Ob
323 1202 444 1245 hasce
465 1218 530 1245 res
550 1212 685 1260 gestas
705 1203 851 1245 consul
872 1217 1004 1259 quum
1032 1201 1290 1259 triumphum
1321 1202 1372 1244 ab
1396 1210 1573 1251 senatu‚.

172 1260 298 1302 moris
322 1260 452 1317 magis
476 1276 611 1311 eausa,
632 1276 758 1317 quam
786 1276 858 1318 spe
887 1260 1151 1317 impetrandi,
1173 1260 1356 1316 petisset,
1378 1259 1559 1301 videret-

173 1333 255 1374 que
277 1317 391 1368 alios,
412 1319 527 1375 quod
549 1318 706 1360 tardius
723 1319 774 1360 ab
795 1319 896 1360 urbe
917 1318 1068 1360 exisset
1085 1334 1095 1367 3
1128 1317 1241 1367 alios,
1264 1317 1377 1374 quod
1398 1317 1559 1358 iniussu

173 1384 340 1417 senatus
361 1391 414 1417 ex
438 1375 609 1418 Samnio
629 1377 672 1417 in
696 1376 905 1418 Etruriam
935 1376 1156 1425 transisset,
1178 1375 1327 1432 partim
1356 1390 1451 1416 suos
1478 1374 1558 1416 ini-

142 1449 160 1470 2
175 1434 315 1484 micos,
349 1434 499 1490 partim
532 1434 713 1491 collegae
746 1435 912 1484 amieos,
946 1433 1000 1475 ad
1032 1433 1224 1475 solatium
1257 1441 1456 1489 aequatae
1493 1447 1558 1474 re-

173 1491 316 1548 pulsae
346 1492 423 1533 sibi
451 1507 619 1549 quoque
651 1507 802 1549 negare
834 1492 1117 1548 triumphum:
1153 1497 1163 1515 ‘
1181 1490 1282 1532 Non
1303 1491 1385 1540 ita,’
1406 1489 1556 1546 inquit,

176 1555 188 1574 ‘
204 1549 349 1591 Patres
365 1551 600 1607 conscripti,
618 1559 776 1592 vestrae
799 1550 1023 1591 maiestatis
1044 1549 1286 1598 meminero,
1304 1558 1351 1589 ut
1370 1562 1436 1589 me
1458 1562 1558 1589 con-

175 1607 334 1649 ‘sulem
374 1623 461 1650 esse
502 1607 727 1650 obliviscar.

791 1607 953 1649 Eodem
994 1607 1082 1648 iure
1118 1607 1173 1647 im
1207 1606 1295 1656 erii,
1331 1621 1416 1662 quo
1451 1604 1560 1647 bella

176 1671 187 1689 ‘
201 1665 322 1731 gessi,
337 1665 462 1730 ‘bellis
481 1665 657 1707 feliciter
676 1665 814 1722 gestis,
841 1664 1010 1706 Samnio
1031 1672 1156 1763 atque
1177 1621 1215 1704 ἓ

176 1728 187 1747 ‘
202 1731 375 1765 v1ct0r1a
394 1732 436 1765 et
456 1739 557 1781 pace
578 1733 707 1780 parta,
731 1722 1022 1779 triumphabo.'

1219 1663 1348 1705 truria
1367 1663 1558 1712 subactis,

1106 1731 1147 1763 ta
1166 1730 1356 1763 senatum
1378 1720 1557 1777 reliquit.

174 1779 281 1822 Inde
302 1781 411 1823 inter
427 1782 614 1824 tribunos
629 1781 762 1847 plebis
777 1780 990 1822 contentio
1006 1789 1117 1822 orta:
1140 1794 1234 1836 pars
1251 1779 1559 1828 intercessuros

174 1854 227 1881 ne
249 1854 357 1881 novo
377 1839 570 1896 exemplo
592 1838 877 1936 triumpharet,
900 1838 1092 1887 aiebant3

734 1896 836 1937 ianti
872 1895 1042 1936 futuros.

174 1911 315 1939 versus
349 1897 527 1953 collegas
562 1897 717 1952 triump

220 2045 239 2076 8
263 2046 354 2082 Quod
372 2046 512 2085 captivos
534 2046 603 2076 sine
623 2046 771 2084 pactione
789 2044 847 2073 snb

176 2089 287 2128 iustum
313 2089 462 2126 misi-sset]
499 2088 627 2127 Nempe
653 2088 711 2117 nub
739 2087 846 2125 iugum

179 2130 264 2162 missi
293 2131 508 2161 liberabantur
531 2136 562 2161 et
589 2130 676 2160 ubire
702 2129 847 2159 sineban-

179 2178 240 2205 tur.
288 2174 326 2204 ld
348 2184 421 2211 ergo
443 2173 647 2211 indignantur
665 2173 785 2206 Patres,
802 2176 849 2201 tot

179 2216 324 2256 captivos
353 2216 397 2246 itu
428 2216 574 2246 remim-ms
603 2227 682 2249 esse,
708 2219 741 2244 ut
768 2214 846 2244 nihil

179 2259 254 2290 inde
271 2259 429 2290 commodi
447 2258 626 2299 respublica
642 2259 788 2288 Romanu
805 2267 848 2287 re-

179 2302 326 2343 cepisset.
350 2303 454 2333 Cum.

222 2355 242 2387 9
266 2346 423 2376 Etruriae
447 2345 571 2385 capita]
615 2344 732 2374 Noster
759 2343 851 2372 urbes

180 2387 253 2419 illan
282 2387 450 2418 duodecim
483 2387 628 2417 Etrurine
658 2386 724 2416 sine
754 2385 851 2415 <lubio

181 2431 460 2470 renpicit,qunndo
476 2431 516 2461 ‹le
535 2429 679 2460 Etrurine
695 2429 852 2468 capitibus

182 2474 377 2505 mentionem
406 2473 490 2504 fucit.
540 2473 600 2503 Sed
626 2481 782 2511 qum-mun
807 2482 850 2500 es-

183 2520 254 2547 nent
276 2517 334 2547 illa
356 2516 474 2556 capita,
491 2516 572 2546 inter
589 2520 734 2545 unctores
753 2512 851 2543 mubi-

184 2559 276 2598 gitur.
316 2559 435 2590 Noster
449 2559 577 2598 quidem
597 2558 666 2587 infr.
684 2557 790 2586 xxviii.
803 2565 852 2594 45.

186 2606 258 2632 octo
288 2601 381 2632 simul
415 2606 566 2637 recenset,
595 2600 714 2630 scilicet
742 2601 854 2634 Caere,

187 2645 389 2684 Tnmuinion,
414 2644 637 2684 Populonium,
661 2643 854 2676 volate-rm«,

188 2688 361 2722 Arretium,
393 2687 567 2721 Petusium,
597 2685 756 2719 clusium.
790 2685 851 2714 Ru-

187 2731 297 2762 senna:
315 2741 352 2761 ex
368 2731 478 2760 horum
494 2739 625 2759 nunu-ro
641 2726 852 2768 Populonium

189 2773 219 2803 in
237 2773 341 2804 locum
363 2772 525 2803 Vetulonii
545 2771 664 2802 venia-e
685 2770 855 2800 arbitratur

189 2815 384 2847 Niebuhn'ns
406 2815 424 2846 i.
447 2826 476 2845 n.
494 2814 565 2853 368.
614 2813 710 2843 Veim·
729 2823 855 2852 quoque

188 2864 218 2889 et
241 2858 410 2889 Vuis-anion
432 2858 513 2888 inter
535 2857 613 2886 lim-e
629 2858 735 2896 rupim
757 2865 853 2885 unnu-

189 2902 354 2933 meranda·
386 2912 441 2942 pro
469 2904 554 2931 certo
586 2900 750 2931 habt-num.
776 2903 804 2928 et
832 2898 854 2927 si

1114 1852 1218 1935 lpars
1238 1836 1397 1879 auxilio
1419 1851 1462 1878 se
1487 1836 1560 1878 ad-

1135 1904 1269 1936 actata
1300 1910 1365 1935 res
1398 1894 1452 1935 ad
1486 1909 1562 1951 po-

892 2043 971 2073 fides
984 2041 1075 2072 Livio
1091 2042 1197 2071 (landa
1213 2039 1264 2076 sit,
1277 2040 1417 2071 Cortona
1434 2038 1564 2079 insuper

891 2085 1024 2115 aceedit.
1042 2085 1080 2114 cf.
1098 2084 1137 2114 ix.
1148 2092 1196 2122 37.
1233 2082 1414 2112 Verisimile
1430 2086 1488 2117 ent,
1501 2084 1561 2112 Cu-

895 2138 1008 2167 penum
1025 2127 1054 2157 in
1070 2136 1236 2157 numerum
1250 2135 1358 2156 eorum
1372 2124 1562 2155 duodecimo

894 2171 963 2201 loco
980 2169 1194 2209 reponendum
1211 2179 1288 2198 esse.

940 2223 950 2243 ι
979 2213 1125 2249 Volsinii]
1151 2212 1224 2250 Ope
1240 2220 1561 2249 servorum,quosnr-

895 2260 1070 2292 mavemnt,
1084 2253 1300 2284 Volsinienses
1316 2253 1434 2283 bellum
1452 2258 1563 2283 contra

898 2299 1060 2328 Romanos
1077 2296 1280 2337 pertinaciter
1293 2297 1453 2333 gon-hunt.
1499 2296 1561 2326 Ro-

895 2341 979 2371 mani
1007 2345 1127 2375 autem,
1151 2339 1189 2370 ef.
1210 2339 1281 2369 val.
1308 2339 1396 2369 Max.
1424 2338 1465 2368 ix.
1496 2348 1521 2373 1,
1545 2349 1563 2368 e

897 2383 1030 2414 Graecis
1051 2382 1190 2413 sontibus
1211 2382 1316 2411 lictum
1337 2381 1497 2420 (quirendam
1519 2381 1562 2411 fu-

897 2427 1004 2456 bulum
1030 2430 1061 2456 et
1090 2435 1215 2465 pron-un
1240 2423 1496 2454 commenticium
1523 2424 1564 2454 dc

897 2479 1056 2499 nervorum
1087 2467 1255 2498 int-olentia
1280 2466 1452 2496 mmet-tati
1479 2471 1564 2502 nunt,

897 2522 991 2551 quum
1039 2510 1151 2541 merito
1196 2510 1405 2549 respuendam
1457 2513 1565 2539 censet

901 2554 1032 2584 Niebhr.
1047 2554 1065 2584 i.
1080 2564 1109 2584 n.
1124 2556 1193 2591 3¹¹²·
1232 2552 1275 2582 lli
1295 2562 1366 2581 vero
1381 2551 1460 2581 nervi
1479 2551 1563 2582 haud

898 2598 994 2627 dubie
1020 2602 1156 2626 veterem
1181 2595 1310 2634 stirpem
1335 2593 1564 2633 Tyrrhenicum

898 2640 1086 2674 referebant,
1101 2643 1132 2668 et
1148 2649 1166 2668 n
1184 2637 1353 2668 victoribus
1374 2636 1514 2667 Etruscis
1533 2636 1564 2667 in

898 2693 967 2712 earn
988 2682 1069 2712 vitae
1092 2681 1305 2719 ιτηιάἰςὶυιιυιιι
1329 2679 1458 2710 adducti
1482 2683 1568 2715 nunt.

899 2736 960 2765 qun
977 2725 1021 2755 illi
1039 2729 1139 2758 erunt,
1152 2723 1204 2763 qui
1222 2723 1307 2762 apud
1326 2723 1467 2752 (inu-cos
1482 2721 1567 2752 τινί·

899 2779 970 2798 στω
985 2767 1168 2797 ntulit-bunt.

944 2820 958 2841 *ι
985 2813 1008 2840 ,1
1016 2811 1037 2840 d
1056 2811 1200 2839 solatium
1222 2813 1378 2848 arquatae
1401 2809 1567 2848 repulsat-l

903 2853 954 2884 No
971 2854 1056 2882 ωΙιικ
1071 2852 1164 2882 trium
1181 2851 1293 2884 vium-t.
1304 2851 1356 2881 «ed
1375 2861 1481 2891 parem
1496 2861 1569 2882 cum

902 2897 1023 2933 colla-gu
1040 2901 1153 2926 nortem
1183 2895 1311 2925 iuberet.
