1934 3211
0 1452 1 1466 ,
51 1440 63 1447 =
95 1420 303 1469 4adesset,
327 1421 495 1478 Appius
516 1423 593 1463 sibi
615 1431 793 1463 mortem
815 1422 1027 1463 conscivit.

565 185 690 228 LIB.
725 185 804 228 III.
848 187 994 229 CAP.
1028 193 1095 230 58.
1449 193 1531 233 209

133 273 301 317 didatus
319 289 416 316 cum
437 275 666 331 gentilibus
687 276 998 332 clientibusque
1023 277 1067 317 in
1088 276 1179 317 foro
1199 277 1424 333 prensabat
1444 279 1530 319 sin·
1546 289 1589 321 U.
1606 289 1644 321 C.
1663 288 1734 329 306-

131 332 278 387 gulos3
311 332 553 388 orabatque,
587 339 598 357 ‘
615 332 685 374 Ne
717 331 923 375 Claudiae
953 334 1072 389 genti
1103 348 1196 374 eam
1227 334 1410 374 inustam
1442 350 1529 376 ma·
1543 331 1582 386 A,-
1606 332 1645 363 C·
1662 332 1734 378 4³8⁶·

135 387 300 429 ‘culam
332 388 502 439 vellent,
537 399 585 431 ut
616 405 782 432 carcere
815 399 858 431 et
889 390 1068 431 vinculis
1100 390 1348 432 viderentur
1379 374 1750 454 dignitlffftfffsssslfgs

102 444 310 495 3‘vir'um,
351 445 696 488 honoratissimae
747 447 942 504 imaginis
985 446 1175 488 futurum
1220 447 1275 488 ad
1325 456 1525 504 posteros,
1541 457 1742 497 deprecatur.

133 500 302 558 ‘legum
331 502 505 544 latorem
533 504 881 561 conditoremque
904 504 1089 546 Romani
1117 505 1232 555 iuris,
1254 504 1389 546 iacere
1410 505 1527 547 vinc-

133 563 146 582 ‘
161 566 252 600 tum
273 560 384 601 inter
403 561 516 602 fures
536 570 764 603 nocturnos
784 577 832 603 ac
853 561 1046 603 latrones.
1112 563 1367 603 Averterent
1393 563 1445 603 ab
1466 563 1528 604 ira

132 621 387 673 ‘parumper
422 617 477 659 ad
511 619 798 675 cognitionem
834 619 1218 675 cogitationemque
1256 619 1443 660 animos:
1484 629 1527 661 et

132 673 299 729 ‘potius
339 689 472 716 unum
514 684 576 717 tot
618 675 810 717 Claudiis
849 676 1172 732 deprecantibus
1222 676 1524 727 condonarent,

131 735 287 786 ‘quam
327 740 500 788 propter
539 733 665 774 unius
706 733 850 774 odium
886 733 1115 775 multorum
1150 748 1295 790 preces
1330 749 1526 790 asperna-

131 793 144 812 ‘
158 797 314 830 rentur.
382 788 435 831 Se
458 805 627 846 quoque
650 790 694 831 id
721 791 866 847 generi
895 806 942 832 ac
971 791 1134 832 nomini
1156 791 1283 841 dare3
1317 807 1396 833 nec
1426 807 1523 833 cum

131 851 209 887 ‘eo
239 845 284 887 in
315 847 489 903 gratiam
522 848 691 898 redisse,
715 849 834 889 cuius
864 848 1058 890 adversae
1087 849 1278 890 fortunae
1303 849 1405 890 velit
1430 865 1524 891 suc-

130 909 143 927 ‘
157 917 338 945 cursum.
404 904 571 947 Virtute
593 905 829 947 libertatem
851 917 1138 962 recuperatam
1160 921 1270 947 esse:
1299 906 1525 948 clementia

130 966 142 985 ‘
157 962 426 1003 concordiam
443 963 640 1004 ordinum
661 963 834 1004 stabiliri
856 964 1002 1019 posse.’
1045 963 1190 1013 Erant,
1209 978 1314 1019 quos
1335 973 1524 1005 moveret

127 1033 203 1060 sua
223 1020 354 1076 magis
374 1020 544 1076 pietate,
568 1035 693 1076 quarn
717 1020 818 1070 cius,
842 1035 917 1077 pro
939 1036 1023 1076 quo
1051 1021 1213 1077 agebat,
1236 1036 1371 1062 causa.
1438 1021 1523 1063 Sed

127 1075 181 1116 V'
238 1076 246 1084 “
282 1076 359 1126 ius,
393 1083 404 1100 ‘
423 1076 498 1118 Sui
518 1078 658 1134 potius
680 1087 726 1118 ut
747 1078 1070 1127 misererentur,'
1091 1079 1247 1127 orabat,
1272 1078 1492 1134 ‘filiaeque
1510 1094 1520 1119 ε

128 1138 141 1157 ‘
155 1147 235 1174 nec
264 1134 402 1190 gentis
426 1133 645 1184 Claudiae,
672 1150 850 1191 regnum
881 1135 925 1176 in
955 1135 1123 1192 plebem
1149 1135 1330 1185 sortitae,
1353 1136 1428 1176 sed
1448 1151 1523 1177 ne-

127 1191 428 1232 ‘cessariorum
454 1192 672 1249 Virginiae
701 1202 745 1234 et
773 1193 900 1234 trium
932 1193 1197 1234 tribunorum
1227 1208 1373 1249 preces
1404 1193 1524 1234 audi-

128 1253 277 1297 ‘rent3
321 1250 407 1306 qui,
440 1250 494 1291 ad
525 1250 730 1290 auxilium
765 1250 899 1306 plebis
935 1250 1076 1300 creati,
1109 1250 1187 1306 ipsi
1223 1250 1358 1305 plebis
1393 1250 1522 1291 fldem

127 1311 283 1361 ‘atque
311 1307 517 1347 auxilium
545 1307 842 1363 implorarent.’
903 1307 1102 1348 Iustiores
1132 1307 1211 1348 hae
1240 1307 1435 1348 lacrimae
1461 1307 1523 1348 vi-
1537 1322 1665 1362 Appius
1683 1323 1742 1354 sibi

127 1362 375 1405 ‘debantun
439 1364 602 1421 Itaque,
639 1380 711 1420 spe
748 1365 890 1414 incisa,
926 1365 1172 1421 priusquam
1207 1363 1398 1420 prodicta
1433 1364 1523 1406 dies
1535 1374 1650 1438 ἓέἑὲιῐῖ
1667 1376 1743 1396 ⁰01¹·

187 1477 377 1520 Subinde
409 1488 598 1536 arreptus
628 1494 653 1520 a
680 1479 728 1520 P.
747 1479 990 1520 Numitorio
1015 1478 1084 1535 Sp.
1104 1477 1283 1535 Oppius,
1305 1478 1522 1535 proximus

127 1535 325 1586 invidiae,
352 1536 468 1593 quod
500 1537 545 1577 in
578 1537 680 1578 urbe
709 1536 856 1586 fuerat,
883 1551 1016 1592 quum
1049 1536 1228 1577 iniustae
1257 1536 1464 1577 vindiciae
1499 1551 1523 1577 a

127 1592 288 1649 collega
308 1593 558 1635 dicerentur.
622 1593 723 1635 Plus
744 1602 887 1635 tamen
908 1595 1019 1634 facta
1038 1593 1191 1634 iniuria
1214 1593 1370 1649 Oppio,
1393 1609 1522 1650 quam
1537 1602 1665 1644 Oppius

96 1665 214 1697 5non
243 1650 466 1706 prohibita,
492 1651 675 1692 invidiae
703 1651 815 1692 fecit.
879 1650 1018 1692 Testis
1048 1650 1292 1707 productus,
1316 1651 1402 1706 qui,
1429 1666 1524 1708 sep·
1535 1649 1715 1677 accusatur.

94 1717 213 1750 6tem
241 1716 284 1749 et
311 1708 461 1764 viginti
487 1709 743 1750 enumeratis
770 1708 1004 1764 stipendiiS‚
1027 1708 1156 1749 octies
1184 1717 1304 1749 extra
1330 1708 1523 1750 ordinem

127 1765 320 1815 donatus,
357 1765 553 1822 donaque
587 1781 638 1807 ea
669 1781 818 1822 gerens
851 1765 896 1806 in
931 1774 1162 1822 conspectu
1201 1765 1361 1822 populi,
1398 1766 1524 1808 scissa

125 1832 241 1864 veste
263 1832 429 1879 tergum
451 1823 677 1865 laceratum
706 1823 832 1879 virgis
853 1822 1050 1872 ostendit,
1073 1822 1254 1864 nihilum
1276 1822 1520 1879 deprecans,

97 1880 273 1936 7‘quin,
303 1881 336 1923 si
365 1896 492 1937 quam
518 1897 636 1922 suam
669 1896 824 1922 noxam
857 1895 952 1921 reus
985 1880 1124 1921 dicere
1157 1890 1310 1936 posset,
1338 1881 1524 1937 privatus

129 1938 308 1979 ‘iterum
331 1938 375 1979 in
396 1954 439 1980 se
468 1939 671 1980 saeviret.’
733 1938 899 1994 Oppius
920 1953 1090 2002 quoque
1113 1937 1266 1978 ductus
1290 1937 1335 1978 in
1356 1938 1524 1980 vincula

127 2003 203 2044 est,
245 2004 288 2036 et
327 2005 424 2037 ante
466 1996 611 2037 iudicii
653 1995 765 2036 diem
806 1996 935 2036 finem
976 1995 1034 2035 ib1
1070 1995 1179 2036 vitae
1220 1995 1330 2036 fecit.
1403 1995 1525 2037 Bona

131 2052 302 2093 Claudii
341 2053 558 2109 Oppiique
596 2053 754 2094 tribuni
790 2051 1068 2107 publicavere.
1134 2050 1335 2106 Collegae
1377 2067 1523 2093 eorum

128 2109 264 2151 exsilii
297 2125 422 2151 causa
453 2109 586 2151 solum
620 2117 860 2151 verterunt:
907 2108 1017 2149 bona
1049 2107 1262 2172 publicata
1294 2117 1403 2149 sunt.
1468 2109 1525 2150 Et

130 2167 191 2208 M.
211 2166 430 2216 Claudius,
461 2177 638 2208 assertor
659 2166 894 2222 Virginiae,
924 2165 993 2206 die
1025 2165 1138 2205 d1cta
1168 2164 1404 2214 damnatus,
1434 2166 1525 2221 ipso

127 2224 369 2267 remittente
413 2224 609 2280 Virginio
660 2223 850 2264 ultimam
901 2237 1094 2279 poenam,
1143 2221 1339 2263 dimissus
1387 2222 1524 2264 Tibur

1538 1944 1578 1975 In
1597 1943 1727 1974 vincula.

1536 1988 1665 2023 (luctus,
1681 1985 1724 2016 ibi

1536 2029 1681 2060 moritur.

164 2365 182 2396 3
198 2356 475 2387 Ilonoratissimac
488 2355 655 2394 inmyinis]
666 2354 705 2385 cf.
713 2354 756 2385 Su
762 2364 807 2393 pr.

128 2398 206 2437 i.34.
245 2399 308 2429 sed
322 2398 362 2429 de
375 2400 447 2429 iure
460 2399 646 2436 imayinum.
667 2397 706 2427 cf.
717 2398 806 2428 Fuss.

130 2441 227 2472 Rom.
252 2442 328 2472 Ant.
354 2441 370 2478 ἓ
393 2440 464 2480 486.
489 2445 521 2470 et
548 2440 661 2479 Polyb.
692 2439 731 2470 vi.
757 2448 806 2478 53.

130 2488 196 2514 not.
212 2484 263 2514 ed.
281 2483 569 2521 Schweighaeuser.

173 2538 192 2564 4
215 2527 283 2556 Sibi
299 2531 427 2557 mortem
444 2527 611 2564 conscivit]
650 2525 746 2555 Dion.
764 2524 806 2556 ix.

131 2579 181 2609 54.
198 2567 296 2598 trudit
311 2569 408 2608 Appii
426 2568 619 2598 necess-'rrius
635 2578 707 2598 eum
726 2577 806 2597 mor-

132 2613 172 2641 bo
189 2615 350 2640 mortuum
367 2610 544 2641 simultane.
583 2610 727 2646 Quidum
746 2609 806 2639 ius-

130 2665 166 2685 su
187 2652 387 2683 tribunorum
413 2657 563 2682 necatum
585 2652 681 2683 fuisse
701 2651 807 2682 existi—

132 2697 275 2727 mabant.
307 2695 348 2725 cf.
365 2705 450 2734 flupr.
469 2694 501 2725 ii.
518 2695 569 2725 (u.

176 2748 193 2778 5
218 2741 343 2777 Septem
366 2742 397 2768 ee
418 2738 551 2776 υἱῃὺιιὲ]
580 2737 658 2767 Post
681 2740 754 2766 octo
777 2740 810 2766 et

134 2780 242 2819 viginti
260 2779 420 2819 stipendia
436 2783 624 2809 enumerata
640 2778 726 2808 cives
745 2778 807 2808 Ro-

132 2823 219 2854 mani
244 2823 274 2853 in
298 2823 450 2856 neuim-ce,
465 2820 519 2860 qui
539 2820 653 2851 militia
677 2819 736 2850 nini
755 2830 807 2850 ex-

133 2865 343 2897 tmordinarin
362 2865 530 2901 vacabunt,
545 2862 674 2902 ascripti
692 2867 776 2893 sunt.

192 2921 290 2948 vot..
317 2921 341 2947 1.

900 2352 920 2384 6
946 2354 1052 2384 Etim
1083 2354 1222 2384 ordinem
1255 2355 1408 2392 donatus]
1449 2354 1524 2385 Non

853 2406 925 2426 cum
951 2396 1118 2435 manipulo
1142 2406 1198 2426 suo
1221 2401 1277 2426 aut
1299 2396 1454 2432 centuria,
1471 2398 1525 2427 scd

852 2439 939 2469 solus
953 2443 984 2469 et
1001 2443 1092 2468 extra
1108 2438 1364 2469 commilitonum
1382 2439 1524 2469 ordinem

851 2481 998 2511 donatum
1030 2482 1134 2520 Saepe
1149 2481 1313 2511 universus
1328 2481 1445 2520 uliquis
1461 2492 1526 2511 mn-

852 2524 984 2563 nipulus
1011 2524 1051 2553 ob
1082 2522 1236 2561 insignem
1269 2523 1298 2553 in
1332 2534 1364 2553 re
1397 2524 1526 2554 militari

854 2566 1038 2606 praestitum
1070 2575 1200 2605 operum
1229 2566 1417 2596 donabatur.
1463 2567 1526 2597 Sed

854 2608 1028 2648 praecipuo
1064 2608 1235 2647 splendore
1271 2608 1457 2638 eminebant
1489 2619 1527 2639 ea

853 2652 950 2687 dona,
966 2661 1048 2689 quae
1069 2660 1152 2680 unus
1170 2650 1241 2689 quin
1264 2650 1355 2680 milen
1377 2656 1433 2681 aut
1454 2661 1525 2682 cen-

854 2692 936 2723 turio
956 2697 1048 2723 extra
1063 2696 1241 2722 ceterorum
1266 2692 1409 2724 ordinem
1434 2694 1526 2725 refer-

855 2739 910 2766 ret.
936 2735 1042 2766 Cum.

899 2785 915 2816 7
938 2778 974 2806 si
1000 2787 1096 2817 quom
1122 2777 1232 2814 stiam]
1275 2777 1305 2808 h.
1323 2788 1349 2809 e.
1374 2777 1409 2809 Si
1431 2788 1527 2818 qutun

854 2829 971 2850 noxum
988 2830 1007 2848 n
1023 2830 1056 2849 ue
1071 2818 1243 2849 admit-mm
1262 2819 1401 2860 proferre
1425 2825 1529 2860 posset

856 2871 928 2892 reus
944 2861 1080 2901 Oppius.
1106 2861 1118 2891 1
1125 2863 1212 2892 )οειι.

1279 2917 1301 2944 ι.
