1934 3211
171 272 215 304 U.
232 273 270 305 C.
289 274 360 313 287.

170 317 211 346 A.
235 317 272 348 C.
290 315 361 356 465.

170 359 306 389 Antium

170 401 298 432 colonia

170 443 350 474 deducitur.

255 729 279 757 ί)

170 784 215 815 U.
233 756 359 815 0288.

170 827 210 858 A.
235 827 273 858 C.
290 826 362 865 464.

171 870 214 904 Q.
229 869 363 899 Servilio

170 912 219 942 II.
232 913 287 951 Sp.
297 913 372 943 Pos-

167 954 270 984 tumio
284 956 374 986 Coss

169 997 214 1027 U.
231 998 269 1027 C.
288 998 360 1037 289.

169 1040 209 1070 A.
234 1040 272 1070 C.
289 1039 362 1078 463.

171 1082 214 1117 Q.
232 1083 334 1112 Fabio

169 1124 221 1154 II.
236 1125 276 1155 T.

170 1166 330 1201 Quinctio

169 1208 242 1239 ΙΙΙ.
258 1210 348 1240 Coss.

168 1251 350 1289 Aequicum

168 1294 302 1325 belluni.

389 183 469 220 148
544 210 548 213 -
904 178 1052 220 ΤΙΤΙ
1094 178 1271 220 LIVII

387 286 454 312 ros
494 285 593 326 agro
632 269 773 312 dando
807 278 920 311 creat
953 270 1006 311 T.
1046 270 1310 336 Quinctium,
1346 270 1400 311 A.
1437 267 1695 325 Virginium,
1728 267 1778 309 P.

388 328 574 369 Furium.
636 327 742 369 Iussi
773 328 946 368 nomina
975 327 1087 378 dare,
1115 329 1188 383 qui
1219 343 1366 384 agrum
1395 327 1582 382 accipere
1607 325 1778 367 vellent.

389 385 507 426 Fecit
526 385 679 435 statim,
697 393 745 426 ut
764 385 825 434 fit,
847 384 1060 425 fastidium
1081 386 1220 440 copia,
1254 385 1443 440 adeoque
1465 383 1588 440 pauci
1609 383 1784 424 nomina

388 442 556 492 dedere,
589 451 636 483 ut
666 442 719 483 ad
749 441 1009 498 explendum
1044 457 1268 483 numerum
1301 441 1440 483 coloni
1473 440 1620 482 Volsci
1651 440 1815 482 adde-6

386 508 554 540 rentur:
598 507 737 540 cetera
777 498 1005 539 multitudo
1040 513 1211 554 posceie
1253 499 1415 539 Romae
1457 513 1603 554 agrum
1643 497 1780 546 malle,

387 572 513 612 quam
535 557 630 597 alibi
662 556 861 612 accipere.
925 555 1068 619 Aequi
1096 571 1120 595 a
1151 555 1204 603 Q.
1233 555 1362 596 Fabio
1383 556 1437 611 (is
1458 570 1509 596 eo
1537 570 1633 596 cum
1662 569 1784 596 exer-

388 614 475 654 citu
498 613 690 669 venerat)
710 627 856 669 pacem
877 612 1050 667 petiere,
1074 612 1317 668 irritamque
1347 628 1439 653 eam
1460 612 1540 668 ipsi
1560 612 1726 653 subita
1715 627 1784 652 m-

389 671 581 712 eursione
603 671 647 710 in
669 685 814 725 agrum
837 669 1039 709 Latinum
1060 669 1209 710 fecere.

449 728 502 776 Q.
530 727 728 769 Servilius
749 726 989 781 insequenti
1010 741 1121 767 anno
1138 726 1191 781 (is
1212 727 1325 767 enim
1347 742 1444 767 011111
1469 726 1538 782 Sp.
1562 725 1783 767 Postumio

388 785 535 826 consul
549 784 648 838 fuit)
664 784 708 824 in
732 783 907 839 Aequos
924 783 1084 833 missus,
1102 783 1147 823 in
1168 783 1324 824 Latino
1342 799 1440 839 agro
1458 783 1607 824 stativa
1619 783 1778 825 habuit.

387 841 505 882 Intra
532 850 665 882 castra
693 841 811 896 quies
839 841 1071 881 necessaria
1095 842 1240 881 morbo
1268 841 1520 896 implicitum
1549 840 1780 881 exercitum

386 899 533 939 tenuit.
598 898 847 938 Extractum
868 897 912 937 in
929 898 1100 938 tertium
1122 913 1279 939 annum
1302 898 1459 940 bellum
1480 906 1555 948 est,
1577 897 1632 946 Q
1651 897 1784 939 Fabio

387 964 429 997 et
454 956 504 996 T.
540 955 745 1003 Quinctio
769 954 1020 996 consulibus.
1084 955 1213 996 Fabio
1238 964 1358 996 extra
1387 955 1594 1005 ordinem,
1620 955 1720 1011 quia
1746 955 1782 996 is

385 1013 518 1054 Victor
557 1028 704 1069 pacem
746 1012 911 1068 Aequis
945 1012 1130 1062 dederat,
1169 1028 1218 1054 ea
1252 1013 1468 1078 provincia
1503 1013 1613 1053 data.
1678 1011 1778 1063 Qui,
1796 1029 1815 1061 7

384 1070 499 1111 haud
529 1070 658 1111 dubia
693 1085 764 1125 spe
795 1069 1018 1125 profectus,
1051 1070 1204 1110 famam
1234 1071 1416 1111 nominis
1447 1070 1510 1110 sui
1540 1078 1782 1126 pacaturam

386 1127 573 1183 Aequos,
596 1127 786 1183 legatos
775 1142 819 1167 m
849 1126 1075 1167 concilium
1096 1128 1232 1182 gentis
1254 1128 1399 1168 missos
1418 1127 1614 1168 nuntiare
1636 1127 1779 1169 iussit:

387 1190 398 1208 ⁶
415 1185 468 1233 Q.
494 1184 669 1226 Fabium
691 1183 906 1225 consulem
928 1184 1081 1233 dicere,
1105 1200 1148 1225 se
1170 1200 1223 1225 ex
1246 1185 1410 1240 Aequis
1427 1199 1575 1240 pacem
1598 1184 1781 1225 Romam

388 1242 568 1292 ⁶tulisse,
601 1243 652 1283 ab
690 1241 829 1282 Roma
865 1242 1029 1296 Aequis
1061 1241 1220 1283 bellum
1256 1242 1416 1291 afferre,
1448 1241 1597 1282 eadem
1632 1241 1784 1283 dextra

389 1305 584 1349 ⁶a1·mata,
618 1314 744 1355 quam
776 1308 965 1355 pacatam
995 1299 1076 1339 illis
1107 1308 1231 1340 antea
1261 1299 1445 1340 dederat.
1513 1297 1706 1347 Quorum
1736 1299 1783 1339 id

389 1357 590 1413 ⁶·pe1f1dia
620 1366 661 1397 et
686 1356 870 1412 peliurio
896 1357 981 1405 fiat,
1008 1356 1109 1397 deos
1139 1371 1253 1397 nunc
1281 1365 1407 1397 testes
1435 1371 1536 1406 esse,
1563 1371 1663 1397 mox
1692 1356 1784 1397 sore

388 1414 581 1454 ‘ultores
647 1413 699 1454 Se
730 1422 884 1463 tamen,
908 1422 1124 1469 utcunque
1157 1415 1221 1463 sit,
1252 1414 1377 1455 etiam
1411 1429 1536 1464 nunc,
1562 1413 1784 1469 poenitere

389 1477 487 1512 ‘sua
507 1479 655 1527 sponte
678 1471 865 1525 Aequos,
889 1486 1016 1526 quam
1044 1471 1130 1526 pati
1155 1471 1334 1521 hostilia,
1364 1471 1499 1512 malle.
1565 1470 1610 1512 Si
1634 1471 1785 1527 poeni-

389 1534 511 1577 ‘teat,
535 1538 674 1569 tutum
702 1536 920 1583 receptum
949 1528 1003 1568 ad
1031 1537 1248 1593 expertam
1276 1529 1542 1570 clementiam
1570 1529 1682 1570 fore:
1715 1529 1781 1569 sin

389 1586 595 1641 ζ1101111110
616 1585 840 1641 gaudeant,
864 1585 943 1625 diis
965 1586 1098 1641 magis
1118 1585 1243 1635 ilatis,
1268 1601 1395 1641 quam
1416 1586 1616 1635 hostibus,
1638 1594 1784 1642 gestu-

387 1650 476 1684 ζ105
497 1642 666 1684 bellum.
673 1643 682 1659 '
742 1642 862 1682 Haec
879 1642 992 1683 dicta
1012 1620 1118 1683 ateieo
1139 1618 1244 1682 nihii
1267 1652 1488 1684 moverunt
1509 1658 1780 1699 quemquam,

384 1709 432 1741 ut
451 1700 577 1756 legati
598 1715 730 1756 prope
749 1699 892 1741 violati
913 1700 1008 1749 sint,
1031 1700 1323 1755 exercitusque
1345 1700 1388 1740 in
1411 1700 1618 1756 Algidum
1634 1700 1816 1744 adver-8

384 1773 453 1798 sus
487 1758 701 1798 Romanos
736 1757 895 1797 missus.
962 1757 1084 1805 Quae
1120 1757 1192 1798 ubi
1229 1757 1413 1798 Romam
1445 1765 1543 1798 sunt
1575 1758 1780 1808 nuntiata,

383 1815 612 1870 indignitas
633 1815 707 1864 rei,
725 1814 856 1870 magis
877 1829 1002 1869 quam
1024 1814 1271 1870 periculum,
1290 1814 1504 1855 consulem
1528 1814 1706 1855 alterum
1727 1816 1781 1857 ab

384 1873 486 1913 urbe
517 1872 681 1913 excivit.
744 1870 811 1912 Ita
831 1871 917 1912 duo
941 1871 1179 1912 consulares
1207 1872 1421 1913 exercitus
1438 1872 1492 1913 ad
1518 1872 1684 1913 hostem
1712 1887 1785 1913 ac·-

383 1944 543 1970 cessere
565 1929 652 1970 acie
675 1929 889 1978 instructa,
911 1937 959 1969 ut
980 1929 1199 1969 confestim
1216 1929 1475 1970 dimicarent.
1541 1928 1626 1970 Sed
1647 1944 1782 1985 quum

382 1987 488 2027 forte
511 1987 625 2027 haud
646 1986 824 2026 multum
842 1986 926 2027 diei
948 1994 1193 2041 superesset,
1212 2001 1322 2027 unus
1337 1987 1388 2027 ab
1402 1986 1578 2027 statione
1595 1987 1780 2028 hostium

384 2044 613 2084 exclamat:
649 2048 660 2066 ⁶
676 2043 900 2084 Ostentare
922 2042 1002 2083 hoc
1024 2052 1098 2092 est,
1118 2043 1314 2093 Romani,
1332 2058 1419 2084 non
1439 2058 1584 2099 gerere
1605 2043 1777 2085 bellum.

385 2101 461 2141 ‘In
486 2110 655 2141 noctem
681 2100 974 2141 imminentem
1004 2100 1137 2141 aciem
1161 2100 1377 2141 instruitis.
1439 2100 1653 2156 Longiore
1684 2100 1782 2143 luce

385 2164 396 2181 ⁶
410 2158 463 2198 ad
483 2158 527 2198 id
549 2166 774 2206 certamen,
793 2157 908 2222 quod
929 2158 1068 2222 instat,
1091 2157 1211 2198 nobis
1228 2173 1332 2214 opus
1353 2166 1426 2199 est.
1492 2156 1688 2199 Crastino
1709 2158 1781 2199 die

386 2215 571 2256 ‘oriente
605 2215 690 2256 sole
723 2214 857 2255 redite
891 2215 935 2254 in
971 2215 1126 2256 aciem:
1171 2215 1251 2256 erit
1286 2215 1407 2280 eopia
1437 2215 1680 2271 pugnandi3
1722 2230 1778 2257 ne

387 2278 397 2295 ⁶
411 2273 583 2313 timete.9
643 2271 725 2313 His
744 2272 916 2312 vocibus
941 2272 1125 2312 iiritatus
1146 2272 1301 2313 miles
1291 2288 1336 2312 111
1356 2272 1470 2313 (110111
1490 2280 1705 2328 posterum
1732 2272 1779 2313 in

384 2338 515 2370 castra
535 2329 761 2378 reducitur,
784 2328 952 2384 longam
981 2329 1127 2369 venire
1152 2337 1322 2369 noctem
1340 2337 1466 2378 ratus,
1489 2344 1596 2384 quae
1617 2344 1813 2381 moram9

384 2387 600 2428 certamini
635 2386 800 2427 faceret.
863 2386 977 2426 Tum
1011 2386 1183 2441 quidem
1217 2400 1390 2441 corpora
1419 2386 1515 2427 cibo
1544 2401 1779 2442 somnoque

424 2493 444 2524 6
474 2495 589 2531 Volsci]
616 2493 754 2524 Fallitur
768 2492 822 2523 hie
838 2492 961 2529 Livius,
978 2502 1054 2531 quo·
1099 2496 1207 2522 utrum
1243 2492 1480 2529 Romanorum,
1509 2502 1550 2522 an
1582 2492 1777 2523 Volscorum

382 2535 467 2565 niam
499 2536 634 2566 Antium
666 2536 847 2566 Siculorum
877 2535 944 2565 sive
974 2535 1054 2574 Tyr·
1099 2534 1180 2565 haec
1195 2534 1280 2573 regio
1297 2538 1392 2571 esset,
1406 2534 1527 2573 quippe
1543 2544 1625 2573 quae
1642 2535 1780 2566 Latinos

381 2577 551 2608 rhemorum
576 2578 733 2618 oppidum
752 2578 824 2615 fuit,
840 2578 925 2616 quod
942 2576 1055 2607 Volsci
1099 2577 1139 2606 ab
1160 2576 1323 2614 Hernicis,
1339 2577 1477 2606 Volscos
1499 2577 1540 2607 ab
1557 2577 1679 2616 Aequis
1701 2577 1777 2608 diri-

382 2621 524 2650 advenae
541 2621 571 2651 vi
590 2623 814 2660 occupassent,
828 2620 893 2650 iam
910 2629 984 2650 vero
999 2629 1054 2649 ex-
1098 2623 1211 2655 meret,
1227 2629 1287 2649 nec
1310 2619 1369 2649 nisi
1394 2618 1529 2649 circuitu
1553 2620 1648 2659 longo
1668 2619 1776 2650 mutui

382 2662 465 2699 pulsi
482 2673 602 2701 poenas
617 2663 790 2694 dedissent.
1096 2642 1275 2691 auxiliiinx
1278 2671 1359 2692 100111
1376 2661 1508 2692 aditus*
1499 2661 1541 2692 115
1552 2661 1702 2702 gentibus
1718 2672 1775 2702 pa-

427 2711 442 2741 7
465 2705 624 2742 Dederat]
642 2705 783 2744 Obliqua
796 2704 911 2743 oratio,
921 2708 957 2734 ut
968 2705 1052 2735 bene
1097 2706 1188 2734 teret.

382 2745 491 2775 obserx
494 2750 526 2776 at
553 2747 690 2785 Duker„
717 2747 897 2778 desiderare
929 2746 1054 2777 videtur
1144 2755 1164 2786 9
1192 2748 1336 2786 Longam
1365 2747 1476 2778 venire
1509 2750 1631 2777 noctem
1659 2746 1774 2784 ratus}

380 2788 509 2817 dederit.
536 2788 645 2819 DoER.
692 2790 754 2820 Sed
777 2789 895 2829 passim
911 2799 964 2829 ap.
981 2789 1052 2820 Liv.
1097 2788 1190 2819 Adeo
1205 2789 1318 2819 avidus
1333 2799 1472 2828 pugnae,
1488 2792 1524 2819 ut
1539 2792 1680 2826 noctem,
1690 2798 1775 2827 quae

382 2831 412 2857 et
429 2828 533 2859 Tacit.
549 2830 739 2861 indicativos
762 2832 794 2862 in
815 2831 959 2862 oratione
975 2832 1053 2862 obli-
1097 2831 1298 2869 adventaret,
1314 2831 1442 2870 longam
1457 2831 1518 2861 sibi
1537 2831 1682 2870 fingeret,
1697 2829 1774 2869 quia

380 2880 444 2909 qua
461 2870 580 2908 positos
596 2872 760 2904 habemus.
1097 2883 1220 2904 moram
1237 2873 1405 2904 certamini
1421 2877 1505 2904 esset
1520 2873 1658 2904 factura.

428 2913 446 2942 8
474 2913 644 2951 Alyidum]
688 2915 859 2953 Pel-magni
889 2916 1052 2952 intererat,
