1934 3211
391 192 476 230 484
905 182 1053 228 TITI
1094 185 1277 227 LIVII

177 283 220 314 U·
238 283 276 314 C.
294 293 366 324 429-
394 287 545 320 natura
571 293 636 319 res
664 292 797 334 quum
825 276 1008 333 speciem
1035 276 1213 317 iniuriae
1242 276 1386 332 magis,
1409 291 1537 332 quam
1562 275 1662 326 doli,
1691 289 1790 332 prae

174 328 214 357 A.
240 327 278 358 C.
296 335 368 366 323·
395 352 438 378 se
461 337 597 385 ferret,
620 334 818 377 concitati
839 334 1031 375 homines
1053 343 1209 390 cogunt
1230 333 1409 375 clamore
1431 349 1506 375 suo
1527 333 1791 389 magistratus

242 1081 308 1118 28.

176 1264 299 1304 Papirii

176 1308 353 1339 foenerato-

174 1351 217 1380 ris
232 1351 327 1381 foeda

176 1394 285 1426 libido.

394 402 588 435 senatum
618 408 793 434 vocare:
827 400 870 433 et
899 391 983 440 alii,
1016 392 1332 432 circumstantes
1363 390 1601 441 concilium,
1632 390 1793 432 bellum

394 452 439 492 in
463 451 678 493 Romanos
698 460 901 506 poscunt:
937 449 1006 489 alii
1034 449 1088 489 ad
1115 448 1407 489 concitandam
1436 448 1482 488 in
1509 463 1624 489 arma
1651 447 1793 488 multi-

394 509 587 550 tudinem
623 508 849 563 agrestium
885 506 1150 547 discurrunt:
1199 506 1467 561 tumultuque
1509 506 1636 546 etiam
1672 519 1793 546 sanos

395 574 689 607 consternante
721 564 895 612 animos,
925 563 1178 611 decernitur,
1211 572 1257 603 ut
1290 563 1465 603 societas
1497 578 1594 603 cum
1628 562 1794 604 Samni-

396 623 507 664 tibus
528 630 825 669 renovaretur3
858 620 1071 675 legatique
1093 619 1146 659 ad
1172 634 1265 660 eam
1290 634 1379 659 rem
1405 619 1642 660 mittuntur.
1706 619 1794 660 Re-

396 680 571 736 pentina
591 694 655 719 res
672 678 771 733 quia
788 692 914 732 quam
931 691 1097 716 causam
1114 676 1286 725 nullam,
1302 684 1387 716 tam
1404 691 1457 716 ne
1474 676 1602 716 fidem
1620 677 1792 732 quidem
1810 692 1822 713 1

397 737 588 785 habebat,
612 735 745 776 coacti
773 750 797 775 a
825 733 1082 775 Samnitibus
1113 742 1155 774 et
1186 733 1352 774 obsides
1379 733 1492 783 dare,
1516 741 1559 774 et
1587 733 1795 789 praesidia

395 795 439 834 111
461 794 552 833 loca
572 792 735 832 munita
750 791 953 847 accipere,
971 790 1085 832 caeci
1101 790 1246 831 fraude
1264 799 1307 831 et
1328 790 1389 831 ira
1409 790 1515 831 nihil
1535 799 1792 832 recusarunt.

396 851 597 891 Dilucere
634 849 789 890 deinde
825 848 942 890 brevi
977 848 1088 888 fraus
1124 848 1276 904 coepit,
1310 857 1535 903 postquam
1569 848 1794 889 criminum

394 908 591 949 falsorum
627 916 816 947 auctores
853 906 1088 946 Tarentum
1124 905 1476 961 commigravere:
1521 906 1608 955 sed,
1645 906 1796 947 amissa

394 965 510 1006 omni
551 965 603 1005 de
645 980 687 1005 se
728 971 948 1020 potestate,
990 962 1098 1003 nihil
1138 963 1258 1013 ultra,
1301 978 1429 1019 quam
1470 972 1518 1004 ut
1556 963 1796 1020 poeniteret

392 1023 556 1072 frustra,
578 1022 769 1063 restabat.

454 1080 519 1121 Eo
550 1095 661 1121 anno
698 1079 812 1135 plebi
850 1079 1067 1120 Romanae
1100 1078 1216 1120 velut
1246 1078 1362 1119 aliud
1393 1078 1562 1120 initium
1591 1078 1795 1121 libertatis

394 1138 551 1179 factum
580 1146 655 1186 est,
679 1137 794 1192 quod
822 1137 935 1177 necti
960 1136 1202 1177 desierunt:
1237 1145 1445 1177 mutatum
1479 1145 1620 1178 autem
1647 1137 1712 1178 ius
1739 1131 1825 1204 ob}³

395 1196 519 1236 unius
546 1194 791 1236 feneratoris
824 1194 948 1235 simul
982 1194 1214 1243 libidinem,
1249 1194 1373 1234 simul
1405 1194 1696 1235 crudelitatem
1728 1194 1797 1234 in-'

395 1253 570 1310 signem.
633 1252 682 1293 L.
702 1251 896 1308 Papirius
924 1252 958 1292 is
979 1251 1082 1292 fuit:
1117 1251 1185 1292 cui
1206 1267 1338 1307 quum
1366 1266 1409 1292 se
1434 1250 1484 1293 C.
1503 1251 1712 1293 Publilius
1740 1251 1826 1299 0b4

396 1326 465 1352 aes
481 1311 666 1351 alienum
682 1318 905 1366 paternum
921 1324 1081 1350 nexum
1098 1309 1305 1358 dedisset,
1329 1324 1437 1364 quae
1452 1318 1563 1350 aetas
1575 1308 1793 1364 formaque

396 1367 723 1409 misericordia-m
744 1367 894 1408 elicere
916 1376 1092 1423 poterat,
1115 1366 1168 1407 ad
1188 1366 1409 1407 libidinem
1431 1375 1473 1407 et
1493 1366 1794 1407 contumeliam

395 1426 582 1466 animum
611 1424 918 1466 accenderunt:
954 1433 1007 1474 et,
1037 1424 1183 1465 florem
1211 1424 1358 1465 aetatis
1388 1424 1477 1464 eius
1508 1424 1693 1465 fructum
1720 1423 1795 1464 ad-

394 1483 624 1524 venticium
652 1482 801 1523 crediti
828 1490 954 1531 ratus,
978 1482 1112 1538 primo
1143 1481 1338 1537 pellicere
1371 1481 1678 1522 adolescentem
1710 1495 1796 1522 ser-

395 1555 520 1580 mone
552 1540 711 1580 incesto
743 1548 805 1580 est
835 1548 1034 1580 conatus:
1069 1539 1181 1588 dein,
1213 1547 1435 1595 postquam
1466 1539 1797 1595 aspernabantur

395 1597 602 1652 flagitium
627 1611 758 1645 aures,
782 1596 906 1636 minis
932 1597 1133 1646 territare,
1158 1607 1284 1652 atque
1309 1596 1542 1637 identidem
1568 1596 1794 1637 admonere

394 1654 612 1695 fortunae:
646 1663 869 1708 postremo,
893 1668 1024 1708 quum
1053 1654 1326 1709 ingenuitatis
1354 1654 1498 1709 magis,
1520 1669 1648 1709 quam
1674 1668 1795 1710 prae-

396 1711 524 1752 sentis
565 1710 830 1759 conditionis,
868 1725 1096 1751 memorem
1132 1711 1305 1759 videret,
1343 1711 1493 1751 nudari
1532 1711 1662 1760 iubet,
1701 1725 1794 1752 ver—

396 1769 578 1824 beraque
620 1767 767 1808 afferri.
849 1766 1015 1814 Quibus
1054 1767 1258 1808 laceratus
1292 1767 1467 1816 iuvenis,
1501 1782 1633 1823 quum
1669 1782 1712 1808 se
1748 1767 1794 1808 in

396 1826 613 1882 publicum
640 1824 925 1880 proripuisset,
951 1824 1170 1865 libidinem
1201 1824 1578 1880 crudelitatemque
1607 1839 1794 1880 conque-

396 1898 492 1924 rens
513 1882 756 1923 feneratoris
773 1898 782 1931 3
816 1882 964 1937 ingens
985 1882 1046 1922 vis
1066 1881 1299 1931 hominum,
1323 1896 1455 1936 quum
1476 1882 1622 1922 aetatis
1650 1882 1794 1923 miser-

396 1941 535 1981 atione
568 1949 694 1995 atque
726 1939 976 1995 indignitate
1009 1939 1185 1979 iniuriae
1224 1954 1409 1988 accensa,
1446 1947 1537 1979 tum
1564 1954 1661 1980 suae
1693 1955 1794 1981 con—

396 1998 567 2038 ditionis
587 1997 852 2051 liberumque
874 2011 1044 2036 suorum
1065 2004 1269 2051 respectu,
1292 1996 1337 2036 in
1357 1996 1507 2046 forum,
1530 2005 1656 2052 atque
1678 1997 1791 2047 inde,

396 2055 562 2111 agmine
599 2055 720 2104 facto,
755 2054 808 2094 ad
845 2053 1000 2094 curiam
1044 2053 1265 2094 concurrit.
1329 2053 1386 2094 Et
1419 2069 1551 2109 quum
1587 2054 1792 2105 consules,

397 2112 582 2153 tumultu
609 2111 831 2167 repentino
859 2111 1005 2160 coacti,
1036 2119 1227 2151 senatum
1252 2119 1462 2160 vocarent,
1484 2111 1794 2153 introeuntibus

397 2170 441 2210 in
463 2170 621 2211 curiam
637 2169 833 2210 Patribus
848 2168 1075 2209 laceratum
1092 2168 1254 2208 iuvenis
1274 2176 1453 2223 tergum,
1470 2170 1795 2225 procumbentes

398 2227 451 2268 ad
479 2227 739 2283 singulorum
767 2225 910 2281 pedes,
934 2226 1210 2266 ostentabant.
1272 2224 1446 2266 Victum
1472 2240 1522 2266 eo
1544 2225 1612 2267 die
1638 2226 1691 2267 ob
1715 2226 1795 2267 im—

397 2292 615 2340 potentem
647 2284 843 2324 iniuriam
876 2283 1001 2323 unius
1033 2283 1182 2338 ingens
1207 2282 1424 2324 vinculum
1451 2282 1574 2325 fidei:
1608 2283 1794 2340 iussique

444 2439 454 2458 1
476 2430 560 2466 Quia
577 2439 673 2468 quam
689 2438 818 2458 causam
832 2427 973 2464 nullam]
984 2425 1074 2461 Quia
1118 2426 1312 2458 Caudinam.

397 2471 542 2510 rei,quae
554 2481 682 2501 causam
695 2471 820 2500 nullam
833 2470 985 2505 habebat,
996 2469 1075 2498 fides

1364 2427 1439 2457 Hac
1463 2427 1533 2467 lege
1547 2428 1675 2465 fiducia
1702 2428 1793 2459 bono-

1119 2480 1191 2499 rum
1218 2471 1368 2500 debitoris
1393 2470 1465 2500 loco
1493 2471 1700 2509 possessionis
1728 2481 1795 2502 cor-

401 2513 451 2543 vix
476 2514 625 2543 habenda
649 2516 741 2549 esset,
766 2512 926 2543 Samnites
949 2511 1075 2540 obsides

399 2556 522 2585 dandos
545 2559 577 2585 et
600 2555 793 2594 praesidium
811 2554 843 2583 in
860 2555 931 2583 loca
951 2553 1077 2583 munita

399 2598 624 2636 accipiendum
635 2596 818 2627 Tarentinis
828 2596 1076 2635 imperaverunt.

444 2650 460 2670 τ,
487 2641 579 2676 Quod
592 2641 675 2671 necti
691 2640 871 2676 desierunt]
898 2638 964 2669 h.e.
977 2638 1076 2673 Quod

400 2683 560 2713 debitores
582 2681 791 2712 creditoribus
814 2691 926 2720 operas
949 2690 1021 2710 suas
1044 2679 1077 2709 in

400 2725 587 2754 servitutem
603 2735 667 2754 uon
683 2723 825 2763 amplius
840 2724 970 2753 dabant.

445 2777 462 2805 3
478 2769 521 2797 M
522 2771 646 2797 uratum
659 2772 765 2797 autem
778 2767 845 2803 ius]
866 2766 985 2805 Legem
995 2765 1075 2795 Poe-

400 2809 522 2845 teliam,
545 2809 611 2838 sive
636 2808 814 2845 Petilliam,
831 2818 915 2847 supr.
941 2817 991 2846 23,
1013 2818 1076 2846 qua

400 2851 483 2879 necti
501 2851 662 2880 ‹lesielunt
680 2851 833 2887 Romani,
845 2861 865 2880 a
877 2851 914 2881 C.
928 2849 1075 2880 Poetelio

400 2901 450 2920 an.
469 2901 539 2928 440.
559 2893 601 2922 U.
619 2894 656 2923 C.
675 2893 830 2922 dictatore
854 2893 954 2922 latam
978 2892 1074 2922 fuisse

400 2932 561 2962 existimat
580 2933 715 2963 Niebhr.
737 2938 808 2972 post
832 2935 956 2964 cladem
971 2934 1071 2965 illam

1116 2513 1205 2550 poris
1220 2511 1432 2543 substituitur.

1167 2565 1186 2591 4
1211 2555 1244 2584 C.
1263 2555 1444 2592 Publilius]
1475 2554 1573 2585 Dion.
1596 2555 1661 2586 xvi.
1678 2555 1697 2586 8
1716 2559 1748 2585 et
1763 2565 1794 2597 9.

1121 2599 1153 2625 et
1170 2596 1245 2626 Val.
1271 2597 1362 2626 Max,
1385 2596 1423 2627 vi.
1449 2606 1474 2627 1.
1500 2601 1642 2635 narrant,
1668 2601 1795 2636 patrem

1121 2638 1334 2668 adolescentis
1355 2638 1388 2668 in
1411 2648 1486 2678 agro
1507 2639 1690 2670 Samnitum
1711 2640 1794 2670 mili-⁷

1121 2684 1215 2718 tasso,
1247 2684 1279 2711 et
1308 2684 1379 2720 post
1410 2681 1534 2711 cladem
1563 2682 1605 2711 ad
1630 2682 1796 2713 Caudinas

1121 2723 1241 2752 Furcas
1256 2727 1425 2762 acceptam
1445 2724 1598 2763 angustiis
1619 2724 1665 2754 rei
1685 2725 1794 2755 dome-

1120 2765 1220 2795 sticae
1233 2775 1420 2804 oppressum
1433 2766 1547 2796 fuisse:
1569 2776 1687 2797 nomen
1699 2767 1728 2797 ei
1739 2766 1793 2797 Ti-

1120 2811 1189 2837 tum
1209 2808 1380 2838 Veturium
1404 2808 1502 2839 fuisse
1521 2809 1596 2839 Val.
1613 2809 1704 2839 Max.
1721 2807 1793 2838 scri-

1120 2850 1178 2886 bit,
1190 2851 1277 2888 apud
1295 2861 1390 2889 quem
1405 2852 1438 2881 C.
1450 2852 1593 2881 Plotium
1609 2861 1666 2890 pro
1678 2852 1715 2881 L.
1726 2851 1791 2880 Pa-

1116 2894 1214 2931 pirio,
1230 2903 1281 2931 ap.
1305 2893 1401 2923 Dion.
1426 2897 1535 2923 autc-ln
1558 2893 1593 2923 C.
1609 2893 1792 2923 Laetorium

1119 2935 1284 2965 habemus.
