1934 3211
592 178 717 220 LIB.
751 177 805 218 V.
853 178 1003 219 CAP.
1041 182 1105 218 10.
1472 181 1556 221 299

158 276 170 295 ‘
184 285 299 312 rere:
333 279 376 311 et
402 268 587 325 collegae
609 277 682 309 aut
708 267 876 317 facient,
899 267 1015 323 quod
1036 277 1180 308 censet
1207 276 1390 316 senatus,
1413 276 1498 317 aut,
1522 268 1555 309 si
1572 277 1616 309 U.
1633 276 1672 308 C.
1692 283 1764 314 353-

157 333 170 352 ‘
185 327 441 383 pertinacius
468 325 659 375 tendent,
685 325 936 366 dictatorem
964 324 1179 380 extemplo
1210 324 1362 374 dicam,
1385 325 1461 380 qui
1487 340 1559 365 eos
1572 321 1611 351 A.
1636 320 1674 350 C.
1693 327 1764 358 399·

158 391 170 408 ‘
185 383 299 424 abire
321 383 567 439 magistratu
583 383 730 439 cogat.’
794 381 941 430 Quum
963 382 1152 422 omnium
1176 396 1347 422 assensu
1368 396 1561 437 compro-

154 442 254 482 bata
292 441 425 482 oratio
463 449 585 489 esset,
621 439 942 496 gauderentque
983 439 1142 488 Patres,
1182 439 1271 480 sine
1311 438 1561 480 tribuniciae

154 498 373 554 potestatis
404 497 611 538 terriculis
638 497 854 538 inventam
885 511 973 537 esse
1006 496 1128 537 aliam
1158 496 1245 536 vim
1276 496 1478 537 maiorem
1510 495 1564 536 ad

157 555 412 596 coercendos
453 555 743 610 magistratus;
785 553 886 595 vieti
922 568 1132 595 consensu
1161 553 1353 594 omnium
1393 552 1564 594 comitia

157 612 425 653 tribunorum
472 612 655 652 militum
695 611 894 660 habuere,
937 611 1011 666 qui
1054 610 1262 651 Kalendis
1306 609 1564 651 Octobribus

156 669 447 725 magistratum
472 669 737 725 occiperent:
772 683 901 724 seque
931 676 1028 709 ante
1060 683 1154 708 eam
1175 667 1290 708 diem
1319 667 1564 723 magistratu

158 726 418 768 abdicavere.

125 796 146 827 9
216 783 266 825 L.
286 783 460 827 Valerio
495 783 639 824 Potito
675 791 887 839 quartum,
923 782 985 823 M.
1011 782 1139 823 Furio
1178 781 1360 823 Camillo
1395 782 1563 830 iterum,
1651 783 1718 821 10.

159 840 234 882 M’.
265 841 452 882 Aemilio
504 840 770 881 Mamercino
820 840 1007 889 tertium,
1057 838 1138 880 Cn.
1173 838 1376 880 Cornelio
1431 838 1564 879 Cosso
1581 838 1770 878 00354-

158 899 328 947 iterum,
357 898 412 939 K.
433 897 562 938 Fabio
585 898 810 947 Ambusto,
841 897 890 938 L.
910 896 1021 938 Iulio
1046 896 1154 946 Iulo,
1179 897 1357 938 tribunis
1382 881 1771 954 mintumssfilgg}

160 955 368 997 consulari
400 963 620 1011 potestate,
653 954 786 995 multa
815 954 931 996 domi
964 953 1225 1010 militiaeque
1288 963 1386 995 esta.
1451 952 1564 993 Nam
1581 948 1786 997 IV.etc.'rr.

161 1021 205 1054 et
228 1011 387 1053 bellum
418 1011 541 1052 multi
556 1011 643 1053 ilex
673 1011 755 1052 fuit
784 1011 935 1053 eodem
966 1020 1170 1067 tempore,
1193 1011 1248 1052 ad
1294 1010 1411 1060 ⁷eios,
1438 1019 1482 1051 et
1512 1010 1565 1051 ad
1580 1009 1652 1040 Mil.

165 1068 399 1125 Capenam,
429 1078 472 1110 et
503 1084 526 1109 a
583 1068 779 1118 Falerios,
803 1078 846 1110 et
875 1070 921 1110 in
941 1069 1122 1118 Volscis,
1153 1077 1200 1109 ut
1222 1068 1378 1109 Anxur
1407 1068 1459 1108 ab
1490 1067 1567 1108 ho-

162 1127 294 1167 stibus
325 1135 668 1182 recuperaretur:
703 1134 747 1167 et
772 1126 935 1168 Romae
968 1125 1092 1166 simul
1123 1125 1305 1175 delectu,
1336 1124 1460 1166 simul
1492 1124 1566 1165 tri-

161 1184 266 1224 buto
307 1183 577 1233 conferendo,
615 1183 850 1225 laboratum
892 1192 978 1224 est:
1028 1191 1069 1224 et
1110 1182 1163 1224 de
1206 1183 1385 1224 tribuniS
1424 1182 1565 1238 plebei

162 1240 411 1296 cooptandis
447 1241 665 1282 contentio
696 1241 801 1282 fuit:
842 1248 884 1282 et
918 1240 1033 1281 haud
1068 1255 1244 1296 parvum
1281 1248 1444 1280 motum
1480 1239 1566 1280 duo

163 1297 322 1338 iudicia
342 1313 502 1348 eorum,
525 1299 599 1353 qui
624 1297 766 1354 paullo
791 1307 888 1339 ante
917 1297 1127 1339 consulari
1152 1305 1360 1353 potestate
1385 1296 1566 1346 fuerant,

164 1355 370 1396 excivere.
449 1355 656 1396 Omnium
696 1355 879 1411 primum
921 1355 1100 1395 tribunis
1141 1354 1323 1395 militum
1364 1353 1456 1402 fuit,
1494 1353 1568 1394 de-

165 1411 323 1454 lectum
344 1412 518 1461 haberi3
552 1427 631 1453 nec
657 1412 842 1453 iuniores
868 1412 995 1453 modo
1024 1411 1264 1467 conscripti,
1287 1410 1363 1451 sed
1384 1410 1569 1451 seniores

165 1470 293 1510 etiam
330 1470 464 1510 coacti
505 1470 678 1510 nomina
712 1469 824 1519 dare,
862 1477 910 1510 ut
950 1469 1065 1509 urbis
1105 1468 1340 1509 custodiam
1381 1475 1566 1523 agerent.

169 1526 391 1574 Quantum
413 1534 554 1567 autem
576 1527 808 1582 augebatur
829 1525 1010 1566 militum
1035 1539 1249 1574 numerus,
1273 1532 1392 1566 tanto
1413 1524 1569 1565 maiore
1584 1536 1757 1568 Tributum

166 1584 348 1639 pecunia
377 1584 421 1624 in
452 1583 710 1640 stipendium
742 1598 847 1639 opus
877 1592 991 1624 erat:
1025 1597 1160 1638 eaque
1192 1582 1351 1623 tributo
1382 1581 1571 1623 confere·
1583 1590 1678 1619 aegre
1694 1580 1756 1610 col-

166 1642 300 1691 batur,
335 1641 477 1682 invitis
517 1640 844 1689 conferentibus,
880 1640 955 1696 qui
990 1639 1105 1681 domi
1146 1639 1434 1689 remanebant,
1473 1639 1573 1695 quia
1586 1623 1698 1653 latum.

166 1698 382 1739 tuentibus
415 1698 562 1739 urbem
596 1713 724 1754 opera
756 1712 927 1754 quoque
962 1697 1132 1738 militari
1166 1696 1456 1746 laborandum,
1486 1711 1572 1737 ser-

164 1754 453 1811 viendumque
495 1755 751 1811 reipublicae
789 1763 889 1796 erat.
954 1753 1074 1796 Haec
1115 1769 1191 1810 per
1231 1769 1274 1795 se
1315 1754 1469 1810 gravia,
1507 1754 1573 1794 in-

165 1812 361 1868 digniora
395 1822 443 1854 ut
470 1812 728 1862 viderentur,
763 1812 922 1853 tribuni
953 1811 1089 1867 plebis
1120 1811 1329 1853 seditiosis
1357 1811 1573 1852 concioni-

166 1870 245 1910 bus
269 1869 506 1918 faciebant3
541 1870 665 1911 ‘ideo
696 1885 793 1911 aera
822 1869 1026 1910 militibus
1057 1869 1285 1910 constituta
1313 1869 1420 1909 esse’
1450 1883 1574 1924 argu-

167 1926 292 1977 endo,
317 1932 328 1950 ‘
342 1936 390 1968 ut
409 1927 545 1983 plebis
566 1935 729 1982 partem
751 1927 912 1975 militia,
935 1935 1099 1982 partem
1122 1926 1279 1967 tributo
1300 1926 1571 1967 conficerent.

142 2000 152 2020 1
170 1989 181 2008 ‘
199 1983 347 2025 Unum
369 1984 528 2025 bellum
550 1999 709 2024 annum
736 1984 819 2024 iam
841 1983 1012 2023 tertium
1036 1983 1157 2032 trabi,
1181 1992 1223 2024 et
1248 1983 1439 2023 consulto
1465 1983 1573 2024 male

170 2046 182 2065 ‘
227 2041 300 2089 eri,
335 2050 383 2081 ut
415 2041 575 2081 diutius
610 2048 768 2095 gerant.
833 2039 884 2079 In
918 2047 1118 2094 quattuor
1150 2039 1305 2079 deinde
1342 2039 1453 2080 bella
1487 2055 1573 2080 uno

172 2056 370 2138 ‘Fdelectu
410 2097 621 2138 exercitus
657 2097 844 2152 scriptos,
880 2105 922 2136 et
963 2110 1116 2151 pueros
1153 2111 1322 2150 quoque
1365 2111 1412 2136 ac
1453 2111 1575 2137 senes

173 2159 420 2195 ‘extractos
485 2153 573 2194 Iam
607 2169 692 2193 non
723 2152 890 2193 aestatis
921 2167 999 2193 nce
1029 2152 1180 2193 hiemis
1211 2152 1438 2193 discrimen
1470 2168 1573 2201 esse,

173 2217 184 2234 ‘
201 2226 254 2251 ne
277 2210 362 2251 ulla
383 2211 503 2266 quies
525 2225 711 2266 unquam
736 2210 909 2250 miserae
932 2209 1045 2265 plebi
1067 2209 1144 2249 sit:
1180 2224 1287 2264 quae
1311 2224 1425 2250 nunc
1447 2210 1573 2250 ctiam

173 2274 185 2292 ‘
202 2267 417 2321 vectigalis
438 2268 490 2308 ad
515 2268 707 2308 ultimum
731 2267 840 2308 facta
860 2267 911 2307 sit
929 2283 938 2314 3
967 2275 1026 2315 ut,
1050 2281 1182 2322 quum
1204 2266 1396 2306 confecta
1417 2266 1572 2316 labore,

174 2331 184 2349 ‘
200 2325 456 2374 vulneribus,
481 2334 693 2381 postremo
715 2333 850 2366 aetate
873 2339 945 2365 cor
961 2339 1049 2365 iora
1073 2323 1307 2372 retulerint,
1331 2323 1573 2379 incultaque

143 2401 159 2422 2
175 2388 186 2406 ‘
203 2383 346 2424 omnia
369 2382 537 2423 diutino
559 2382 827 2423 dominorum
851 2339 1059 2423 desiderio
1084 2381 1198 2421 domi
1226 2381 1478 2430 invenerint,
1502 2381 1576 2421 tri-

209 2495 710 2535 9(.'umi!!oiter11mlDeleudum
721 2495 852 2524 esseite-
899 2494 971 2523 «lem
998 2492 1113 2523 mirum
1141 2491 1235 2521 videri
1263 2496 1379 2531 potest,
1398 2502 1496 2530 qutun
1522 2492 1574 2522 tri-

174 2548 259 2571 rnm,
275 2536 426 2575 quonium
444 2537 625 2566 tribunatus
642 2537 696 2566 ille
712 2547 763 2566 un.
783 2545 852 2575 352.
901 2535 988 2570 huni,
1004 2546 1084 2573 quos
1102 2535 1269 2573 loquentes
1284 2534 1362 2564 sui-it
1383 2534 1503 2569 Livius,
1519 2545 1574 2565 au-

180 2579 222 2610 U.
234 2579 271 2608 C.
291 2578 396 2617 potius
413 2589 545 2609 censura
563 2584 643 2612 erat,
657 2579 854 2617 llurgbesius
897 2588 970 2614 gere
988 2577 1093 2616 potius
1108 2577 1245 2606 dicendo
1263 2586 1341 2612 reni,
1357 2587 1453 2614 quum
1472 2577 1574 2607 miuu-

177 2621 208 2650 in
230 2620 355 2656 meu.
377 2620 462 2651 Fiunt.
480 2620 590 2659 Cupit.
607 2626 737 2651 censet:
768 2621 852 2650 idem
899 2630 951 2649 ere
967 2619 1146 2649 debuerint.
1197 2619 1270 2648 Non
1291 2629 1365 2655 ergo
1389 2618 1456 2648 sine
1479 2629 1576 2649 caum

176 2673 251 2692 mox
279 2672 334 2700 pru
351 2663 444 2692 (buxo
462 2663 590 2699 ilerum,
606 2663 699 2692 Uosm
722 2664 852 2693 tertium
898 2662 1082 2691 Glareanus
1110 2662 1237 2690 volebat
1269 2661 1328 2698 legi
1357 2671 1481 2691 (ninum
1512 2663 1575 2692 iam

178 2704 348 2741 legendnm
367 2704 491 2734 nuzulct.
897 2705 1056 2743 qutiulum.
1082 2704 1187 2733 (jul-zv.

226 2756 234 2776 ι
265 2749 397 2776 Annum
423 2748 484 2775 ιἰιηι
509 2747 655 2784 tertium]
687 2746 849 2781 Quintum
941 2755 956 2775 2
985 2747 1167 2782 Desidet-inl
1199 2744 1373 2782 Eleganter
1390 2756 1446 2785 pro
1462 2747 1573 2777 absen-

179 2789 240 2818 inm
267 2798 387 2818 nnnum
413 2788 532 2817 Veiens«
557 2788 677 2817 bellum
705 2789 850 2818 durabat.
897 2787 953 2821 tiu,
970 2787 1045 2826 quin
1069 2788 1218 2817 ubst-ntes
1236 2787 1356 2818 (lumini
1382 2789 1421 2819 ml
1448 2799 1496 2818 res
1519 2790 1572 2819 ‹lo-

182 2831 303 2861 Verum
330 2830 381 2860 hic
406 2830 595 2860 munerandi
613 2829 739 2860 initium
757 2829 852 2859 numi-
899 2829 1047 2859 mentimu-
1068 2829 1340 2861 iulminiutrundns
1362 2840 1381 2861 u
1404 2830 1470 2862 suis
1490 2831 1573 2863 desi-

179 2877 231 2902 tur
244 2873 285 2902 ub
302 2884 340 2902 eu
355 2883 453 2908 nuno,
465 2883 529 2911 quo
546 2872 754 2902 biberuuculu
769 2872 853 2902 circu
897 2872 1057 2903 (letantur.
1085 2872 1193 2903 Dona.

183 2914 281 2946 Veios
304 2915 465 2945 aedificari
490 2919 614 2954 coeptu.
662 2915 760 2950 Quod
785 2914 852 2953 qui-
