1934 3211
615 223 1037 266 PRAEFATIO.
1485 227 1541 267 vii

137 332 300 380 faciles
325 332 590 380 inventutis
614 333 761 380 animi
785 333 1088 389 luderentur,
1105 332 1355 396 reliquisse
1381 335 1544 382 existi-

137 414 312 456 metur.
399 409 505 456 Imo
553 425 683 457 nunc
733 409 941 472 vestigiis
987 409 1254 457 Annalium
1300 410 1543 466 insistens,

137 502 267 533 nunc
309 473 396 550 per
437 485 726 534 latissimum
768 485 978 533 liberalis
1022 486 1273 534 doctrinae
1316 503 1542 550 campum

135 562 312 610 mentis
348 562 503 610 aciem
541 563 589 609 in
627 579 796 610 omnes
820 569 984 626 partes
1019 562 1297 620 intendens,
1325 564 1543 611 membra

138 639 368 702 Veritatis
411 639 612 687 disiecta
653 639 733 703 pia
775 644 824 686 et
866 639 1092 702 religiosa
1137 656 1288 687 manu
1329 640 1541 702 collegit,

136 721 301 779 atque,
325 722 381 764 ut
404 717 552 764 verba
575 716 724 780 ipsius
748 717 993 779 loquentis
1019 717 1242 773 referam,
1269 718 1540 764 eburneum

134 793 237 857 ipse
251 793 511 841 humerum
530 794 730 850 addidit,
747 810 845 858 quo
864 795 1017 858 magis
1034 794 1242 858 effigiem
1259 795 1434 842 veteris
1451 795 1541 842 rei-

134 869 371 934 publicae,
397 871 458 918 ad
484 871 646 918 vivum
672 887 971 935 expressam,
991 872 1052 920 ob
1080 872 1249 920 oculos
1274 872 1541 935 legentium

135 954 354 1011 poneret.
411 949 557 1002 Quod
577 955 632 996 ut
652 949 960 1013 aliquatenus
984 966 1072 1014 pro
1098 956 1235 1014 parte
1260 967 1371 998 mea
1389 951 1542 1006 fieret,

135 1025 478 1073 annotationes
535 1026 639 1074 illas
697 1027 1022 1091 interpretum
1081 1027 1356 1085 doctorum,
1417 1044 1542 1091 quae

134 1102 296 1166 potius
325 1102 386 1149 ad
422 1119 498 1150 res
534 1109 769 1161 narratas,
796 1120 941 1167 quam
980 1105 1043 1152 ad
1074 1105 1310 1153 lectiones
1343 1105 1543 1152 inusita-

133 1179 281 1226 tiores
316 1186 555 1244 spectent,
587 1181 822 1244 excerpsi,
849 1187 897 1227 et
934 1197 1045 1227 cum
1082 1182 1218 1228 novis
1250 1181 1540 1244 quibusdam

134 1272 223 1319 pro
250 1254 506 1304 occasione
532 1257 741 1304 breviter
766 1257 968 1304 intexui.

205 1333 391 1381 Vereor
437 1333 680 1396 equidem,
722 1350 783 1380 ne
820 1333 937 1380 mihi
980 1335 1228 1381 interdum
1272 1334 1543 1381 irascantur

137 1410 297 1458 Latini
335 1411 572 1458 sermonis
605 1410 772 1465 critici,
802 1410 933 1473 quod
970 1410 1103 1458 locos
1141 1410 1379 1473 quosdam
1412 1412 1542 1474 apud

134 1495 356 1535 nostrum
381 1489 652 1535 salebrosos
677 1487 976 1551 neglexerim
998 1503 1008 1533 τ
1047 1503 1170 1550 quos
1195 1495 1360 1535 tamen
1386 1493 1440 1534 ut
1465 1504 1543 1535 ac-

135 1565 346 1613 curatius
379 1566 691 1630 explicarem,
716 1565 839 1613 ratio
864 1581 1063 1629 prorsus
1095 1565 1188 1612 alia
1214 1581 1389 1629 operae
1421 1571 1544 1613 tem-

133 1642 378 1706 porisque,
421 1659 567 1707 quam
611 1660 736 1707 quae
784 1643 1036 1707 proposito
1083 1659 1194 1690 meo
1242 1643 1543 1700 conveniret,

133 1720 348 1768 ineunda
372 1719 511 1768 foret.
585 1720 714 1768 Illud
746 1726 912 1767 tamen
938 1720 1144 1768 lectores
1170 1736 1306 1768 meos
1331 1720 1543 1769 monitos

132 1797 295 1854 velim,
328 1798 470 1862 plura
505 1798 632 1862 apud
670 1803 892 1846 nostrum
930 1797 1149 1854 inveniri,
1183 1815 1307 1861 quae
1345 1814 1442 1845 non
1481 1798 1542 1845 de

135 1874 321 1923 Latinis
375 1875 591 1923 fontibus
645 1876 866 1932 derivari,
924 1875 1007 1923 sed
1066 1876 1310 1923 Graecum
1363 1875 1544 1938 aliquid

133 1968 302 2016 sapere
321 1952 563 2010 videntur,
584 1960 632 2001 et
651 1970 793 2018 quae,
815 1959 870 2001 ut
897 1953 1053 2000 verbis
1075 1953 1390 2007 Quinctiliani
1416 1959 1541 2009 utar,

133 2035 280 2078 “non
319 2031 589 2079 orationem
617 2031 909 2088 Romanam,
939 2031 1025 2079 sed
1061 2031 1255 2079 civitate
1283 2031 1542 2079 donatam'‘

133 2107 382 2163 referunt;
423 2115 570 2172 atque
613 2108 734 2156 haec
779 2125 855 2156 res
893 2108 1012 2155 mihi
1055 2109 1267 2155 maxime
1305 2109 1354 2154 in
1398 2124 1544 2155 causa

132 2184 278 2232 fuisse
315 2185 522 2242 videtur,
559 2202 645 2233 cur
682 2187 977 2233 Patavinitas
1017 2186 1109 2233 ista
1147 2191 1313 2233 nostro
1351 2185 1542 2232 obiecta

132 2261 290 2318 fuerit,
327 2269 377 2310 et
403 2262 617 2310 Velleius
649 2263 895 2326 ceterique
924 2262 1237 2310 historiarum
1275 2263 1538 2326 scriptores

136 2339 326 2387 Livium
369 2341 588 2404 quamvis
637 2340 1088 2404 eloquentissimum
1133 2340 1454 2394 deseruerint,
1495 2346 1543 2386 et

136 2423 291 2465 “sese
351 2419 572 2466 certatim
633 2419 694 2466 ad
749 2419 1033 2467 Sallustium
1087 2417 1377 2464 imitandum
1429 2433 1544 2464 con-

136 2494 420 2542 tulerint*.’'

206 2571 283 2618 Ne
331 2577 494 2619 tamen
544 2573 724 2621 diutius
771 2580 835 2629 tc,
886 2572 1072 2620 erudite
1125 2572 1318 2626 Lector,
1368 2586 1543 2626 morer,

137 2649 479 2697 annotationes
499 2666 648 2707 meas,
669 2651 705 2698 si
727 2650 860 2697 nulla
878 2649 972 2697 alia
995 2666 1062 2704 rc,
1084 2653 1214 2696 certe
1234 2648 1327 2693 hoc
1349 2647 1544 2694 nominc

136 2723 267 2772 haud
309 2726 521 2788 ingratas
558 2727 643 2774 tibi
681 2727 866 2774 futuras
909 2742 1068 2790 spem,
1106 2725 1238 2787 quod
1278 2724 1322 2770 in
1370 2724 1544 2771 Latino

282 2890 299 2909 ⁸
329 2888 383 2923 Cf.
406 2889 606 2924 Ruhnkcnii
632 2890 742 2924 l'racl'.
763 2890 806 2924 ml
827 2892 868 2923 (“.
894 2889 1018 2924 velleii
1043 2889 1219 2925 Paterculi
1239 2890 1413 2925 historias.
