1934 3211
153 281 199 354 E
217 279 255 355 g
273 290 345 363 ἓξ.
374 289 528 333 magno
549 277 731 320 consulis
752 277 928 320 decore:
962 280 1105 336 itaque
1128 279 1366 345 triumphus
1391 287 1581 344 negatur.

154 624 354 665 Duplicatus
372 630 522 677 coepta
554 623 605 662 ab
646 622 902 677 duplicando
937 631 1206 678 quaestorum
1242 637 1431 663 numero.

375 187 457 226 268
893 186 1043 229 ΤΙΤΙ
1085 187 1265 230 LIVII

1647 278 1776 320 Cete-

373 348 467 374 rum
489 335 542 376 ob
567 334 895 392 Sempronianae
917 337 1047 378 cladis
1066 338 1278 379 levatam
1267 337 1556 393 lgnominiam,
1579 344 1628 378 ut
1648 350 1777 377 ovans

373 391 522 432 urbem
543 392 730 443 intraret,
753 408 999 435 concessum
1022 403 1097 436 est.

435 425 809 497 Quemadmodum
830 452 989 492 bellum
1007 453 1182 502 minore,
1199 468 1326 508 quam
1340 452 1581 501 timuerant,
1599 451 1775 492 dimica-

373 506 488 548 tione
518 516 607 548 erat
633 508 894 573 perfectum,
905 509 963 549 sic
990 510 1034 549 in
1055 511 1158 550 urbe
1187 525 1241 550 ex
1267 509 1494 564 tranquillo
1522 508 1776 564 necopinata

372 563 503 605 moles
544 565 848 606 discordiarum
885 566 995 606 inter
1034 566 1203 621 plebem
1239 581 1287 606 ac
1323 566 1471 607 Patres
1512 574 1658 608 exorta
1697 573 1774 616 est,

1498 622 1640 670 Quam
1669 637 1773 672 rem,

152 672 358 707 quaestorum
372 678 451 735 (ut,
483 687 649 735 praeter
683 679 788 719 duos
819 680 1000 720 urbanos
1031 687 1286 735 quaestores,
1319 679 1405 720 duo
1441 679 1685 720 consulibus
1721 679 1807 725 adg

152 721 230 741 num
234 721 314 742 el'US.

371 736 601 777 ministeria
623 735 723 776 belli
744 745 908 791 praesto
931 745 1068 778 essent
1070 743 1105 792 ,)
1127 752 1151 777 a
1171 736 1412 777 consulibus
1433 736 1619 786 relatam,
1642 751 1776 792 quum

371 801 414 833 et
433 793 580 834 Patres
596 808 760 833 summa
781 808 859 849 ope
877 794 1190 850 approbassent,
1209 793 1450 835 consulibus
1467 793 1625 835 tribuni
1639 792 1775 849 plebis

370 858 582 891 certamen
601 850 849 900 intulerunt,
867 860 915 892 ut
934 866 1030 907 pars
1044 859 1315 908 quaestorum
1329 850 1447 906 (nam
1469 850 1522 892 ad
1543 850 1589 891 id
1609 858 1774 907 tempus
1786 872 1806 903 9

369 907 534 963 patricii
556 922 600 948 01
603 916 684 948 eati
708 908 848 964 erant)
869 924 923 950 ex
944 908 1067 965 plebe
1090 909 1221 950 fieret.
1286 909 1502 950 Adversus
1523 923 1652 964 quam
1672 908 1775 949 acti-

370 979 495 1005 onem
517 965 653 1020 primo
675 974 717 1006 et
738 966 929 1007 consules
951 975 993 1007 et
1014 966 1162 1007 Patres
1192 981 1356 1007 summa
1383 981 1463 1022 ope
1485 966 1622 1006 annisi
1650 973 1770 1006 sunt:

369 1022 644 1063 concedendo
670 1022 839 1073 deinde,
862 1032 923 1073 ut,
954 1023 1352 1089 quemadmodum
1342 1039 1387 1064 1n
1420 1023 1599 1064 tribunis
1624 1037 1775 1064 consu-

369 1079 444 1119 lari
477 1087 683 1135 potestate
716 1081 908 1121 creandis
939 1082 1003 1122 usi
1034 1090 1144 1131 sunt,
1177 1081 1365 1137 adaeque
1396 1081 1442 1121 111
1483 1080 1775 1137 quaestoribus

369 1136 549 1177 liberum
580 1146 689 1179 esset
719 1138 937 1179 arbitrium
967 1139 1127 1195 populi,
1160 1153 1294 1194 quum
1323 1153 1474 1194 parum
1503 1138 1772 1194 proficerent,

370 1202 499 1235 totam
521 1209 610 1235 rem
632 1194 685 1235 de
708 1195 904 1251 augendo
926 1204 1198 1251 quaestorum
1219 1210 1398 1236 numero
1415 1195 1628 1236 omittunt.
1683 1194 1774 1236 Ex-

370 1251 534 1316 cipiunt
568 1252 763 1293 omissam
763 1230 968 1302 otribuni,
1002 1253 1192 1309 aliaeque
1227 1253 1420 1302 subinde,
1453 1253 1564 1293 inter
1594 1267 1698 1308 quas
1730 1259 1775 1293 et

371 1309 552 1364 agrariae
584 1309 701 1365 legis,
728 1310 950 1351 seditiosae
983 1311 1170 1351 actiones
1200 1310 1431 1352 exsistunt.
1465 1317 1639 1366 propter
1667 1323 1773 1365 quos

370 1375 508 1406 motus
525 1382 657 1422 quum
679 1375 846 1408 senatus
868 1368 1073 1417 consules,
1089 1383 1218 1424 quam
1235 1368 1438 1417 tribunos,
1462 1382 1594 1408 crearl
1615 1366 1771 1417 mallet,

369 1438 509 1478 neque
524 1433 665 1479 posset
680 1440 756 1481 per
768 1425 1088 1466 intercessiones
1103 1425 1347 1466 tribunicias
1361 1423 1773 1466 senatusconsultum

369 1480 486 1520 fieri·
477 1512 486 1528 ,
520 1482 755 1536 respublica
776 1498 800 1523 a
816 1482 1059 1523 consulibus
1081 1482 1135 1523 ad
1155 1483 1459 1538 interregnum,
1481 1497 1622 1538 neque
1644 1481 1720 1522 id
1705 1496 1775 1546 ip-

370 1552 462 1578 sum
480 1537 598 1592 (nam
613 1539 723 1580 coire
737 1540 933 1595 patricios
948 1540 1107 1581 tribuni
1124 1540 1427 1604 prohibebant)
1441 1539 1529 1580 sine
1543 1538 1772 1580 certamine

370 1595 544 1650 ingenti,
582 1595 702 1636 redit.
769 1596 915 1644 Quum
951 1612 1045 1653 pars
1081 1598 1214 1637 maior
1253 1597 1518 1652 insequentis
1557 1596 1658 1637 anni
1696 1610 1774 1652 per

370 1667 451 1692 nov
455 1667 499 1692 os
521 1653 710 1694 tribunos
732 1653 846 1708 plebi
867 1663 908 1694 et
931 1654 1093 1709 aliquot
1120 1654 1352 1710 interreges
1377 1654 1676 1695 certaminibus
1697 1668 1774 1694 ex-

371 1718 502 1750 tracta
522 1719 641 1759 esset,
665 1710 792 1751 modo
813 1710 1136 1766 prohibentibus
1158 1711 1336 1751 tribunis
1357 1711 1554 1767 patricios
1583 1710 1695 1751 coire
1717 1710 1772 1750 ad

370 1767 635 1821 prodendum
658 1768 925 1823 interregem,
949 1768 1075 1808 modo
1105 1768 1357 1822 interregem
1392 1767 1770 1823 interpellantibus,

370 1838 423 1864 ne
446 1824 857 1865 senatusconsultum
885 1824 938 1865 de
961 1825 1141 1866 comitiis
1169 1825 1458 1866 consularibus
1483 1824 1663 1874 faceret3
1694 1839 1772 1880 po—

369 1889 524 1921 stremo
559 1881 607 1922 L.
633 1882 827 1937 Papirius
869 1881 1146 1937 Blugillanus,
1181 1882 1372 1937 proditus
1412 1882 1612 1931 interrex,
1650 1882 1773 1922 casti-

368 1939 507 1993 gando
536 1954 650 1979 nunc
682 1939 841 1988 Patres,
871 1954 985 1980 nunc
1018 1939 1207 1979 tribunos
1227 1938 1355 1995 plebi,
1385 1939 1620 1979 ‘desertam
1646 1939 1772 1980 omis-

371 2001 381 2017 ‘
370 2011 570 2075 samque
602 1996 653 2036 ab
684 1996 926 2037 hominibus
954 1996 1272 2051 rempublicam,
1302 1996 1479 2037 deorum
1506 1995 1773 2052 providentia

370 2057 484 2093 (0111
473 2068 580 2117 aque
618 2054 864 2109 exceptam,
897 2054 1169 2103 memorabat,
1208 2059 1220 2077 ‘
1234 2053 1486 2094 Veientibus
1521 2053 1698 2094 indutiis
1728 2061 1772 2094 et

370 2115 381 2133 ‘
395 2111 662 2151 cunctatione
686 2110 937 2175 Aequorum
960 2118 1079 2152 stare.
1146 2110 1274 2151 Unde
1296 2111 1330 2151 si
1352 2110 1456 2166 quid
1478 2110 1668 2166 increpet
1687 2119 1772 2152 ter-

370 2168 517 2232 (10115,
542 2167 631 2208 sine
663 2168 852 2232 patricio·
875 2168 1122 2224 magistratu
1156 2167 1322 2223 placere
1360 2167 1663 2224 rempublicam
1693 2183 1772 2234 op-

370 2225 546 2280 ‘primi.
537 2225 555 2255 9
596 2240 682 2266 non
716 2225 963 2274 exercitum,
1000 2240 1088 2265 non
1124 2225 1277 2266 ducem
1309 2225 1532 2266 scribendo
1564 2225 1770 2266 exercitui

370 2287 509 2323 ‘.esse
500 2283 517 2312 *Ρ
549 2282 623 2323 An
643 2282 755 2323 bello
777 2282 977 2322 intestino
997 2282 1157 2323 bellum
1179 2290 1402 2323 externum
1423 2281 1762 2338 propulsaturos.
1752 2283 1770 2313 Ῥ

370 2344 382 2361 (
399 2338 520 2387 Quae
552 2340 585 2380 si
621 2339 666 2381 in
697 2354 832 2381 unum
862 2339 1128 2389 conveniant,
1160 2339 1231 2381 vix
1262 2339 1440 2380 deorum
1470 2339 1632 2395 opibUS,
1665 2339 1769 2395 quin

410 2491 428 2520 8
457 2491 510 2527 Ut,
530 2494 661 2529 praeter
683 2490 762 2521 duos
784 2490 925 2520 urbanos
948 2500 1042 2530 qnae—

366 2537 475 2570 stores,
490 2533 554 2563 (Ino
574 2533 774 2570 consulibus]
810 2533 951 2562 Praeter
966 2532 1044 2562 duos

367 2576 507 2605 urbanos
522 2579 715 2615 quaestores,
727 2579 763 2605 ut
775 2575 838 2605 duo
852 2575 1045 2610 consulibus,

368 2627 408 2646 ex
424 2618 551 2647 emend.
570 2617 676 2656 Sigon.
696 2617 729 2647 in
752 2620 879 2646 textum
902 2616 1045 2655 reposuit

370 2659 509 2689 Bekker.
555 2660 628 2689 Hos
644 2669 718 2689 vero
734 2669 834 2689 novos
849 2662 1044 2697 quaestores,

369 2701 423 2739 qui
453 2702 495 2731 ad
531 2702 610 2731 belli
647 2701 824 2731 ministeria
859 2701 1046 2731 consulibus

370 2748 495 2780 praesto
523 2748 639 2781 essent,
665 2748 787 2774 creatos
813 2743 911 2773 fuisse
935 2743 1043 2773 existi-

368 2788 435 2813 mlt
457 2767 667 2821 Niehuhriris,
692 2790 862 2825 propterea
881 2786 968 2824 quod
993 2795 1043 2815 ve—

370 2826 462 2863 ctigil
482 2837 604 2865 possess
591 2828 712 2858 oribus
724 2839 751 2858 a‹
744 2839 789 2868 η’]
804 2828 926 2867 publici
936 2837 1044 2858 rursus

369 2866 555 2906 impositum
583 2870 698 2907 fuerat,
723 2874 760 2900 ut
786 2870 818 2900 in
846 2869 1043 2910 stipendium

1087 2488 1229 2519 militum
1247 2498 1301 2519 aes
1317 2491 1509 2528 erogaretur.
1556 2487 1697 2519 Maximi
1712 2499 1768 2520 au-

1088 2535 1154 2561 tem
1171 2531 1329 2561 momenti
1345 2531 1406 2561 fuit
1423 2530 1522 2570 plebi,
1533 2534 1570 2560 ut
1585 2541 1659 2570 pars
1671 2541 1767 2570 quae-

1089 2577 1210 2604 storum
1235 2584 1274 2604 ex
1298 2573 1363 2603 suis
1386 2574 1489 2611 fieret,
1508 2583 1550 2604 ne
1571 2573 1708 2613 vectigal
1730 2574 1768 2605 il-

1089 2617 1147 2646 lud
1160 2615 1292 2646 nomine
1304 2620 1432 2646 tautum
1444 2615 1632 2656 impositum
1644 2615 1767 2655 fuisset,

1089 2668 1123 2688 re
1147 2669 1221 2688 vera
1244 2668 1309 2688 non
1333 2659 1536 2698 penderetur.
1567 2658 1607 2690 cf.
1630 2658 1767 2690 Niebhr.

1090 2700 1121 2731 ii.
1139 2711 1169 2740 p.
1187 2708 1259 2740 427.
1286 2701 1456 2732 VVachsm.
1473 2711 1505 2740 p.
1524 2707 1594 2740 373.

1131 2753 1150 2784 9
1175 2744 1346 2774 Certamen
1368 2745 1569 2781 intulerunt]
1607 2752 1650 2774 sc.
1668 2743 1766 2781 Rem,

1088 2795 1108 2815 a
1138 2785 1282 2825 patribus
1311 2786 1536 2825 approbatam,
1562 2785 1604 2815 ad
1636 2784 1765 2816 comitia

1088 2827 1210 2858 tributa
1247 2838 1280 2858 se
1316 2829 1474 2858 relaturos
1509 2831 1678 2867 negarunt,
1702 2825 1764 2857 nisi

1089 2880 1162 2911 pars
1178 2874 1384 2910 quaestorum
1401 2880 1441 2901 ex
1456 2870 1555 2914 plebe
1571 2869 1673 2901 fieret¹
