1934 3211
613 131 740 173 LIB.
774 130 830 172 X.
876 131 1020 174 CAP.
1055 137 1121 175 39.
1485 138 1563 176 601

146 223 225 268 9in
256 239 400 266 omnes
426 223 580 280 pariter
609 230 758 278 partes.
822 220 886 262 Ibi
918 237 971 262 ex
999 222 1104 263 libro
1127 231 1268 265 vetere
1299 224 1429 266 linteo
1459 225 1568 266 lecto

152 300 166 321 1
181 282 470 330 sacrificatum,
491 279 704 321 sacerdote
724 278 834 320 Ovio
851 278 995 320 Pactio
1016 279 1213 335 quodam,
1230 280 1399 323 homine
1417 297 1569 338 magno

179 348 296 390 natu,
318 339 391 395 qui
411 353 455 379 se
476 337 521 378 id
541 351 703 378 sacrum
724 345 865 393 petere
891 336 1120 378 affirmabat
1145 352 1198 378 ex
1219 347 1380 380 vetusta
1404 339 1568 380 Samni-

181 397 287 438 tium
310 396 539 452 religione3
572 409 656 451 qua
680 394 893 450 quondam
922 394 984 435 usi
1012 394 1188 436 maiores
1212 410 1355 437 eorum
1380 397 1568 447 fuissent,

150 460 313 511 2quum
341 453 588 496 adimendae
616 451 802 494 Etruscis
826 451 998 508 Capuae
1027 452 1334 494 clandestinum
1363 454 1569 510 cepissent

181 511 412 554 consilium.
497 510 710 553 Sacrificio
753 510 951 566 perfecto,
992 525 1067 566 per
1105 510 1305 552 viatorem
1346 511 1572 567 imperator

181 570 306 612 acciri
350 570 521 611 iubebat
562 568 866 609 nobilissimum
907 583 1118 624 quemque
1159 584 1312 625 genere
1353 569 1569 625 factisque.

184 627 350 684 Singuli
371 627 755 669 introducebantur.
813 625 914 667 Erat
935 641 1066 682 quum
1088 625 1192 667 alius
1213 636 1434 684 apparatus
1454 627 1571 677 sacri,

182 686 256 742 qui
276 685 527 742 perfundere
548 684 750 740 religione
772 684 959 724 animum
980 693 1141 740 posset3
1173 694 1263 725 tum
1285 686 1329 726 in
1350 684 1442 726 loco
1463 685 1575 726 circa

182 744 298 786 omni
326 752 519 785 contecto
547 757 639 783 arae
668 742 712 782 in
741 741 893 791 medio,
916 741 1192 798 victimaeque
1218 743 1328 784 circa
1351 758 1508 792 caesae,
1532 752 1575 784 et

181 802 498 844 circumstantes
532 800 799 842 centuriones
834 799 985 841 strictis
1020 799 1180 856 gladiis.
1256 801 1575 842 Admovebatur

182 859 379 901 altaribus
400 859 530 908 miles,
553 858 683 913 magis
711 868 759 899 ut
779 857 959 907 victima,
981 873 1107 914 quam
1136 867 1182 899 ut
1209 859 1313 900 sacri
1337 859 1570 915 particeps:

181 917 510 974 adigebaturque
533 915 814 965 iureiurando,
837 931 944 972 quae
966 916 1053 957 visa
1077 915 1303 972 auditaque
1332 917 1377 957 in
1405 932 1454 958 eo
1483 916 1574 958 loco

182 985 332 1025 essent,
377 990 464 1016 non
506 974 833 1016 enuntiaturum.
896 972 1010 1015 Dein
1047 974 1182 1015 iurare
1219 975 1446 1030 cogebatur
1483 974 1574 1015 diro

181 1033 365 1090 quodam
396 1032 593 1081 carmine,
620 1032 665 1072 in
698 1031 1027 1073 exsecrationem
1060 1032 1206 1088 capitis
1234 1032 1501 1088 familiaeque
1533 1041 1575 1073 et

181 1091 320 1148 stirpis
352 1090 596 1147 composito,
625 1089 706 1130 nisi
738 1089 836 1130 isset
868 1089 912 1129 in
945 1089 1162 1145 proelium,
1191 1105 1275 1146 quo
1305 1090 1575 1146 imperatores

181 1148 426 1190 duxissent:
461 1157 503 1189 et
531 1148 565 1188 si
594 1156 666 1188 aut
694 1147 781 1204 ipse
811 1162 864 1188 ex
886 1148 972 1188 acie
994 1148 1178 1203 fugisset,
1201 1157 1284 1197 aut,
1307 1148 1340 1189 si
1362 1162 1488 1203 quem
1510 1147 1575 1188 fu-

181 1207 367 1264 gientem
383 1206 566 1255 vidisset,
581 1221 666 1247 non
683 1204 896 1261 extemplo
913 1205 1142 1246 occidisset.
1186 1205 1237 1246 Id
1252 1206 1388 1261 primo
1402 1205 1573 1261 quidam

182 1265 415 1306 abnuentes
428 1265 634 1305 iuraturos
647 1278 703 1313 se,
719 1263 954 1304 obtruncati
968 1263 1077 1304 circa
1091 1263 1233 1304 altaria
1247 1273 1343 1304 sunt
1357 1280 1366 1304 z
1391 1263 1574 1304 iacentes

181 1322 336 1364 deinde
366 1323 475 1364 inter
502 1330 681 1377 stragem
702 1321 963 1362 victimarum
986 1321 1241 1362 documento
1273 1321 1420 1362 ceteris
1443 1321 1572 1370 suere,

182 1395 235 1422 ne
257 1381 501 1422 abnuerent.
563 1379 822 1420 Primoribus
849 1378 1102 1420 Samnitium
1131 1394 1179 1421 ea
1199 1379 1474 1420 detestatione
1501 1379 1574 1420 ob-

152 1439 346 1488 3strictiS,
383 1438 530 1480 decem
566 1437 791 1478 nominatis
827 1437 878 1478 ab
913 1437 1162 1493 imperatore
1199 1437 1397 1487 edictum,
1433 1445 1479 1477 ut
1514 1436 1576 1476 vir

182 1497 318 1538 virum
346 1496 546 1553 legerent,
568 1495 703 1537 donec
734 1495 944 1536 sexdecim
977 1495 1154 1536 millium
1182 1509 1404 1536 numerum
1433 1494 1575 1535 confe-

183 1555 348 1596 cissent.
414 1554 476 1595 Ea
503 1553 612 1610 legio
640 1553 814 1594 linteata
841 1554 892 1594 ab
921 1553 1212 1609 integumento
1240 1551 1467 1608 consaepti,
1490 1567 1575 1607 quo

181 1622 339 1654 sacrata
374 1611 566 1653 nobilitas
601 1620 701 1660 erat,
739 1610 946 1667 appellata
980 1620 1053 1651 est.
1130 1609 1210 1651 His
1246 1625 1360 1651 arma
1396 1609 1576 1665 insignia

182 1670 290 1720 data,
309 1679 351 1712 et
372 1670 561 1711 cristatae
582 1669 738 1725 galeae,
756 1678 803 1709 ut
825 1670 934 1710 inter
954 1677 1113 1709 ceteros
1134 1668 1378 1710 eminerent.
1426 1666 1575 1709 Paullo

182 1727 276 1785 plus
315 1728 464 1784 viginti
505 1727 682 1768 millium
718 1726 822 1768 alius
862 1726 1070 1768 exercitus
1108 1726 1200 1776 fuit,
1238 1741 1316 1767 nec
1353 1741 1573 1782 corporum

182 1802 201 1828 s
257 1786 334 1836 cie,
375 1801 454 1828 nec
493 1785 625 1842 gloria
663 1785 775 1834 belli,
817 1800 895 1826 nec
941 1793 1142 1841 apparatu
1181 1783 1378 1825 linteatae
1419 1783 1574 1840 legioni

182 1801 332 1901 dispar.
397 1843 480 1885 Hic
521 1843 740 1885 hominum
780 1857 992 1892 numerus,
1029 1842 1144 1898 quod
1185 1842 1344 1883 roboris
1384 1850 1485 1891 erat,
1522 1841 1574 1882 ad

186 1902 459 1959 Aquiloniam
480 1900 681 1942 consedit.

245 1959 453 2001 Consules
480 1958 653 2014 profecti
684 1957 736 1998 ab
764 1957 893 1998 urbe:
927 1956 1040 2013 prior
1070 1956 1138 2012 Sp.
1162 1956 1383 2005 Carvilius,
1413 1957 1481 1997 cui
1506 1972 1577 1997 ve-

186 2027 294 2059 teres
325 2017 521 2073 lcgionoe,
545 2030 648 2071 quas
677 2014 739 2055 M.
760 2014 929 2063 Atilius,
958 2014 1181 2070 superioris
1211 2014 1310 2055 anni
1341 2013 1499 2063 consul,
1532 2014 1573 2054 in

1585 235 1627 266 U.
1644 235 1682 266 C.
1699 244 1773 276 459.

1583 278 1621 308 Α.
1645 278 1683 308 C.
1702 286 1774 318 ²93·

1582 320 1793 350 sacramento

1581 363 1753 401 adiguntur

1582 405 1701 435 milites

1583 447 1778 478 Samnitium

1583 490 1743 520 horrendo

1584 533 1723 572 quodam

1585 576 1657 606 ritu.

1661 1955 1727 1993 39.

1589 2010 1757 2041 Samnium

1535 2072 1542 2078 -
1591 2058 1714 2083 vau-*tant

185 2090 285 2131 agro
317 2073 589 2115 Interamnati
623 2072 859 2128 reliquerat,
888 2071 1079 2113 decretae
1113 2081 1242 2112 crant.
1308 2071 1419 2112 Cum
1454 2071 1502 2111 iis
1533 2087 1575 2111 iu

154 2133 406 2175 4Samnium
441 2131 661 2188 profectus,
693 2130 793 2170 dum
826 2130 978 2179 hostes,
1010 2130 1168 2185 operati
1201 2145 1248 2170 su
1267 2129 1576 2178 ›erstitionibuzss

156 2190 365 2239 sconcilia
384 2199 543 2231 secreta
563 2197 706 2243 agunt,
731 2187 998 2228 Amiternum
1021 2187 1222 2243 oppidum
1245 2144 1297 2228 (ie
1322 2186 1578 2228 Samnitibus

186 2250 228 2292 vi
256 2249 378 2306 cepit.
444 2248 577 2289 Caesa
606 2247 662 2287 ibi
691 2245 821 2286 millia
848 2245 1064 2286 hominum
1087 2244 1172 2286 duo
1197 2245 1325 2285 ferme
1356 2254 1482 2300 atquc
1508 2261 1578 2285 oc-

189 2307 394 2364 tingenti:
429 2314 549 2362 capta
577 2314 774 2361 quattuor
805 2302 933 2344 millia
960 2302 1130 2344 ducenti
1162 2302 1435 2358 septuaginta.
1498 2302 1578 2344 Pa-

156 2365 331 2422 6pirius,
354 2380 462 2405 novo
484 2364 671 2405 exercitu
691 2362 769 2416 (ita
789 2361 1004 2402 decretum
1027 2365 1135 2415 erat)
1155 2360 1320 2416 scripto,
1345 2359 1577 2402 Duroniam

231 2528 251 2560 9
275 2519 330 2549 Ex
349 2519 429 2547 libro
450 2522 553 2548 vetere
576 2517 673 2546 linteo
691 2515 784 2553 lecto]
813 2514 861 2544 Ex
908 2513 1000 2553 Supr.
1020 2513 1058 2544 iv.
1079 2522 1126 2552 37.

1590 2097 1677 2127 Coss.

192 2560 272 2591 libro
289 2564 394 2591 vetere
412 2560 521 2595 linteo,
538 2559 590 2598 qui
618 2559 718 2587 lectus
742 2558 841 2587 fut-rut
857 2569 864 2592 ;
952 2566 969 2595 3
1001 2557 1055 2586 Vir
1071 2558 1174 2586 virum
1191 2557 1347 2595 [current]
1372 2555 1410 2586 cf.
1428 2555 1521 2595 Supr.
1540 2555 1580 2585 ix.

190 2614 309 2644 nempe
324 2605 364 2635 ab
382 2604 437 2633 illo
451 2602 534 2632 Ovio
551 2601 678 2636 Paccio,
694 2600 745 2639 qui
764 2610 862 2630 mecr-
910 2609 958 2639 39.

193 2647 250 2677 dos
276 2647 370 2676 huius
393 2645 470 2675 meri
496 2645 579 2679 suit:
604 2649 634 2673 vt
660 2645 790 2673 mmm-st·
813 2654 862 2672 co·
952 2654 969 2680 4
987 2642 1138 2681 Ope-rati]
1152 2642 1319 2671 sacrorum
1333 2642 1473 2671 verbum.
1495 2641 1581 2678 Virg.

193 2699 260 2720 mm
282 2689 473 2728 imperatore
490 2692 520 2717 ct
540 2686 864 2726 1›rm·ci1111i.·⁴‹lucu1n.
911 2685 1027 2721 (iem-15.
1048 2684 1064 2714 i.
1085 2694 1154 2724 339.
1171 2685 1262 2714 ltu-lis
1280 2688 1431 2723 operatus
1455 2685 1489 2713 in
1512 2684 1581 2714 lier-

194 2733 301 2763 Clu-w.
912 2728 966 2758 bis.
992 2728 1031 2757 rs.
1049 2737 1134 2766 supr.
1153 2726 1170 2757 i.
1189 2736 1239 2764 3¹·

243 2784 252 2804 1
273 2773 514 2812 Sacrificatuml
533 2770 867 2807 Consilio,utnnimon
956 2779 972 2808 5
998 2771 1216 2807 Amiternum!
1257 2768 1422 2808 Uppidum
1448 2768 1478 2799 in
1503 2769 1569 2798 anti

195 2817 336 2848 militurn
369 2815 560 2845 Samnitium
594 2819 702 2844 eontra
740 2813 866 2843 solitum
913 2823 975 2852 quo
992 2812 1282 2849 Sabinorumngro.

199 2859 371 2891 Deciorum
389 2858 591 2888 dovoriam-m
610 2858 843 2887 runcinum-nt.
959 2856 978 2883 (ι
1009 2856 1205 2892 nummum!
1257 2855 1362 2885 Unum
1392 2854 1476 2884 urhis
1506 2854 1585 2884 nitus

241 2912 256 2933 τ
278 2903 474 2937 Adimcmlac
491 2902 637 2932 Istrum-is
653 2900 802 2939 l'uprmcl
829 2900 867 2929 rs.
917 2909 1040 2937 prorsus
1073 2898 1243 2935 ignoratur,
1270 2897 1294 2928 ni
1321 2897 1518 2928 Nicliuhriun
1541 2897 1582 2927 iii⁴
