1934 3211
158 302 202 332 U.
221 303 257 333 C.
275 313 347 343 415·

159 345 195 375 Α.
220 345 258 376 C.
277 354 350 385 337.

158 414 204 445 X.
221 414 342 445 Princi-

158 466 214 496 pes
229 457 359 487 Latino-

158 509 229 529 rum
247 500 311 530 Ro-

158 552 245 572 mam
263 553 334 573 evo-

158 584 231 615 cati.

373 190 455 244 452
893 200 1041 242 TITI
1079 199 1258 241 len

434 291 636 333 Ceterum
678 291 874 340 Romani,
915 291 993 331 etsi
1033 290 1214 331 defectio
1254 290 1461 330 sociorum
1500 288 1767 344 nominisque

376 349 519 390 Latini
549 348 663 390 haud
691 348 819 389 dubia
849 356 963 396 erat3
997 355 1151 396 tamen,
1179 355 1379 403 tanquam
1411 346 1464 387 de
1498 345 1768 395 Samnitibus,

376 422 462 448 non
498 406 550 447 de
592 421 647 456 se,
685 420 827 446 curam
868 412 1052 461 agerent,
1089 404 1236 445 decem
1271 404 1483 460 principes
1519 403 1770 445 Latinorum

378 464 557 505 Romam
600 470 890 510 evocaverunt,
933 462 1085 516 quibus
1134 462 1401 516 imperarent,
1444 476 1552 516 quae
1598 460 1767 501 vellent.

376 521 594 563 Praetores
625 529 715 561 tum
743 519 849 559 duos
870 519 1040 559 Latium
1070 518 1261 567 habebat,
1285 518 1334 558 L.
1352 518 1544 558 Annium
1578 516 1804 567 Setinum9

377 587 419 619 et
450 578 499 618 L.
520 577 763 618 Numisium
788 575 1086 623 Circeiensem,
1109 576 1231 615 ambo
1262 590 1315 615 ex
1346 575 1520 615 coloniis
1541 574 1768 615 Romanis:

376 650 452 691 per
487 649 604 690 quos,
635 641 802 688 practer
841 631 1027 687 Signiam
1053 631 1333 687 Velitrasque,
1370 639 1413 672 et
1447 631 1556 687 ipsas
1588 630 1772 672 colonias

380 692 606 739 Romanas,
629 689 773 730 Volsci
801 689 927 729 etiam
955 688 1084 729 exciti
1111 688 1164 728 ad
1192 703 1307 728 arma
1333 696 1463 728 erant.
1527 687 1612 728 Eos
1635 687 1774 728 nomi-

378 749 509 789 natim
531 747 693 788 evocari
714 745 883 801 placuit.
948 745 1079 785 Haud
1103 744 1301 799 cuiquam
1322 744 1497 785 dubium
1524 751 1626 794 erat,
1649 758 1774 800 super

379 820 463 860 qua
483 819 526 844 re
549 804 793 844 accirentur.
857 802 1019 858 Itaque,
1037 801 1215 843 concilio
1235 803 1350 857 prius
1370 801 1526 851 habito,
1548 809 1772 858 praetoreS,

379 876 505 916 quam
529 860 711 901 Romam
741 859 1116 915 proficiscerentur,
1147 867 1338 900 evocatos
1368 874 1410 899 se
1442 859 1493 899 ab
1524 866 1672 900 senatu
1697 858 1773 899 do-

379 926 478 959 cent
500 918 707 966 Romano,
731 925 785 966 et,
809 932 916 972 quae
945 925 1086 957 actum
1112 916 1164 956 iri
1192 931 1335 957 secum
1363 915 1548 965 credant,
1570 915 1775 972 quidnam

380 975 433 1015 ad
461 990 511 1016 ea
536 974 779 1030 responderi
807 973 981 1029 placeat,
1003 973 1200 1014 referunt.
1267 974 1412 1021 Quum
1440 972 1555 1014 aliud
1581 973 1651 1014 alii
1676 987 1775 1014 cen-

379 1041 531 1082 serent,
555 1040 645 1072 tum
669 1031 863 1072 Annius:
900 1037 911 1054 ‘
931 1031 1188 1086 Quanquam
1213 1031 1301 1087 ipse
1327 1046 1406 1087 ego
1427 1030 1563 1080 retuli,
1585 1029 1690 1086 quid
1709 1044 1776 1071 re-

381 1095 393 1113 ‘
408 1088 607 1145 sponderi
627 1088 823 1144 placeret,
842 1096 984 1130 tamen
1005 1088 1136 1143 magis
1153 1088 1207 1128 ad
1227 1103 1432 1129 summam
1454 1102 1594 1129 rerum
1615 1095 1776 1128 nostra-

382 1152 394 1170 ‘
410 1161 504 1187 rum
533 1146 743 1202 pertinere
775 1146 963 1195 arbitror,
987 1145 1091 1201 quid
1118 1145 1329 1201 agendum
1356 1145 1490 1194 nobis,
1513 1160 1640 1200 quam
1671 1143 1776 1200 quid

381 1203 671 1259 ‘loquendum
707 1203 771 1243 sit.
834 1203 973 1243 Facile
1010 1203 1101 1252 erit,
1133 1202 1350 1258 explicatis
1385 1201 1579 1252 consiliis,
1611 1216 1776 1243 accom-

382 1266 394 1285 ‘
411 1260 581 1301 modare
617 1260 740 1301 rebus
774 1261 911 1301 verba.
976 1259 1102 1308 Nam,
1139 1260 1173 1300 si
1208 1260 1335 1300 etiam
1370 1275 1484 1300 nunc
1520 1259 1596 1300 sub
1629 1259 1805 1300 umbra1

383 1324 395 1341 ‘
410 1318 591 1358 foederis
612 1317 736 1372 aequi
758 1317 1001 1358 servitutem
1023 1317 1109 1372 pati
1130 1331 1362 1372 possumus,
1386 1316 1491 1372 quid
1511 1317 1639 1366 abest,
1657 1316 1775 1371 quin,

383 1381 394 1398 ‘
410 1375 586 1430 proditis
609 1373 819 1423 Sidicinis,
842 1389 927 1414 non
947 1373 1236 1414 Romanorum
1256 1373 1404 1423 solum,
1427 1373 1502 1414 sed
1525 1372 1778 1414 Samnitium

383 1438 393 1455 ‘
410 1447 581 1487 quoque
612 1431 726 1472 dicto
756 1446 988 1487 pareamus,
1015 1431 1426 1486 respondeamusque
1449 1430 1664 1480 Romanis,
1686 1444 1776 1480 nOS,

384 1494 395 1512 ‘
413 1489 485 1528 ubi
510 1488 740 1537 innuerint,
762 1489 969 1544 posituros
994 1489 1140 1529 arma?
1203 1487 1278 1528 Sin
1299 1496 1440 1529 autem
1462 1487 1633 1529 tandem
1652 1487 1778 1529 liber-

386 1551 398 1569 ‘
414 1545 510 1585 tatis
530 1545 783 1586 desiderium
805 1545 1016 1586 remordet
1037 1546 1211 1594 animos,
1229 1546 1263 1586 si
1283 1545 1431 1586 foedus
1451 1553 1527 1595 est,
1549 1545 1583 1586 si
1603 1545 1778 1587 societas

387 1608 399 1626 ‘
415 1602 610 1657 aequatio
631 1602 731 1642 iuris
752 1611 825 1650 est,
848 1602 881 1642 si
907 1603 1240 1658 consanguineos
1265 1618 1340 1644 nos
1363 1602 1653 1644 Romanorum
1674 1617 1777 1652 esse,

386 1665 398 1683 ⁶
414 1659 530 1715 quod
550 1658 651 1700 olim
672 1658 870 1714 pudebat,
893 1674 1006 1699 nunc
1033 1659 1201 1714 gloriari
1222 1659 1333 1709 licet,
1356 1660 1390 1700 si
1414 1659 1576 1701 socialis
1603 1659 1684 1700 illis
1705 1673 1779 1701 ex-

386 1722 397 1740 ‘
413 1716 567 1757 ercitus
588 1715 622 1756 is
643 1724 717 1764 est,
741 1730 825 1770 quo
851 1715 1049 1756 adiuncto
1070 1716 1289 1771 duplicent
1309 1716 1416 1757 vires
1437 1732 1542 1766 suas,
1566 1731 1694 1772 quem
1714 1731 1779 1757 se·
1792 1732 1808 1753 2

386 1779 398 1797 ‘
414 1788 583 1814 cernere
605 1773 656 1814 ab
685 1787 727 1813 se
754 1772 944 1813 consules
970 1772 1091 1813 bellis
1116 1773 1293 1828 propriis
1317 1774 1524 1829 ponendis
1544 1773 1779 1814 sumendis-

387 1836 399 1854 ‘
415 1846 497 1886 que
519 1829 681 1878 nolint3
715 1844 789 1870 cur
815 1844 901 1870 non
932 1829 1074 1870 omnia
1100 1830 1366 1885 aequantur?
1396 1846 1471 1871 cur
1494 1845 1582 1871 non
1601 1830 1706 1871 alter
1726 1830 1778 1872 ab

387 1893 399 1912 ‘
415 1887 579 1928 Latinis
609 1887 755 1928 consul
786 1886 940 1927 datur?
1002 1886 1088 1927 Ubi
1120 1902 1214 1942 pars
1246 1887 1410 1937 virium,
1442 1888 1501 1929 ibi
1536 1895 1579 1928 et
1612 1887 1779 1943 imperii

389 1951 401 1969 ‘
416 1959 511 2000 pars
532 1945 627 1985 est?
689 1943 765 1984 Est
785 1943 958 1999 quidem
985 1943 1106 1984 nobis
1132 1944 1212 1985 hoc
1238 1959 1314 2000 per
1340 1959 1383 1985 se
1408 1944 1523 1985 haud
1546 1944 1671 1985 nimis
1691 1960 1779 1986 am-

388 2002 546 2058 ‘plum,
575 2001 732 2056 quippe
766 2000 1107 2049 concedentibus,
1138 2000 1320 2041 Romam
1351 2010 1478 2057 caput
1504 2001 1628 2043 Latio
1661 2017 1776 2043 esse:

388 2065 399 2083 ‘
414 2058 501 2107 sed,
524 2066 571 2098 ut
598 2057 785 2113 amplum
806 2056 937 2097 videri
963 2066 1114 2112 posset,
1137 2057 1337 2099 diuturna
1362 2059 1565 2114 patientia
1590 2059 1776 2101 fecimus.

386 2122 397 2139 ‘
415 2114 564 2171 Atqui,
583 2116 615 2155 si
633 2114 803 2170 quando
825 2129 1011 2169 unquam
1032 2115 1300 2155 consociandi
1320 2115 1498 2171 imperii,
1517 2116 1779 2172 usurpandae

387 2172 615 2213 ‘libertatis
640 2180 806 2227 tempus
831 2171 1017 2227 optastiS,
1040 2186 1094 2212 en
1122 2171 1202 2212 hoc
1224 2181 1390 2228 tempus
1411 2173 1540 2223 adest,
1563 2182 1606 2214 et
1625 2173 1778 2215 virtute

387 2236 551 2270 ‘vestra
583 2237 626 2270 et
653 2228 780 2269 deum
808 2228 1066 2284 benignitate
1094 2229 1210 2269 vobis
1243 2229 1399 2270 datum.
1463 2229 1675 2272 Tentastis
1707 2245 1781 2287 pa-

388 2293 400 2311 ‘
416 2286 607 2328 tientiam
640 2284 834 2341 negando
870 2285 1058 2326 militem.
1125 2285 1233 2334 Quis
1269 2286 1434 2328 dubitat
1464 2288 1663 2328 exarsisse
1694 2303 1778 2338 eos,

388 2351 399 2369 ‘
415 2359 548 2400 quum
587 2343 682 2399 plus
722 2343 1000 2383 ducentorum
1041 2357 1246 2384 annorum
1293 2358 1452 2384 morem
1494 2344 1810 2390 solveremus?3

429 2517 448 2548 9
472 2509 645 2538 Praetores
668 2512 734 2537 tum
757 2508 851 2545 duos]
898 2507 985 2538 Olim
1009 2518 1061 2546 ap.
1107 2507 1209 2539 Drak.
1227 2512 1259 2538 et
1276 2509 1416 2540 Bekker.
1433 2510 1589 2548 probant:
1616 2509 1669 2541 hic
1691 2510 1779 2541 enim

390 2549 525 2580 Latinos
539 2551 724 2580 dictatorem
740 2559 886 2579 summae
907 2549 950 2579 rei
972 2560 1061 2589 prae-
1106 2550 1146 2580 de
1161 2552 1294 2589 foedere
1309 2562 1410 2591 aequo
1429 2561 1479 2582 res
1498 2552 1622 2591 agitur;
1644 2553 1730 2592 quod
1753 2552 1778 2583 si

389 2592 509 2622 fectum
527 2591 681 2622 videmus.
701 2591 740 2622 cf.
757 2592 873 2622 Caton.
891 2591 1012 2631 Origin.
1030 2592 1061 2623 ii.
1105 2592 1323 2632 interpunctio
1345 2594 1502 2624 servanda
1524 2594 1576 2632 sit,
1590 2598 1661 2625 tum
1683 2596 1779 2636 aequi

389 2633 420 2663 in
439 2633 582 2664 Priscian
597 2633 637 2664 iv.
656 2644 684 2671 4.
718 2634 788 2664 Iam
807 2643 880 2663 vero
904 2639 1066 2673 praetores
1109 2634 1207 2672 idem,
1223 2636 1309 2674 quod
1325 2647 1426 2676 aequo
1441 2637 1559 2674 (mimo,
1576 2637 1672 2668 valet.

389 2677 480 2713 duos,
504 2680 540 2706 ut
563 2685 616 2715 ap.
642 2676 809 2706 Romanos
835 2686 921 2715 supr.
944 2675 987 2707 iii.
1015 2684 1064 2716 55.
1153 2687 1169 2707 2
1194 2679 1371 2717 Duplicent
1392 2680 1478 2709 vires
1499 2680 1592 2717 suas]
1627 2679 1666 2710 cf.
1684 2679 1780 2719 Supr.

390 2717 498 2748 Latini
514 2719 683 2749 creabant:
709 2718 856 2748 similiter
870 2720 972 2750 decem
989 2718 1062 2749 illos
1105 2723 1171 2749 not.
1188 2720 1229 2750 ad
1246 2719 1296 2750 vii.
1314 2730 1360 2751 12.
1378 2724 1410 2751 et
1425 2720 1498 2752 infr.
1514 2722 1543 2752 8.
1559 2722 1715 2752 notissimi
1730 2723 1779 2752 in-

385 2762 551 2799 principes
575 2760 777 2798 Latinorum,
800 2761 912 2791 decem
943 2760 1062 2800 primos
1105 2766 1153 2793 ter
1168 2773 1211 2800 se,
1221 2764 1298 2803 quia
1311 2773 1409 2802 pares
1423 2774 1547 2803 semper
1561 2765 1688 2795 ordines
1697 2764 1778 2794 dua·-

389 2806 550 2832 senatores
565 2803 663 2833 fuisse
678 2803 849 2833 verisimile
865 2807 922 2833 est.
1104 2809 1207 2835 erant.

435 2852 447 2871 1
473 2845 538 2873 Sub
560 2846 672 2875 umbra
688 2846 832 2883 foederis
850 2847 945 2885 aequi
964 2847 1061 2877 servi-
1151 2856 1168 2886 3
1192 2848 1274 2877 Plus
1300 2848 1508 2879 ducentorum
1533 2847 1710 2885 armorum]
1736 2846 1777 2878 cf.

388 2885 503 2931 tutem]
534 2885 651 2923 Recte,
665 2891 702 2916 ut
717 2887 798 2916 mihi
814 2887 951 2924 videtur,
968 2887 1062 2918 inter·
1107 2888 1201 2928 Supr.
1221 2889 1260 2920 vi.
1278 2890 1328 2920 28.
1345 2889 1399 2920 ubi
1415 2891 1456 2920 de
1477 2895 1602 2922 centum
1618 2899 1777 2920 annm-um

389 2929 521 2964 punctlo
538 2931 610 2964 post
617 2929 761 2965 foederis
777 2929 912 2965 tollitur,
931 2930 963 2960 id
976 2931 1062 2969 quod
1106 2932 1242 2962 obnavia
1255 2942 1336 2970 pace
1350 2931 1464 2970 agitur.
1496 2931 1548 2962 Ibi
1561 2940 1634 2961 vero
1645 2931 1686 2962 de
1703 2941 1776 2962 con-
