1934 3211
563 177 688 219 LIB.
723 175 803 217 III.
855 175 999 216 CAP.
1034 180 1100 216 52.
1451 180 1529 218 201

132 268 291 310 urbana
310 266 481 308 comitia
500 265 658 313 iisdem,
671 264 850 305 tribunis
871 262 1006 319 plebis
1026 263 1219 304 creandis
1240 273 1529 319 sequerentur,
1548 270 1590 305 U.
1608 271 1646 302 C.
1665 279 1736 310 305·

130 326 290 382 peritus
329 337 470 364 rerum
511 322 779 379 popularium
819 321 1130 376 imminensque
1168 321 1208 361 ei
1243 322 1454 376 potestati,

1490 331 1532 362 et
1545 313 1749 361 A-..0-21472

1547 356 1611 385 Aln
1630 357 1751 385 tribuni

132 383 220 438 ipse
252 381 380 437 prius,
407 395 535 436 quam
563 388 694 420 1retur
721 378 775 419 ad
805 379 966 428 urbem,
989 378 1080 434 pari
1112 386 1318 434 potestate
1347 378 1531 419 eundem
1545 397 1709 428 militares.

131 452 354 480 numerum
375 438 427 478 ab
459 437 544 478 suis
574 436 804 478 creandum
836 444 964 476 curat.
1027 435 1156 476 Porta
1185 434 1354 476 Collina
1384 436 1532 476 urbem

131 496 339 537 intravere
361 495 438 536 sub
460 494 601 550 signis,
624 493 848 548 mediaque
878 493 980 534 urbe
1007 493 1174 548 agmine
1200 493 1246 532 in
1269 492 1533 533 Aventinum

100 561 325 609 apergunt.
387 551 469 601 Ibi,
504 551 719 593 coniuncti
755 550 875 591 alteri
911 549 1129 599 exercitui,
1166 550 1316 606 viginti
1353 549 1533 590 tribunis

131 609 314 650 militum
359 609 578 665 negotium
623 607 846 656 dederunt,
887 615 936 648 ut
984 622 1038 648 ex
1083 622 1158 648 suo
1209 622 1386 648 numero
1427 606 1534 647 duos

131 674 335 716 crearent,
377 666 451 722 qui
490 680 678 707 summae
719 680 861 706 rerum
901 673 1152 720 praeessent.
1237 663 1300 705 M.
1328 663 1532 720 Oppium,

135 722 231 766 Sex,
249 722 478 764 Manilium
499 731 654 764 creant.

190 780 350 830 Patres,
372 780 539 822 solliciti
561 780 614 821 de
635 794 799 821 summa
819 794 974 829 rerum,
998 792 1130 835 quum
1151 787 1321 820 senatus
1341 777 1533 834 quotidie

132 846 254 888 esset,
276 838 421 894 iurgiis
444 838 609 894 saepius
631 846 771 878 terunt
794 846 974 892 tempus,
999 851 1125 892 quam
1147 836 1342 877 consiliis.
1409 835 1533 877 Siecii

133 895 284 936 caedes
314 895 573 944 decemviris,
599 903 642 936 et
665 894 863 950 Appiana
893 893 1036 943 libido,
1059 902 1101 934 et
1122 893 1329 934 dedecora
1358 893 1532 934 militiae

134 952 450 994 obiiciebantur.
532 951 745 1001 Placebat,
780 950 997 992 Valerium
1036 949 1347 1006 Horatiumque
1388 951 1448 991 ire
1489 950 1533 990 in

136 1010 410 1051 Aventinum.
464 1009 531 1050 Illi
556 1009 767 1065 negabant
787 1023 830 1050 sc
853 1007 974 1049 aliter
993 1008 1137 1057 ituros,
1160 1022 1287 1063 quam
1309 1008 1344 1048 si
1365 1007 1534 1048 decem-

134 1067 212 1108 viri
244 1066 507 1122 deponerent
539 1066 721 1122 insignia
753 1065 1019 1122 magistratus
1052 1065 1155 1114 eius,
1190 1080 1275 1120 quo
1308 1080 1419 1106 anno
1450 1065 1533 1105 iam

134 1133 232 1165 ante
260 1124 453 1165 abissent.
517 1123 773 1173 Decemviri,
797 1132 1026 1179 querentes
1055 1137 1098 1163 se
1129 1122 1174 1162 in
1201 1122 1393 1163 ordinem
1425 1122 1532 1178 cogi,

134 1195 222 1222 non
261 1190 374 1230 ante,
416 1196 542 1236 quam
584 1180 753 1236 perlatis
793 1179 969 1236 legibus,
1012 1194 1190 1235 quarum
1237 1194 1361 1220 causa
1405 1179 1533 1220 creati

135 1247 286 1288 essent,
308 1238 572 1294 deposituros
594 1238 817 1293 imperium
839 1252 881 1278 se
903 1237 1082 1278 aiebant.
1135 1236 1219 1277 Per
1241 1235 1303 1277 M.
1324 1235 1532 1286 Duilium,

1617 1244 1684 1281 52.

136 1296 209 1351 qui
251 1296 443 1336 tribunus
484 1294 617 1351 plebis
656 1295 805 1344 fuerat,
847 1294 1000 1335 certior
1039 1294 1147 1334 facta
1187 1293 1317 1349 plebs,
1360 1302 1535 1334 conten-
1549 1298 1753 1329 PlebsinSa-

138 1353 323 1393 tionibus
363 1352 539 1393 assiduis
580 1351 685 1392 nihil
729 1351 912 1407 transigi,
951 1351 992 1391 in
1038 1350 1212 1392 Sacrum
1253 1360 1441 1391 montem
1481 1366 1533 1391 ex

139 1410 355 1451 Aventino
396 1409 568 1458 transit3
613 1409 844 1450 affirmante
883 1408 1043 1456 Duilio,
1089 1413 1202 1447 ‘non
1243 1407 1370 1463 prius,
1408 1422 1535 1462 quam

139 1467 301 1508 ‘deseri
333 1467 479 1508 urbem
510 1466 694 1515 videant,
723 1480 865 1506 curam
897 1466 940 1505 in
972 1465 1133 1505 animos
1159 1464 1333 1505 Patrum
1361 1464 1537 1505 descen-

139 1530 150 1547 ‘
167 1539 316 1565 suram.
407 1524 740 1564 Admoniturum
795 1522 969 1563 Sacrum
1027 1530 1217 1562 montem
1274 1521 1534 1562 constantiae

140 1581 327 1637 ‘plebis:
366 1581 552 1630 scituros,
585 1580 701 1636 quod
733 1580 823 1620 sine
860 1579 1052 1620 restituta
1086 1587 1292 1634 potestate
1326 1578 1460 1634 redigi
1491 1579 1536 1619 in

108 1638 434 1684 3‘concordiam
475 1653 540 1678 res
580 1637 820 1693 nequeant.'
891 1635 974 1677 Via
1010 1635 1295 1685 Nomentana,
1337 1635 1406 1677 cui
1446 1645 1537 1676 tum

107 1710 126 1736 4
141 1695 349 1736 Ficulensi
376 1710 530 1736 nomen
551 1694 643 1744 fuit,
667 1694 856 1750 profecti,
879 1702 1012 1735 castra
1040 1694 1083 1733 in
1113 1702 1255 1734 monte
1280 1692 1406 1734 Sacro
1427 1693 1538 1734 loca-

137 1767 249 1802 vere,
288 1752 534 1793 modestiam
572 1761 737 1808 patrum
780 1765 950 1792 suorum
992 1750 1099 1791 nihil
1135 1750 1330 1791 violando
1372 1750 1536 1791 imitati.

142 1809 295 1851 Secuta
321 1809 555 1850 exercitum
584 1808 716 1865 plebs,
739 1808 868 1858 nullo,
892 1808 965 1863 qui
994 1823 1069 1863 per
1094 1816 1274 1848 aetatem
1303 1808 1363 1848 irc
1385 1816 1538 1863 posset,

140 1875 402 1907 retractante.
466 1866 787 1921 Proscquuntur
808 1865 1009 1920 coniuges
1030 1864 1251 1920 liberique,
1282 1871 1293 1888 ‘
1306 1864 1474 1905 cuinam
1495 1880 1539 1906 sc

142 1930 153 1947 ‘
169 1924 457 1979 relinquerent
478 1924 521 1964 in
543 1939 593 1964 ea
613 1924 730 1972 urbe,
755 1923 797 1963 in
820 1938 904 1978 qua
932 1938 1010 1963 nec
1031 1921 1248 1978 pudicitia,
1272 1937 1350 1963 nec
1371 1921 1541 1963 libertas

143 1987 153 2004 ‘
170 1990 311 2022 sancta
333 1981 467 2029 esset,’
490 1979 777 2021 miserabiliter
800 1980 1039 2035 rogitantes.

203 2038 348 2085 Quum
378 2046 493 2077 vasta
526 2037 685 2077 Rornae
715 2036 857 2076 omnia
889 2036 1053 2075 insueta
1080 2035 1263 2075 solitudo
1296 2035 1473 2084 fecisset,
1497 2035 1541 2075 in

142 2095 231 2134 foro
261 2103 427 2149 praeter
455 2108 609 2148 paucos
640 2093 850 2133 seniorum
885 2106 1009 2131 nemo
1041 2101 1175 2137 essen
1209 2092 1365 2131 vocatis
1394 2091 1540 2146 utique

145 2152 187 2191 in
218 2161 409 2191 senatum
434 2150 641 2198 Patribus,
672 2149 884 2190 desertum
914 2148 1172 2203 apparuisset
1204 2148 1368 2195 furuum
1401 2147 1543 2203 plures

868 2318 1013 2342 mentum
1039 2312 1187 2342 ‹lm-clmt.

867 2354 1055 2393 appellatio.
1080 2356 1186 2385 Clu-zv.

912 2409 929 2434 4
956 2398 995 2426 In
1028 2401 1130 2426 munte
1163 2398 1278 2434 &Pu-rol
1319 2407 1370 2435 ap.
1402 2396 1470 2426 (lie.
1503 2396 1542 2426 dc

189 2325 204 2346 ²
239 2317 357 2354 l'iyinlt'
388 2316 528 2345 tribunis
559 2315 712 2351 militum]
754 2314 823 2343 110⁸

144 2359 223 2388 duna
240 2357 385 2387 ‹lt-curius
401 2357 602 2386 tribunorum
630 2355 744 2395 pla-liin,
761 2355 820 2384 sin-

144 2400 290 2438 gulorum
325 2410 364 2429 cx
397 2399 530 2435 «nugulis
561 2398 718 2431 tribubus,
749 2398 821 2427 ctl'e-

1237 2312 1318 2342 Inde
1346 2312 1393 2342 illi
1419 2312 1541 2351 duplex

146 2442 225 2472 cisse
241 2447 349 2471 ccum-t
364 2441 497 2471 Nielmr.
511 2441 542 2471 ii.
556 2451 586 2479 p.
602 2450 672 2478 352.
687 2449 821 2478 quorum

146 2485 210 2513 duo
240 2494 386 2513 summae
417 2493 520 2512 reruni
551 2481 716 2521 praefecti,
739 2481 822 2511 sieut

145 2530 241 2554 anti-u
259 2524 289 2554 in
303 2524 511 2555 Crustumina
522 2524 708 2553 secessione.
755 2525 820 2552 Mi-

146 2569 236 2596 litum
263 2566 325 2600 hic,
346 2571 377 2595 et
401 2576 486 2604 nupt.
512 2568 677 2601 militm-en,
701 2565 822 2594 incuria

147 2608 308 2647 scripniumc
333 2608 472 2644 Livium,
499 2613 533 2638 nt
558 2618 638 2646 quon
663 2607 824 2637 exercitus

147 2651 299 2685 elcut-rut,
323 2649 406 2679 idem
433 2649 596 2679 exintiumt
618 2649 636 2679 i.
661 2654 725 2679 not.
748 2652 821 2687 (178.

148 2694 269 2721 (unum
291 2691 505 2721 Wuclmmutli
525 2696 589 2721 not.
612 2701 640 2729 p.
661 2690 730 2728 362.
749 2700 820 2719 cum

153 2734 242 2764 Lirin
280 2733 450 2767 cunm-ntia
480 2738 577 2771 utque
613 2732 752 2767 lciliuin,
783 2743 822 2761 nc

148 2776 194 2806 sui
227 2776 389 2805 tribunatu
427 2774 681 2813 prohiberentur.
713 2774 824 2803 decem

148 2829 185 2848 cx
204 2819 269 2848 »tuin
285 2818 439 2847 cru-mulus
455 2816 613 2846 cunwimu·
630 2821 746 2846 cenat-t.

192 2870 209 2899 3
242 2861 297 2889 rm
316 2860 537 2896 Nomentana]
568 2858 629 2887 via
654 2857 707 2887 illa
730 2857 819 2886 Ficu-

151 2903 246 2938 lcnm..
262 2902 328 2931 siu·
349 2902 549 2937 Ficulnenni,
563 2901 740 2938 emit-mque
756 2899 820 2929 Nu-

872 2438 953 2477 ch.
976 2438 1006 2468 ii.
1026 2448 1074 2476 37.
1100 2438 1246 2474 lcginms,
1265 2440 1379 2468 milite-x
1399 2440 1541 2477 primum

868 2485 1000 2510 montcm
1025 2491 1164 2515 sucrum,
1184 2482 1267 2509 sicul
1290 2485 1361 2510 cmc
1386 2482 1420 2509 iu
1443 2481 1541 2510 sinuiln'

867 2533 965 2551 musa
995 2527 1092 2551 auem
1115 2524 1256 2559 suetum,
1286 2523 1399 2552 deinde
1433 2523 1540 2552 Aven-

867 2566 969 2593 tinum
1008 2568 1147 2593 armato.»-
1186 2565 1346 2593 insedisse.
1404 2564 1540 2595 Necnon

869 2607 957 2635 lucus
999 2611 1132 2635 uexatus
1169 2606 1199 2635 in
1239 2606 1307 2636 (tic.
1349 2616 1405 2644 pro
1442 2606 1540 2637 Corn.

872 2647 1007 2683 Frngm„
1033 2647 1056 2676 ni
1086 2651 1122 2677 Λ.
1143 2647 1267 2677 Maium
1294 2648 1475 2683 audianum,
1499 2649 1539 2679 ad

869 2690 950 2718 lnuic
979 2689 1188 2718 nect-‚mmmm
1216 2689 1366 2728 peninct,
1390 2701 1539 2721 commea-

867 2736 932 2760 tum
969 2743 1009 2761 ur
1043 2733 1179 2760 la'truru'u
1209 2733 1346 2770 puriter,
1375 2737 1472 2772 atque
1500 2744 1541 2763 et

872 2774 952 2802 mar-⁸⁴
977 2774 1093 2811 inser-n,
1117 2779 1222 2803 fustra
1247 2775 1281 2803 t'n
1306 2778 1407 2805 monte
1430 2778 1541 2808 Sacro,

868 2819 967 2884 Juque
989 2816 1023 2845 in
1041 2817 1203 2846 Aventino
1221 2818 1325 2855 posim
1350 2818 1540 2848 intercludo-

876 2862 955 2886 aaut.

1548 1351 1637 1370 crum
1655 1351 1743 1371 mon-

1548 1388 1614 1413 tem
1633 1383 1710 1414 abit.
