1934 3211
514 175 639 217 LIB.
684 174 764 216 ΙΙΙ.
810 175 958 217 CAP.
1006 179 1068 217 16.
1410 181 1488 220 163

98 264 254 308 bellum
288 265 535 306 timebatur:
568 266 825 322 propiusque
862 266 978 307 aliud
1005 281 1162 308 novum
1195 266 1350 308 malum
1387 283 1487 310 nec·
1503 276 1546 308 U.
1563 276 1600 308 C.
1619 285 1690 318 294·

67 337 84 358 2
97 324 268 380 opinato
288 330 492 363 exortum.
557 321 736 364 Exsules
753 323 959 380 servique,
975 323 1029 364 ad
1049 332 1248 379 quattuor
1268 322 1400 364 millia
1411 325 1487 366 ho-
1499 320 1538 350 A.
1563 319 1601 350 C.
1617 320 1691 358 458.

96 380 256 421 minum
292 387 336 420 et
368 379 603 435 quingenti,
635 380 742 422 duce
781 380 863 436 Ap.
898 378 1119 422 Herdonio
1158 379 1326 430 Sabino,
1362 390 1487 422 nocte
1502 393 1689 425 Herdonius

66 443 84 473 3
99 435 357 492 Capitolium
387 444 514 492 atque
545 452 682 478 arcem
719 452 987 493 occupavere.

93 493 202 535 facta
231 493 380 535 caedes
410 509 569 543 eorum,
602 494 676 550 qui
708 494 925 536 coniurare
961 503 1005 536 et
1039 494 1163 535 simul
1194 510 1342 551 capere
1373 511 1488 536 arma

93 550 341 592 noluerant:
375 550 443 593 alii
466 551 575 593 inter
597 551 824 593 tumultum
842 552 1090 608 praecipites
1110 567 1263 608 pavore
1285 552 1330 592 in
1351 552 1487 594 forum

94 607 301 649 devolant.
366 607 569 650 Alternae
598 625 734 658 voces,
760 615 771 633 ‘
786 609 858 650 Ad
880 610 1018 658 arma,'
1038 619 1081 650 et
1104 615 1116 633 ‘
1133 609 1289 651 Hostes
1317 609 1362 650 in
1383 611 1486 652 urbe

95 669 108 689 ‘
122 666 245 715 sunt‚’
265 664 554 707 audiebantur.
621 665 830 708 Consules
849 675 892 707 et
919 682 1077 708 armare
1106 666 1286 723 plebem,
1309 676 1352 708 et
1376 667 1490 708 iner—

93 737 206 763 mem
245 723 333 779 pati
369 722 584 764 timebant.
648 723 820 773 Incerti,
858 723 974 779 quod
1010 724 1166 765 malum
1203 724 1486 780 repentinum,

93 791 316 821 externum
356 795 410 820 an
450 780 711 830 intestinum,
749 781 800 822 ab
842 781 940 822 odio
979 781 1125 837 plebis,
1163 796 1217 822 an
1257 782 1309 822 ab
1350 782 1488 823 servili

92 836 252 887 fraude,
284 837 432 878 urbem
463 838 692 887 invasisset,
725 838 927 879 sedabant
959 838 1175 887 turnultus,
1206 838 1393 880 sedando
1424 840 1490 880 in-

97 894 261 936 terdum
283 895 533 936 movebant:
568 910 646 936 nec
669 895 781 936 enim
804 904 968 951 poterat
989 895 1139 951 pavida
1158 905 1203 937 et
1223 905 1491 938 consternata

91 951 321 993 multitudo
351 953 439 1008 regi
471 952 658 1008 imperio.
722 952 839 993 Dant
876 962 1018 993 tamen
1054 968 1179 1002 arma,
1218 968 1303 994 non
1336 953 1486 1010 vulgo3

61 1016 257 1050 nantum
285 1017 346 1058 ut,
368 1009 528 1050 incerto
557 1009 689 1059 hoste,
712 1009 964 1065 praesidium
987 1010 1084 1050 satis
1112 1010 1244 1051 fidum
1267 1010 1319 1051 ad
1348 1012 1491 1052 omnia

91 1074 212 1108 esset.
277 1065 454 1108 Solliciti
485 1066 697 1122 reliquum
726 1067 872 1116 noctis,
903 1067 1151 1123 incertique,
1181 1068 1254 1124 qui
1283 1067 1487 1118 homines,

92 1132 276 1179 quantus
296 1138 499 1165 numerus
526 1123 710 1165 hostium
739 1133 858 1173 esset,
882 1124 925 1164 in
947 1124 1194 1166 stationibus
1215 1125 1490 1182 disponendis

91 1179 146 1221 ad
167 1189 404 1237 opportuna
420 1181 555 1222 omnis
577 1181 690 1222 urbis
712 1181 815 1230 loca,
834 1196 968 1237 egere.
1032 1181 1130 1223 Lux
1152 1182 1308 1224 deinde
1325 1184 1490 1237 aperuit

91 1237 249 1279 bellum
271 1238 508 1294 ducemque
530 1238 641 1279 belli.
707 1237 856 1280 Servos
877 1239 931 1279 ad
951 1239 1188 1281 libertatem
1213 1241 1294 1296 Ap.
1322 1240 1490 1282 Herdo-

91 1294 188 1336 nius
212 1310 266 1336 ex
297 1295 510 1351 Capitolio
541 1297 726 1345 vocabat,
758 1295 838 1337 ‘Se
868 1297 1087 1338 miserrimi
1115 1298 1318 1352 cuiusque
1351 1313 1492 1339 susce-

94 1356 107 1375 ‘
122 1352 230 1408 pisse
257 1358 437 1402 causam,
456 1361 503 1393 ut
531 1352 695 1394 exsules
717 1353 870 1394 iniuria
890 1353 1030 1409 pulsos
1051 1354 1095 1394 in
1115 1355 1293 1409 patriam
1316 1355 1491 1396 reduce-

94 1413 195 1458 ‘ret,
225 1418 267 1451 et
294 1410 470 1451 servitiis
500 1425 624 1465 grave
657 1411 802 1465 iugum
834 1411 1033 1452 demeret.
1097 1410 1148 1451 Id
1179 1411 1302 1452 malle
1333 1411 1491 1467 populo

94 1465 316 1508 ‘Romano
337 1476 505 1508 auctore
534 1467 636 1508 fieri.
702 1467 745 1509 Si
768 1468 824 1508 ibi
846 1482 940 1523 spes
967 1482 1053 1508 non
1074 1467 1139 1517 sit,
1163 1483 1205 1508 se
1239 1467 1424 1518 Volscos,
1448 1478 1492 1510 et

95 1529 107 1548 ‘
123 1523 312 1580 Aequos,
339 1533 382 1566 et
407 1525 548 1565 omnia
573 1533 761 1566 extrema
791 1533 1050 1566 tentaturum
1082 1533 1125 1566 et
1156 1526 1492 1567 concitaturum.'

93 1580 294 1623 Dilucere
316 1597 381 1623 res
403 1583 533 1638 magis
561 1581 756 1623 Patribus
776 1590 903 1638 atque
932 1582 1185 1623 consulibus.
1248 1582 1422 1624 Praeter
1442 1599 1492 1625 ea

92 1648 247 1688 tamen,
262 1654 370 1694 quae
387 1639 758 1689 denuntiabantur,
778 1655 830 1681 ne
854 1640 1111 1689 Veientium,
1129 1656 1215 1681 neu
1239 1640 1491 1682 Sabinorum

92 1695 137 1737 id
176 1696 397 1738 consilium
437 1706 558 1746 esset,
602 1697 774 1738 timere:
819 1705 874 1745 et,
919 1712 1051 1752 quum
1093 1707 1257 1738 tantum
1299 1698 1342 1738 in
1386 1699 1490 1740 urbe

91 1752 274 1795 hostium
296 1763 415 1803 esset,
439 1769 536 1795 mox
562 1753 740 1795 Sabinae
775 1754 1062 1809 Etruscaeque
1086 1754 1273 1810 legiones
1301 1770 1354 1796 ex
1376 1771 1491 1797 com-

91 1810 227 1867 posito
256 1811 476 1860 adessent3
511 1820 599 1852 tum
622 1812 782 1852 aeterni
813 1811 954 1852 hostes
982 1810 1126 1852 Volsci
1148 1820 1192 1853 et
1223 1812 1380 1868 Aequi,
1404 1829 1491 1855 non

92 1867 146 1909 ad
171 1868 446 1925 populandos,
477 1877 523 1910 ut
551 1878 662 1918 ante,
691 1868 809 1917 fines,
839 1868 913 1909 sed
941 1868 993 1908 ad
1022 1869 1182 1918 urbem,
1213 1878 1260 1910 ut
1287 1885 1341 1911 ex
1372 1879 1490 1927 parte

92 1934 269 1982 captam,
298 1926 502 1968 venirent.
566 1925 697 1966 Multi
728 1934 771 1966 et
801 1926 903 1966 varii
936 1926 1116 1967 timores.
1180 1925 1298 1968 Inter
1330 1937 1492 1969 ceteros

93 1983 305 2025 eminebat
327 1993 459 2025 terror
486 1983 656 2032 servilis,
680 1998 733 2024 ne
755 1997 854 2023 suus
882 1983 1035 2038 cuique
1058 1983 1173 2024 domi
1202 1984 1332 2025 hostis
1356 1994 1487 2026 esset:

62 2057 81 2091 5
93 2041 161 2082 eui
182 2056 260 2083 nec
282 2041 466 2090 credere,
484 2056 576 2089 nec,
593 2055 678 2081 non
695 2039 920 2088 credendo,
936 2055 988 2080 ne
1007 2040 1195 2080 infestior
1210 2041 1342 2090 fieret,
1361 2042 1490 2083 fidem

60 2099 305 2154 6abrogare,
337 2098 434 2139 satis
465 2106 553 2139 erat
585 2106 733 2138 tutum.
798 2096 968 2151 Vixque
1000 2097 1225 2137 concordia
1254 2097 1341 2138 sisti
1374 2098 1492 2139 vide-

64 2155 216 2208 7batur
235 2170 377 2211 posse:
412 2164 576 2196 tantum
598 2154 890 2209 superantibus
911 2153 1002 2194 aliis
1030 2162 1155 2208 atquc
1177 2155 1491 2210 emergentibus

812 2287 956 2321 iurandi,
973 2286 992 2316 i.
1010 2297 1036 2316 e.
1055 2285 1170 2325 quibus
1188 2286 1282 2316 fidem
1306 2286 1488 2317 habendam

812 2329 842 2359 in
856 2329 1058 2359 iureiurando
1070 2340 1179 2367 neges:
1195 2334 1225 2358 et
1239 2329 1337 2359 Acad.
1351 2329 1488 2364 Quacst.

813 2372 851 2401 iv.
871 2370 918 2410 36.
951 2372 1129 2411 aequaliter
1145 2372 1290 2400 munibus
1312 2372 1489 2410 abroyatur

136 2300 153 2321 2
172 2291 333 2328 Quattuor
345 2289 445 2318 millia
458 2288 618 2318 hominum
631 2293 662 2318 et
674 2289 765 2327 qnin-

89 2334 195 2373 yerui]
221 2343 263 2362 nc.
284 2332 380 2369 Legio
400 2332 546 2361 Romanu
568 2341 605 2361 cx
625 2330 767 2369 quinque

93 2374 300 2410 cohortibus;
323 2373 437 2404 cohors
461 2384 532 2403 vero
558 2382 631 2403 xxx
657 2378 765 2402 centu-

92 2416 178 2454 riam
204 2416 346 2448 centuria
374 2426 445 2446 xxx
474 2415 592 2445 milites
618 2415 768 2451 habebat,

92 2463 263 2499 postquam
281 2459 382 2489 tribua
396 2458 525 2495 triginta
538 2459 671 2488 effectae
683 2461 768 2487 sunt.

137 2511 154 2540 3
177 2504 293 2531 Arcem
313 2503 523 2540 occupavere]
550 2499 694 2530 Tiberim
720 2509 764 2528 rn-

92 2543 179 2574 fibun
194 2543 292 2573 delmi
311 2553 367 2583 per
381 2542 620 2573 Carmentalem
640 2547 763 2580 portani

93 2596 175 2625 quae
191 2595 317 2624 semper
331 2589 442 2624 aperta
458 2589 536 2622 emt,
554 2584 635 2614 viam
657 2584 687 2613 in
705 2586 765 2614 Cn-

94 2627 243 2667 pitolium
262 2625 364 2656 moliti
381 2631 465 2656 nunt.

136 2681 155 2708 4
180 2671 307 2700 Incerto
321 2669 423 2706 boxle]
454 2669 566 2703 Quum
591 2668 698 2698 adhuc
721 2679 766 2698 es-

92 2716 141 2743 tet
165 2711 335 2747 incertum,
361 2710 432 2749 quin
462 2710 562 2740 hostin
589 2715 694 2745 esset:
733 2715 768 2739 ut

91 2754 146 2785 alii
160 2753 291 2783 ablativi
311 2753 439 2792 potuim,
450 2752 503 2781 ubi
520 2752 667 2791 partit-ip.
682 2751 766 2782 verbi

92 2796 282 2827 substantivi
300 2795 452 2825 omis-aum
470 2799 526 2824 ent.
555 2794 639 2824 Rus».

138 2848 155 2878 5
183 2839 296 2869 Fidem
322 2838 495 2876 abrnanre]
543 2835 617 2866 Non
650 2836 768 2866 habere

95 2879 204 2917 fldem,
222 2891 284 2911 non
310 2880 447 2910 credere.
493 2877 544 2909 Sic
561 2878 630 2909 Cic.
649 2888 705 2918 pro
723 2880 766 2913 Q.

95 2921 192 2955 Bone.
209 2934 259 2962 44.
275 2924 391 2964 quibus
413 2923 542 2960 abroges
549 2921 648 2961 fidem
672 2922 767 2951 inris-

804 2415 901 2453 fides,
919 2413 947 2443 id
966 2418 1025 2449 cst,
1042 2414 1121 2443 nulli
1139 2414 1287 2442 creditur.
1330 2414 1488 2444 Reciden-

813 2457 890 2486 dum
908 2466 981 2493 crgo
998 2456 1049 2486 hic
1068 2456 1193 2485 videtur
1209 2456 1303 2485 inane
1319 2456 1488 2494 glossema,

812 2510 873 2528 mm
890 2499 1052 2528 credenda.
1078 2500 1183 2527 Ciu-zv.

853 2540 872 2570 6
905 2541 1024 2580 Virque
1042 2541 1208 2569 rmwordin
1229 2541 1314 2577 xisti]
1347 2539 1488 2579 Vixque,

812 2583 908 2613 ctiam
934 2583 1082 2612 concordi
1111 2587 1262 2612 manente
1287 2582 1427 2619 civitate,
1444 2582 1487 2612 vi-

812 2626 949 2655 debatur
989 2624 1089 2655 resisti
1135 2635 1226 2662 pome-
1270 2624 1344 2654 huic
1390 2626 1486 2656 malo.

812 2668 917 2698 Ciu-:iu

858 2718 873 2747 7
899 2711 1005 2748 Atque
1030 2709 1279 2748 emeryenhbm]
1312 2711 1361 2739 Ac
1389 2721 1486 2741 emer-

808 2752 958 2790 yentu‘bm
986 2751 1083 2780 Dmk.
1112 2756 1144 2781 et
1172 2751 1310 2782 bekker.
1337 2752 1393 2782 sed
1417 2762 1487 2783 raro

812 2793 1042 2828 zulin‹›du1n,et
1059 2794 1189 2823 sommae
1207 2803 1373 2833 nunquam
1390 2794 1486 2834 parti-

813 2835 919 2865 culam
944 2846 983 2865 uc
1010 2835 1148 2874 ropcrimi
1170 2836 1258 2875 apud
1283 2836 1487 2874 Ciceronem,

816 2876 955 2914 Livium,
987 2877 1171 2916 Virgilium,
1200 2882 1233 2909 et
1261 2878 1342 2909 ulios
1370 2889 1487 2910 aureae

815 2919 999 2951 Latinitatis
1027 2920 1207 2961 scriptores,
1238 2921 1377 2953 locatam
1409 2926 1486 2954 ante

1176 2965 1254 3003 »12

1054 437 1290 479 Confestim
1321 438 1366 478 in
1393 453 1486 480 arce
1500 436 1704 518 occfflissssiium

1578 1583 1642 1622 16.
