1934 3211
408 158 489 197 548
914 158 1062 201 ΤΙΤΙ
1104 160 1281 202 LIVII

193 253 237 284 U·
254 253 292 310 C:
309 262 381 293 445-
408 250 528 291 hoste
550 250 593 291 in
622 266 719 292 eum
740 266 897 292 annum
927 266 1117 307 pensum,
1139 260 1183 293 et
1212 252 1334 293 binae
1356 252 1522 293 tunicae
1554 252 1598 292 in
1619 251 1812 294 militem>

191 297 231 328 A·
255 297 293 328 C·
310 304 382 336 307·
409 317 593 350 exactae.
657 308 720 350 Ea
740 324 898 350 merces
919 309 1176 350 indutiarum
1196 310 1285 351 fuit.

466 366 733 423 Tranquillas
753 382 818 408 res
845 367 928 407 iam
951 367 1137 408 Etruscis
1162 367 1343 409 turbavit
1369 367 1589 424 repentina
1614 367 1794 409 defectio

409 425 679 474 Umbrorum,
697 425 833 481 gentis
854 424 1040 480 integrae
1057 441 1080 466 a
1101 425 1288 467 cladibus
1302 425 1414 475 belli,
1432 426 1512 467 nisi
1533 425 1647 482 quod
1663 434 1795 467 trans—

407 484 513 525 itum
535 484 742 524 exercitus
764 498 862 538 ager
889 491 1083 523 senserat.
1136 483 1186 533 Ii,
1208 484 1415 524 concitata
1436 484 1551 525 omni
1574 483 1792 525 inventute

408 557 494 591 sua,
517 550 560 584 et
587 556 738 597 magna
760 549 876 596 parte
900 539 1171 581 Etruscorum
1196 541 1250 581 ad
1276 541 1545 582 rebellionem
1566 541 1791 597 compulsa,

409 609 573 641 tantum
604 599 812 639 exercitus
843 597 1040 647 fecerant,
1072 607 1131 647 ut,
1162 598 1308 639 relicto
1344 607 1438 654 post
1469 613 1511 640 se
1547 599 1593 639 in
1625 599 1794 640 Etruria

407 657 556 706 Decio,
579 657 632 697 ad
653 655 976 712 oppugnandam
999 655 1098 695 inde
1122 655 1301 696 Romam
1323 656 1466 705 ituros,
1489 656 1708 712 magnifice
1738 656 1791 698 de

406 732 462 765 se,
485 730 531 755 ac
553 713 825 769 contemptim
843 712 895 753 de
918 712 1123 754 Romanis
1142 713 1373 768 loquentes,
1388 713 1599 755 iactarent.
1663 714 1793 763 Quod

405 774 621 828 inceptum
643 786 786 812 eorum
808 771 881 811 ubi
902 770 954 811 ad
980 770 1162 812 Decium
1183 770 1397 811 consulem
1416 770 1622 827 perlatum
1642 781 1715 822 est,
1738 771 1793 813 ad

406 831 553 871 urbem
583 844 635 870 ex
659 828 827 869 Etruria
856 828 1017 884 magnis
1038 828 1255 870 itineribus
1282 829 1431 885 pergit,
1454 837 1497 869 et
1517 828 1562 869 in
1589 843 1686 885 agro
1706 829 1792 871 Pu-

406 887 586 944 piniensi
609 887 661 927 ad
681 886 833 927 famam
846 886 1033 927 intentus
1053 886 1237 927 hostium
1258 886 1457 928 consedit.
1519 885 1613 928 Nec
1632 886 1790 928 Romae

405 946 679 1002 spernebatur
719 944 976 985 Umbrorum
1011 944 1190 985 bellum:
1233 953 1276 986 et
1314 945 1427 1001 ipsae
1460 943 1598 985 minae
1633 951 1792 985 metum

404 1004 589 1044 fecerant
609 1002 793 1059 expertis
809 1001 972 1043 Gallica
988 1002 1118 1052 clade,
1137 1017 1263 1058 quam
1284 1003 1462 1043 intutam
1474 1002 1622 1043 urbem
1637 1001 1793 1043 incole-

404 1070 509 1102 rent.
572 1061 720 1117 Itaque
742 1060 868 1117 legati
889 1060 943 1101 ad
972 1059 1146 1101 Fabium
1171 1060 1385 1101 consulem
1411 1060 1525 1101 missi
1544 1068 1654 1110 sunt,
1677 1068 1736 1110 ut,
1758 1060 1792 1101 si

405 1119 509 1176 quid
529 1119 756 1160 laxamenti
784 1134 808 1160 a
828 1118 938 1160 bello
966 1117 1216 1159 Samnitium
1245 1127 1364 1167 esset,
1386 1118 1431 1158 in
1457 1117 1676 1159 Umbriam
1696 1132 1792 1174 pro-

404 1193 503 1233 pere
529 1177 761 1218 exercitum
792 1176 975 1217 duceret.
1039 1176 1167 1217 Dicto
1197 1175 1334 1232 paruit
1365 1175 1523 1226 consul,
1546 1175 1790 1232 magnisque

404 1235 624 1277 itineribus
645 1234 698 1275 ad
729 1234 985 1283 Mevaniam,
1008 1234 1080 1275 ubi
1102 1242 1190 1275 tum
1212 1234 1355 1290 copiae
1383 1233 1639 1275 Umbrorum
1659 1242 1790 1284 erant,

185 1298 308 1329 Contra
404 1293 600 1358 perrexit.
665 1292 836 1348 Repens
857 1291 1060 1333 adventus
1081 1292 1275 1342 consulis,
1293 1307 1421 1348 quem
1446 1290 1593 1347 procul
1615 1290 1792 1333 Umbria

188 1341 340 1373 Umbros.
404 1367 449 1392 1n
480 1351 649 1392 Samnio
679 1350 788 1391 bello
809 1350 890 1391 alio
921 1358 1172 1406 occupatum
1202 1349 1480 1399 crediderant,
1502 1348 1560 1390 ita
1589 1349 1792 1390 exterruit

406 1409 602 1459 Umbros,
636 1417 683 1450 ut
718 1408 788 1448 alii
823 1407 1106 1449 recedendum
1140 1408 1193 1449 ad
1228 1408 1351 1449 urbes
1390 1407 1584 1456 munitas,
1618 1406 1791 1462 quidam

404 1467 685 1507 omittendum
724 1466 881 1507 bellum
922 1477 1151 1507 censerent.
1221 1465 1351 1522 Plaga
1389 1481 1473 1506 una
1515 1464 1823 1521 (MaterinamS

402 1524 482 1581 ipsi
512 1524 745 1580 appellant)
775 1539 860 1565 non
891 1524 1098 1565 continuit
1129 1523 1254 1565 modo
1290 1532 1450 1565 ceteros
1480 1522 1525 1563 in
1555 1522 1690 1572 armis,
1717 1521 1792 1564 sed

403 1582 622 1623 confestim
662 1581 715 1621 ad
756 1589 966 1622 certamen
1002 1582 1098 1637 egit.
1164 1580 1312 1622 Castra
1352 1581 1573 1622 vallantem
1614 1579 1791 1621 Fabium

403 1639 538 1680 adorti
560 1647 667 1679 sunt.
733 1638 851 1686 Quos
882 1638 953 1679 ubi
974 1639 1125 1679 effusos
1146 1654 1265 1679 ruere
1294 1639 1339 1679 in
1364 1639 1626 1679 munimenta
1645 1636 1790 1679 consul

403 1697 520 1747 vidit,
542 1704 755 1738 revocatos
776 1695 928 1736 milites
953 1696 1004 1736 ab
1026 1711 1163 1751 opere,
1186 1704 1310 1751 prout
1330 1695 1411 1736 loci
1431 1704 1579 1736 natura
1606 1703 1790 1750 tempus-

403 1770 485 1811 que
511 1755 756 1810 patiebatur,
778 1753 837 1794 ita
866 1753 1084 1794 instruxit:
1129 1753 1450 1809 cohortatusque
1481 1751 1789 1808 praedicatione

403 1828 501 1854 vera
533 1827 617 1868 qua
647 1812 692 1852 in
733 1811 893 1860 Tuscis,
927 1826 1010 1866 qua
1048 1810 1092 1850 in
1127 1809 1296 1851 Samnio
1326 1819 1541 1866 partorum
1574 1809 1787 1860 decorum,

404 1870 598 1926 exiguam
620 1869 896 1925 appendicem
918 1868 1083 1909 Etrusci
1104 1868 1202 1909 belli
1223 1868 1427 1909 conficere
1449 1868 1587 1909 iubet:
1621 1867 1789 1909 etvocis

405 1924 557 1984 impiae
578 1942 734 1983 poenas
764 1934 973 1982 expetere,
996 1941 1079 1981 qua
1109 1941 1151 1967 se
1183 1926 1330 1967 urbem
1361 1925 1597 1966 Romanam
1627 1940 1788 1982 oppug-

404 1996 574 2026 naturos
601 1984 748 2025 minati
778 1992 885 2024 sunt.
950 1982 1068 2024 Haec
1100 1991 1216 2024 tanta
1242 1991 1339 2024 sunt
1369 1982 1578 2024 alacritate
1607 1982 1788 2024 militum

404 2043 557 2092 audita,
589 2051 637 2083 ut
668 2041 835 2090 clamor,
864 2056 938 2082 sua
967 2049 1114 2097 sponte
1154 2050 1281 2091 ortus,
1313 2040 1556 2096 loquentem
1590 2040 1788 2096 interpel-

403 2101 551 2142 laverit
571 2100 734 2141 ducem.
797 2099 911 2141 Ante
939 2098 1162 2155 imperium
1183 2098 1336 2140 deinde
1365 2106 1574 2139 concentu
1594 2098 1788 2139 tubarum

404 2174 452 2200 ac
468 2173 670 2200 cornuum
685 2172 807 2198 cursu
823 2157 954 2198 effuso
968 2156 1012 2197 in
1028 2156 1190 2197 hostem
1206 2156 1406 2198 feruntur.
1469 2154 1571 2197 Non
1587 2163 1786 2212 tanquam

404 2217 448 2257 in
480 2216 588 2257 viros
623 2223 695 2256 aut
730 2224 907 2256 armatos
942 2214 1183 2255 incurrunt:
1217 2213 1441 2269 (mirabilia
1475 2213 1636 2268 dictul)
1669 2213 1787 2270 signa

403 2274 538 2330 primo
559 2273 662 2329 eripi
684 2281 831 2328 coepta
858 2271 1086 2327 signiferis;
1120 2271 1271 2313 deinde
1293 2271 1372 2328 ipsi
1399 2270 1583 2327 signiferi
1604 2270 1712 2312 trahi
1732 2270 1786 2312 ad

403 2331 629 2380 consulem,
648 2330 877 2386 armatique
900 2329 1052 2370 milites
1068 2345 1121 2370 cx
1142 2329 1228 2370 acie
1251 2329 1294 2370 in
1315 2329 1447 2370 aciem
1465 2328 1695 2370 transferri:
1728 2336 1784 2378 et,

403 2389 535 2430 sicubi
556 2398 617 2429 est
638 2397 861 2437 certamen,
884 2387 1010 2427 scutis
1031 2387 1172 2443 magis,
1196 2402 1321 2443 quam
1346 2386 1507 2442 gladiis,
1528 2385 1687 2441 geritur
1706 2401 1782 2427 res.

406 2446 671 2488 Umbonibus
692 2446 938 2500 incussaque
956 2444 1019 2485 ala
1035 2452 1276 2485 sternuntur
1295 2444 1444 2485 hostes
1506 2443 1608 2484 Plus
1623 2443 1816 2500 capitur9

445 2589 463 2619 8
486 2589 593 2627 Playa
609 2587 693 2625 una]
714 2586 808 2618 Unus
820 2596 859 2616 ex
877 2585 1004 2624 populis
1020 2584 1069 2621 iis,
1113 2584 1246 2615 minime
1262 2588 1375 2615 mutuo
1393 2583 1525 2614 consilio
1544 2594 1594 2615 res
1610 2585 1781 2624 gerebant:

402 2630 435 2660 in
460 2641 539 2669 quos
558 2631 753 2661 Umbrorum
775 2638 852 2668 gens
872 2628 973 2658 divisa
992 2631 1067 2658 erat.
1114 2627 1264 2666 quoniam
1295 2627 1461 2658 Camertes
1497 2626 1672 2666 hospitium
1709 2637 1783 2658 cum

404 2674 540 2713 Playam
550 2672 602 2703 hic
614 2682 687 2702 cum
703 2669 1070 2709 Douiatiointelligimus
1115 2669 1272 2700 Romanis
1283 2669 1453 2700 iunxerant
1465 2679 1551 2708 supr.
1560 2668 1660 2709 36,et‚
1670 2669 1783 2701 unicus

403 2718 570 2755 regionem.
616 2714 716 2745 Addit
733 2714 853 2750 Livius,
869 2714 1069 2744 sslaterinam
1116 2712 1272 2743 Umbriae
1298 2713 1449 2752 populus,
1476 2715 1588 2751 postea
1614 2722 1688 2742 cum
1715 2713 1781 2744 Ro-

402 2759 464 2796 ipsi
488 2759 666 2797 appellant,
689 2757 764 2796 quia
785 2766 902 2795 nempe
929 2755 989 2785 hoc
1016 2765 1068 2785 no-
1115 2754 1218 2785 manis
1231 2765 1334 2794 aequo
1346 2755 1473 2786 foedere
1484 2753 1586 2785 iuncti
1598 2758 1700 2793 erant,
1709 2754 1780 2786 infr.

403 2809 476 2829 men
493 2799 632 2839 ignobile
648 2804 725 2836 erat,
742 2809 800 2829 nec
815 2799 946 2829 fortasse
962 2797 1021 2828 nisi
1036 2797 1068 2827 in
1114 2797 1226 2828 xxviii.
1243 2806 1293 2837 45.

403 2840 472 2879 ipsa
483 2842 609 2880 regione
622 2846 742 2873 notum.
760 2842 865 2872 Cnssv.
890 2840 1025 2879 Quippe
1037 2839 1070 2870 in
1157 2850 1176 2880 9
1192 2841 1389 2880 Incussaque
1404 2841 1474 2878 ala]
1502 2840 1634 2870 Incusso
1650 2839 1776 2869 lacerto.

403 2883 555 2921 regiones,
565 2883 629 2913 sive
641 2883 741 2913 tribus
754 2883 922 2914 Umbriam
934 2882 1066 2912 divisam
1114 2882 1237 2913 Eadem
1269 2882 1388 2914 locutio
1413 2892 1519 2913 rursus
1543 2881 1678 2913 occurrit
1706 2879 1776 2910 infr.

403 2925 498 2955 fuisse
522 2928 656 2959 constat,
681 2926 719 2956 cf.
742 2925 813 2957 infr.
829 2925 916 2957 xxxi.
935 2935 962 2957 ε».
987 2935 1067 2964 quac
1112 2935 1187 2956 xxx.
1207 2934 1253 2963 34.
