1934 3211
385 160 466 198 616
583 156 920 199 LIBRORUM
953 157 1081 207 XIX,
1105 156 1207 198 XX.
1244 155 1581 199 EPITOMAE.

384 249 631 290 censoribus
677 249 891 289 conditum
937 255 1014 289 est.
1100 249 1241 290 Censa
1289 254 1387 289 sunt
1434 248 1587 289 civium
1627 248 1780 303 capita

383 307 567 346 ducenta
598 306 916 361 quinquaginta
947 321 1071 346 unum
1101 305 1251 355 millia,
1283 306 1466 346 ducenta
1496 305 1652 360 viginti
1682 306 1778 346 duo.

389 362 590 412 Claudia,
612 377 738 403 soror
759 363 813 404 P.
837 362 1027 412 Claudii,
1051 363 1138 417 qui,
1158 363 1410 418 contemptis
1430 362 1654 418 auspiciis,
1671 362 1783 403 male

375 425 672 474 pugnaverat,
704 435 732 460 a
763 420 876 460 ludis
911 425 1144 467 revertens,
1177 434 1302 474 quum
1342 419 1468 460 turba
1501 425 1781 473 premeretur,

383 477 526 517 dixit:
575 476 753 517 Utinam
792 476 925 516 frater
954 490 1074 516 meus
1106 476 1281 523 viveret,
1322 475 1564 529 iterumque
1601 474 1782 516 classem

383 533 582 574 duceret!
621 532 687 573 Ob
707 547 800 572 eam
830 547 1004 572 causam
1024 532 1157 572 multa
1184 532 1224 572 ei
1253 531 1372 572 dicta
1393 538 1468 572 est.
1530 532 1634 572 Duo
1647 546 1782 586 prae-

383 595 498 630 tores
519 596 604 630 tum
617 589 805 643 primum
823 589 960 629 creati
976 594 1085 628 sunt.
1124 588 1340 628 Caecilius
1357 588 1563 628 [Metellus
1579 588 1783 643 pontifex

384 647 587 687 maximus
608 645 663 686 A.
685 645 947 686 Postumium
969 645 1193 694 consulem,
1217 644 1416 699 quoniam
1437 645 1548 686 idem
1567 650 1610 685 et
1615 645 1783 699 flamen

384 703 617 743 sslartialis
646 708 756 751 erat,
789 716 914 756 quum
953 702 992 742 is
1023 703 1084 742 ad
1121 702 1272 742 bellum
1298 702 1533 757 gerendum
1555 701 1783 756 proficisci

384 760 522 808 vellet,
555 759 598 799 in
628 759 731 799 urbe
762 759 912 808 tenuit,
943 773 1019 799 nec
1053 773 1211 813 passus
1241 764 1306 799 est
1336 773 1364 799 a
1393 758 1534 799 sacris
1565 759 1780 799 recedere.

383 816 532 857 Rebus
547 817 753 856 adversus
770 816 941 856 Poenos
956 830 983 856 a
992 816 1195 870 pluribus
1210 816 1389 856 ducibus
1401 829 1616 870 prospere
1628 815 1782 870 gestiS,

383 887 585 913 summam
606 873 818 914 victoriae
853 873 900 914 C,
924 873 1130 913 Lutatius
1161 873 1320 922 consul,
1352 873 1467 913 victa
1497 873 1559 913 ad
1585 871 1783 927 Aegates

384 930 548 971 insulas
577 931 715 971 classe
746 930 1002 978 Poenorum,
1033 930 1248 984 imposuit.
1311 929 1564 970 Petentibus
1599 929 1784 969 Cartha-

379 986 651 1041 giniensibus
663 1001 764 1042 pax
784 988 890 1028 data
912 993 990 1028 est.
1033 986 1169 1032 Quum
1191 987 1389 1042 templum
1420 986 1574 1027 Vestae
1594 986 1782 1033 arderet,

389 1044 604 1085 Caecilius
632 1044 838 1084 Bletellus
860 1043 1067 1098 pontifex·
1097 1044 1308 1085 maximus
1338 1058 1394 1084 ea·
1425 1043 1621 1084 incendio
1651 1057 1784 1083 sacra

383 1102 546 1155 rapuit.
614 1101 748 1142 Duae
778 1101 916 1141 tribus
947 1101 1146 1141 adiectae
1174 1107 1284 1150 sunt,
1326 1101 1474 1141 Velina
1505 1106 1547 1141 et
1583 1099 1781 1147 Quirina.

383 1158 554 1199 Falisci
585 1173 710 1213 quum
742 1158 1034 1207 rebellassent,
1066 1164 1188 1199 sexto
1220 1158 1289 1199 die
1309 1157 1560 1213 perdomiti,
1591 1157 1635 1197 in
1665 1155 1784 1197 dedi-

385 1215 539 1256 tionem
561 1221 774 1256 venerunt.
1826 1216 1829 1218 ’

748 1380 1057 1421 EPITOME
1088 1379 1283 1421 LIBRI
1308 1379 1412 1420 XX.

385 1491 593 1532 SPOLE
606 1491 673 1531 TI
680 1491 779 1531 UM
803 1490 971 1532 colonia
998 1492 1182 1532 deducta
1207 1496 1284 1531 est.
1346 1489 1567 1530 Aduersus
1591 1489 1784 1544 Ligures

384 1553 484 1588 tunc
507 1548 695 1602 primum
735 1548 953 1588 eoeercitus
978 1553 1203 1602 promotus
1242 1553 1319 1588 est.
1382 1546 1514 1586 Sardi
1555 1552 1597 1587 et
1642 1545 1782 1594 Corsi,

384 1619 508 1659 quum
538 1604 832 1652 rebellassent,
864 1605 1034 1645 subacti
1064 1610 1174 1645 sunt.
1244 1604 1405 1644 Tuccia
1435 1603 1561 1658 virgo
1601 1602 1785 1642 Vestalis

383 1661 535 1701 incesti
566 1661 770 1700 damnata
801 1666 878 1701 est.
952 1661 1121 1701 Bellum
1151 1661 1339 1714 Illyriis,
1364 1665 1551 1714 propter
1580 1673 1703 1699 unum
1733 1672 1784 1698 ex

383 1718 556 1773 legatis,
576 1717 648 1771 qui
670 1718 730 1757 ad
742 1732 814 1758 eos
831 1717 949 1757 missi
971 1723 1106 1766 erant,
1125 1718 1324 1765 occisum,
1340 1716 1541 1757 indictum
1563 1720 1654 1756 est:
1685 1715 1782 1756 sub-

383 1775 558 1829 actique
602 1774 646 1814 in
692 1774 945 1814 deditionem
986 1780 1200 1814 venerunt.
1285 1773 1538 1813 Praetorum
1586 1786 1783 1812 numerus

383 1831 613 1885 ampliatus
635 1836 714 1879 est,
737 1836 782 1870 ut
804 1836 942 1870 essent
958 1836 1174 1884 quattuor.
1242 1829 1366 1869 Galli
1394 1828 1688 1883 Transalpini,
1710 1829 1783 1883 qui

384 1889 426 1928 in
448 1888 625 1928 Italiam
656 1888 918 1941 irruperant,
943 1887 1060 1926 caesi
1081 1891 1191 1926 sunt.
1254 1886 1324 1926 Eo
1349 1886 1456 1926 bello
1475 1885 1666 1940 populus
1691 1885 1783 1925 Ro-

382 1959 532 1985 manus
561 1944 627 1984 sui
658 1943 894 1998 Latinique
924 1943 1103 1983 nominis
1134 1948 1324 1982 trecenta
1355 1942 1490 1982 millia
1521 1947 1783 1982 armatorum

383 2001 583 2042 habuisse
603 2001 774 2040 dicitur.
828 2000 871 2040 E
873 1999 1106 2040 z'ercetebus
1128 1999 1339 2039 Romanis
1360 2004 1445 2039 tum
1459 1999 1645 2052 primum
1662 2004 1783 2039 trans

384 2059 426 2098 P
425 2059 550 2098 adum
582 2057 736 2106 ductis,
774 2056 897 2097 Galli
935 2056 1155 2102 Insubres,
1187 2056 1354 2110 aliquot
1387 2055 1572 2110 proeliis
1588 2055 1706 2109 susi,
1737 2055 1782 2096 in

382 2115 635 2156 deditionem
654 2128 779 2154 tener
783 2120 866 2154 unt
902 2113 968 2154 M.
990 2113 1196 2153 Claudius
1211 2113 1453 2153 Illarcellus
1467 2113 1624 2159 consul,
1640 2111 1782 2152 occiso

381 2172 625 2212 Insubrium
646 2171 872 2211 Gallorum
889 2171 995 2210 duce
1018 2170 1284 2218 Virdomaro,
1302 2169 1443 2224 opima
1460 2168 1602 2223 spolia
1618 2168 1779 2209 retulit.

382 2229 490 2269 Istri
510 2228 679 2269 subacti
700 2233 809 2268 sunt.
871 2227 979 2267 Item
999 2227 1164 2280 Illyrii,
1183 2241 1306 2281 quum
1324 2226 1614 2276 rebellassent,
1631 2224 1781 2266 domiti

382 2286 423 2325 in
453 2285 707 2326 deditionem
737 2290 952 2325 venerunt.
1014 2285 1219 2325 Lustrum
1247 2299 1274 2324 a
1303 2283 1549 2324 censoribus
1569 2282 1780 2323 conditum

382 2349 459 2392 est,
493 2357 575 2397 quo
607 2356 735 2382 censa
776 2348 873 2381 sunt
908 2341 1060 2381 civium
1092 2341 1242 2395 capita
1279 2341 1460 2380 ducenta
1500 2339 1781 2394 septuaginta

380 2400 531 2449 millia,
570 2400 749 2439 ducenta
790 2399 1006 2439 tredecim.
1068 2397 1285 2438 Libertini
1316 2397 1366 2437 in
1402 2401 1604 2451 quattuor
1643 2396 1780 2436 tribus

382 2456 549 2497 reducti
584 2462 694 2504 sunt,
733 2469 857 2510 quum
891 2461 1018 2495 antea
1060 2454 1246 2509 dispersi
1271 2468 1357 2509 per
1394 2467 1535 2494 omnes
1558 2452 1779 2507 ficissent,-

382 2513 672 2568 Esquilinam,
696 2512 962 2560 Palatinam,
995 2511 1279 2560 Suburanam,
1316 2510 1537 2551 Collinam.
1604 2510 1652 2550 C
1673 2509 1779 2550 Fla-

382 2570 534 2610 minius
562 2585 710 2610 censor
736 2570 849 2610 viam
874 2568 1132 2609 Flaminiam
1160 2568 1346 2617 munivit,
1370 2573 1412 2608 et
1439 2567 1596 2607 circum
1617 2565 1779 2607 Flami-

382 2627 492 2667 nium
525 2627 750 2667 exstruxit.
838 2626 1045 2666 Coloniae
1075 2626 1282 2666 deductae
1311 2625 1355 2664 in
1385 2639 1496 2679 agro
1536 2624 1588 2664 de
1632 2622 1779 2664 Gallis

383 2690 526 2737 capto,
550 2684 780 2724 Placentia
801 2689 842 2724 et
870 2682 1092 2723 Cremona.

850 2828 980 2858 1³1le
1006 2827 1126 2858 TOMI
1157 2826 1308 2857 PRIMI.
