1934 3211
447 192 501 229 42
959 188 1106 232 ΤΙΤΙ
1148 189 1323 231 LIVII

447 279 617 320 cumoni
648 287 804 330 contra,
840 279 1028 321 omnium
1063 280 1208 322 heredi
1243 282 1462 329 bonorum,
1494 294 1625 335 quum
1660 279 1829 323 divitiae

446 336 530 377 iam
557 336 716 378 animos
743 337 938 387 facerent,
968 338 1085 379 auxit
1117 338 1244 379 ducta
1274 338 1319 378 in
1351 337 1661 378 matrimonium
1691 337 1731 378 T
1732 353 1830 380 ana-

447 394 549 450 quil,
580 409 742 436 summo
769 394 861 436 loco
888 404 997 445 nata,
1026 404 1069 436 et
1094 411 1200 452 quae
1231 395 1344 436 haud
1370 395 1489 436 facile
1518 395 1580 445 iis,
1612 394 1656 436 in
1677 395 1859 451 quibus4

445 460 544 493 nata
563 461 663 502 erat,
685 452 909 494 humiliora
928 453 1083 494 sineret
1103 468 1164 503 ea,
1182 468 1288 509 quae
1306 453 1567 508 innupsisset.
1619 452 1828 509 Spernen-

446 509 556 551 tibus
594 509 780 551 Etruscis
812 510 1117 560 Lucumonem,
1159 510 1301 552 exsule
1342 509 1502 551 advena
1540 518 1690 559 ortum,
1720 510 1827 551 ferre

444 566 739 623 indignitatem
760 583 846 609 non
869 568 1029 633 potuit3
1060 567 1270 623 oblitaque
1292 567 1503 623 ingenitae
1528 582 1626 623 erga
1654 568 1827 623 patriam

444 625 639 674 caritatis,
681 625 909 666 dummodo
944 626 1079 666 virum
1115 625 1365 666 honoratum
1396 624 1570 674 videret,
1607 624 1828 666 consilium

443 682 652 748 migrandi
692 683 743 723 ab
779 682 1020 739 Tarquiniis
1053 682 1175 738 cepit.
1238 682 1375 723 Roma
1406 690 1469 722 est
1500 681 1554 722 ad
1585 681 1630 722 id
1664 682 1829 738 potissi-

443 754 559 780 mum
585 740 682 781 visa.
745 739 796 781 In
832 756 939 781 novo
971 740 1138 805 populo,
1171 739 1243 781 ubi
1279 738 1413 780 omnis
1447 739 1668 794 repentina
1702 747 1858 795 atque5

443 812 497 838 ex
532 797 686 838 virtute
721 798 915 838 nobilitas
949 797 1014 847 sit,
1049 797 1237 838 futurum
1271 796 1410 838 locum
1444 796 1541 837 forti
1576 811 1623 837 ac
1657 804 1828 839 strenuo

442 854 553 895 viro:
596 870 787 910 regnasse
825 855 996 896 Tatium
1035 854 1258 897 Sabinum:
1301 854 1542 895 arcessitum
1575 854 1622 894 in
1651 868 1827 910 regnum

443 911 631 952 Numam
676 927 700 953 a
741 912 950 954 Curibus:
1002 921 1045 954 et
1090 912 1259 954 Ancum
1302 911 1456 954 Sabina
1499 919 1630 952 matre
1675 919 1860 962 ortum,6

441 969 710 1025 nobilemque
741 985 827 1011 una
855 970 1036 1026 imagine
1059 969 1227 1011 Numae
1258 985 1357 1011 esse.
1419 968 1557 1011 Facile
1589 968 1826 1026 persuadet,

442 1034 490 1067 ut
510 1026 664 1083 cupido
684 1027 903 1077 honorum,
921 1036 964 1069 et
979 1028 1046 1068 cui
1063 1027 1285 1084 Tarquinii
1305 1035 1492 1068 materna
1512 1035 1675 1068 tantum
1695 1027 1829 1083 patria

441 1092 560 1125 esset.
632 1083 813 1125 Sublatis
849 1086 990 1141 itaque
1025 1085 1148 1126 rebus
1182 1085 1457 1150 commigrant
1493 1084 1685 1126 Romam.
1753 1084 1827 1126 Ad

443 1140 680 1182 Ianiculum
700 1141 805 1183 forte
826 1151 1000 1182 ventum
1021 1150 1119 1183 erat.
1171 1140 1238 1183 Ibi
1258 1142 1311 1192 ei,
1327 1150 1525 1198 carpento
1546 1141 1709 1183 sedenti
1730 1156 1826 1183 cum

440 1214 584 1249 uxore,
607 1198 758 1255 aquila,
781 1199 989 1256 suspensis
1010 1199 1189 1240 demissa
1206 1198 1359 1240 leniter
1378 1198 1465 1249 alis,
1486 1199 1643 1255 pileum
1664 1199 1823 1241 aufert.

439 1271 648 1312 superque
670 1265 915 1313 carpentum
936 1271 1032 1297 cum
1060 1271 1212 1322 magno
1242 1256 1434 1321 clangore
1455 1256 1645 1306 volitans,
1672 1271 1825 1308 rursus,

439 1314 555 1355 velut
578 1314 809 1356 ministerio
840 1314 1040 1355 divinitus
1070 1314 1206 1364 missa,
1236 1314 1364 1370 capiti
1390 1321 1485 1370 apte
1510 1314 1697 1370 reponit.
1726 1314 1827 1356 inde

439 1371 627 1413 sublimis
652 1372 764 1413 abiit.
829 1372 1054 1428 Accepisse
1075 1371 1119 1412 id
1145 1372 1364 1428 augurium
1384 1370 1494 1412 laeta
1512 1371 1667 1412 dicitur
1687 1371 1827 1414 Tana-

439 1429 540 1485 quil,
555 1429 700 1485 perita,
716 1438 763 1470 ut
775 1429 897 1486 vulgo
915 1429 1094 1478 Etrusci,
1109 1429 1351 1470 coelestium
1363 1428 1650 1485 prodigiorum
1663 1428 1824 1472 mulier.

441 1486 619 1528 Excelsa
639 1496 681 1528 et
701 1486 784 1528 alta
803 1501 966 1543 sperare
995 1486 1215 1542 complexa
1234 1486 1369 1527 virum
1396 1486 1533 1528 iubet:
1564 1501 1656 1528 eam
1683 1486 1826 1529 alitem

439 1559 489 1585 ea
508 1545 676 1600 regione
694 1544 799 1586 coeli
816 1553 858 1585 et
875 1544 964 1585 eius
985 1544 1054 1585 dei
1075 1545 1266 1585 nuntiam
1282 1544 1442 1585 venisse
1458 1560 1467 1585 :
1491 1544 1602 1585 circa
1616 1559 1826 1586 summum

438 1601 607 1643 culmen
627 1601 808 1643 hominis
829 1602 1060 1658 auspicium
1087 1601 1257 1643 fecisse:
1290 1601 1443 1643 levasse
1471 1601 1655 1643 humano
1683 1616 1827 1658 super-

438 1660 621 1715 positum
657 1660 784 1715 capiti
820 1659 959 1709 decus,
991 1667 1040 1700 ut
1070 1659 1269 1701 divinitus
1299 1659 1437 1700 eidem
1467 1658 1671 1700 redderet.
1735 1659 1826 1701 Has

438 1732 531 1772 spes
553 1717 909 1773 cogitationesque
931 1732 1073 1758 secum
1093 1725 1318 1773 portantes,
1341 1717 1488 1758 urbem
1508 1716 1681 1772 ingressi
1702 1725 1822 1767 sunt3

438 1774 734 1830 domicilioque
766 1774 824 1816 ibi
854 1782 1105 1831 comparato,
1135 1774 1183 1815 L.
1208 1773 1488 1830 Tarquinium
1515 1773 1705 1815 Priscum
1735 1774 1857 1824 edi-7

438 1831 537 1872 dere
559 1847 724 1873 nomen.
774 1832 976 1873 Romanis
992 1832 1264 1888 conspicuum
1281 1847 1377 1873 eum
1393 1831 1553 1873 novitas
1569 1831 1824 1888 divitiaeque

438 1889 667 1930 faciebant:
699 1897 741 1930 et
761 1890 849 1946 ipse
870 1889 1080 1930 fortunam
1108 1889 1290 1945 benigno
1318 1889 1512 1945 alloquio,
1534 1889 1730 1931 comitate
1760 1890 1825 1931 in-

481 2024 500 2051 4
526 2013 702 2053 Tanaquil]
740 2012 836 2048 Quae
860 2012 893 2043 in
916 2012 980 2043 alia
1001 2013 1112 2043 fabula
1150 2018 1247 2053 pater
1267 2014 1398 2044 nullus.-
1428 2015 1557 2045 Numae
1577 2023 1675 2053 nepos
1695 2013 1825 2045 dicitur.

439 2054 520 2086 Caia
541 2055 685 2086 Caecilia
710 2055 835 2086 dicitur.
870 2056 920 2087 Cf.
945 2056 1060 2086 Festus
1082 2066 1110 2086 v.
1155 2057 1261 2087 (ἷκεν.

439 2098 592 2128 Praedia.
617 2097 751 2129 Niebhr.
769 2097 788 2129 i.
806 2108 836 2137 p.
859 2106 928 2138 357.
954 2098 1007 2137 qui
1030 2098 1111 2129 Cae-
1201 2106 1216 2138 7
1239 2098 1405 2136 Priscum]
1432 2097 1579 2138 Sigonius
1593 2096 1755 2129 existimat
1769 2098 1823 2130 de·

439 2139 546 2170 ciliam
575 2139 761 2179 antiquioris
790 2140 872 2178 aevi,
899 2143 931 2170 et
958 2140 1108 2171 Latinam
1152 2141 1282 2171 lendam
1295 2151 1361 2171 esse
1373 2141 1457 2171 hanc
1468 2151 1588 2173 vocem.
1614 2141 1724 2181 Longe
1736 2140 1822 2172 enim

438 2182 591 2222 originem
616 2192 727 2222 sapere
753 2186 857 2222 putat,
880 2183 1001 2223 quippe
1024 2183 1109 2222 quod

437 2235 458 2255 a
473 2225 626 2262 Caeculo,
642 2225 745 2265 gentis
760 2226 921 2257 Caeciliae
937 2235 1110 2266 eponymo,

438 2267 594 2307 oppidum
612 2269 785 2298 Praeneste
801 2268 966 2299 conditum
982 2268 1107 2299 dicitur.

438 2310 478 2340 cf.
496 2310 582 2341 Serv.
598 2310 631 2340 in
648 2311 728 2341 Aen.
747 2310 798 2341 vii.
814 2310 886 2342 681.

481 2360 499 2392 5
522 2354 743 2391 Potissimum]
781 2353 834 2383 Ita
860 2353 952 2383 codd.
978 2353 1032 2383 sed
1053 2363 1109 2392 po-

437 2396 560 2425 tissima
582 2405 622 2425 ex
645 2395 805 2426 emendat.
822 2395 963 2426 Gronov.
985 2395 1017 2425 in
1040 2398 1108 2425 tex-

438 2441 506 2467 tum
523 2437 643 2477 recepit
660 2438 799 2468 Bekker.

480 2478 500 2510 6
521 2481 643 2511 Sabina
658 2481 775 2518 matre]
803 2479 988 2511 Perizonius
999 2479 1109 2510 Anim.

438 2521 527 2554 Hist.
563 2532 590 2561 3.
625 2522 687 2563 legi
721 2522 810 2553 iubet
842 2524 961 2554 Sabino
992 2527 1108 2562 patre.-

437 2575 536 2604 quum
553 2565 672 2596 Sabina
693 2568 796 2595 mater
817 2565 910 2596 obiici
930 2566 1021 2596 Anco
1043 2574 1108 2595 non

438 2607 548 2647 possit,
563 2611 599 2638 ut
615 2618 697 2647 quae
718 2608 800 2647 regis
821 2608 950 2638 Numae
973 2606 1040 2637 filia
1061 2607 1108 2637 in-

437 2653 566 2688 gentem
582 2650 806 2681 claritudinem
823 2650 890 2681 filio
905 2649 1110 2687 conciliaret3

439 2693 711 2729 quemadmodum
735 2693 795 2724 hoc
818 2693 886 2733 ipso
909 2693 981 2723 loco
1003 2692 1108 2722 Tana-

440 2733 506 2772 quil
535 2735 677 2774 agnoscit
705 2735 754 2766 his
779 2735 892 2774 verbis,
914 2736 1109 2775 nobilemque

438 2785 507 2805 una
522 2778 660 2815 zmayine
671 2780 800 2809 Numae
814 2789 888 2809 esse.
919 2778 1041 2809 Contra
1053 2777 1107 2808 Sa-

439 2817 533 2847 binus
555 2822 645 2857 pater
666 2824 752 2851 recte
767 2820 861 2851 obiici
878 2821 968 2851 Anco
992 2823 1108 2860 potest,

439 2859 536 2889 homo
563 2862 754 2900 peregrinus,
775 2873 834 2893 nec
856 2863 925 2893 ulla
946 2873 979 2893 re
1001 2866 1106 2899 notus,

439 2905 660 2941 praeterquam
673 2914 729 2933 suo
742 2915 813 2934 cum
828 2905 989 2945 Pompilia
999 2904 1106 2935 matri—

438 2944 557 2975 monio.
605 2945 700 2976 Unde
717 2946 839 2977 Seneca
856 2947 917 2986 Ep.
939 2948 1004 2978 108.
1021 2948 1106 2978 Anci

1153 2183 1353 2215 verisimilius
1385 2193 1452 2214 esse
1488 2187 1582 2224 putat
1611 2183 1823 2223 Tarquinium

1152 2237 1217 2256 non
1252 2225 1512 2266 cognominatum
1540 2226 1636 2258 fuisse
1667 2226 1823 2266 Priscum,

1151 2269 1210 2299 nisi
1233 2269 1343 2299 multis
1364 2272 1437 2308 post
1458 2268 1560 2307 annis,
1574 2273 1611 2300 ut
1631 2279 1651 2300 a
1666 2269 1823 2309 Superbo,

1152 2311 1207 2350 qui
1236 2311 1349 2342 eodem
1384 2311 1514 2342 nomine
1542 2321 1580 2342 ac
1614 2311 1822 2351 praenomine

1151 2357 1231 2391 erat,
1246 2353 1499 2393 distingueretur.
1531 2354 1639 2393 Atque
1653 2354 1699 2384 ita
1714 2358 1823 2385 censet

1153 2395 1250 2427 Dion.
1267 2396 1307 2426 iv.
1324 2396 1374 2426 41.
1420 2396 1503 2426 Eam
1526 2406 1636 2427 vocem
1657 2397 1699 2426 ab
1718 2406 1784 2427 uno
1803 2407 1822 2428 e

1152 2438 1248 2469 MSS.
1272 2438 1337 2468 suis
1357 2439 1466 2468 abesse
1491 2442 1626 2469 testatur
1648 2438 1821 2472 Hearmus.

1153 2480 1259 2511 Cnssv.
1304 2481 1425 2511 Contra
1437 2480 1572 2512 Niebhr.
1584 2480 1604 2512 i.
1617 2491 1648 2521 p.
1663 2488 1734 2521 371.
1750 2492 1821 2522 cog-

1152 2532 1270 2553 nomen
1292 2523 1354 2553 hoc
1375 2523 1527 2554 Latinum
1547 2534 1625 2562 esse,
1640 2527 1673 2555 et
1689 2523 1821 2565 stirpem

1152 2565 1302 2595 Latinam
1329 2565 1577 2605 Tarquiniorum
1607 2565 1759 2605 iudicare,
1784 2570 1822 2598 ut

1151 2607 1368 2646 Serviliorum,
1397 2608 1521 2648 quibus,
1551 2609 1636 2640 Alba
1669 2609 1821 2649 oriundis,

1151 2660 1328 2690 cognomen
1348 2654 1416 2681 erat
1437 2651 1586 2688 Priscus;
1608 2651 1729 2682 censori
1743 2662 1820 2692 quo-

1151 2702 1214 2731 que
1242 2693 1355 2724 Marco
1390 2693 1504 2724 Porcio
1540 2704 1716 2734 cognomen
1752 2704 1820 2725 esse

1152 2734 1308 2773 Priscum,
1323 2739 1359 2766 ut
1375 2736 1440 2775 qui,
1454 2736 1487 2767 in
1509 2747 1584 2777 agro
1604 2736 1734 2774 Sabino,
1749 2746 1819 2767 san-

1149 2777 1245 2817 guine
1258 2778 1374 2809 Latino
1387 2782 1559 2820 prognatus
1573 2782 1663 2810 esset.
1677 2779 1715 2810 cf.
1730 2779 1818 2810 Plut.

1151 2820 1245 2858 Cato,
1274 2820 1295 2851 i.
1324 2822 1379 2852 sed
1403 2825 1554 2861 posteros,
1581 2831 1660 2861 quos
1690 2820 1737 2851 vis
1761 2831 1817 2852 an-

1148 2862 1239 2902 tiqua
1254 2863 1340 2894 verbi
1355 2864 1482 2902 fefellit,
1496 2864 1650 2904 temporis
1663 2873 1727 2894 non
1741 2873 1816 2903 gen-

1148 2905 1189 2953 tis
1214 2905 1368 2937 rationem
1395 2906 1489 2938 fuisse
1513 2906 1654 2938 habitam
1680 2904 1815 2937 somniae

1150 2957 1238 2978 visse.
