1934 3211
561 240 689 283 LIB.
723 239 824 282 VII.
870 239 1018 282 CAP.
1052 245 1119 282 32.
1441 249 1526 286 433

95 344 113 375 3
129 336 300 388 ‘preces
322 329 652 385 Campanorum,
686 344 934 386 responsum
967 338 1137 371 senatus
1168 331 1375 372 amicitiae
1407 332 1526 375 Sam·
1541 346 1585 378 U.
1601 348 1639 379 ρ,
1657 358 1729 386 4η,

125 387 306 428 ‘nitium
337 401 511 436 memor,
540 385 803 428 deditionem
835 394 1047 443 postremo
1075 387 1240 437 factam,
1267 387 1525 431 Samnitibus
1538 390 1577 420 A.
1602 391 1640 422 C.
1659 400 1730 430 340-

91 449 424 509 4‘exponerent.
487 443 690 485 Peterent
719 459 795 500 pro
826 444 1025 485 societate
1057 445 1340 502 amicitiaque,
1372 455 1421 487 ut
1450 447 1525 488 de·
1538 459 1673 499 Legatio

123 500 306 542 ‘ditlciis
335 501 420 542 suis
450 510 696 557 parcerent:
730 516 871 558 neque
892 502 937 542 in
968 515 1067 543 eum
1098 516 1258 558 agrum,
1281 503 1356 558 qui
1376 504 1524 560 populi
1539 502 1694 549 Rom-ad

121 557 335 600 ‘Romani
362 558 496 600 factus
527 567 647 609 esset,
669 558 838 600 hostilia
869 573 984 600 arma
1015 559 1230 601 inferrent.
1296 559 1342 601 Si
1372 560 1524 602 leniter
1537 544 1708 577 Sammtes.

120 615 313 672 ‘agendo
343 631 492 672 parum
523 616 790 672 proficerent,
822 616 1125 658 denuntiarent
1157 616 1417 659 Samnitibus
1447 634 1523 675 po-

119 672 236 730 ‘puli
273 673 459 715 Romani
499 682 753 730 senatusque
793 674 943 724 verbis,
978 682 1026 716 ut
1061 673 1211 731 Capua
1251 675 1354 716 urbe
1392 675 1522 717 Cam-

118 735 342 787 ‘panoque
379 746 479 788 agro
515 732 799 773 abstinerent.’
872 731 993 773 Haec
1028 731 1176 788 legatis
1212 733 1434 789 agentibus
1475 733 1521 775 in

115 787 295 830 concilio
323 787 576 830 Samnitium
607 789 713 830 adeo
745 797 808 830 est
837 789 1046 831 ferociter
1065 804 1326 846 responsum,
1355 798 1404 831 ut
1432 805 1520 833 non

114 845 251 887 solum
271 854 462 902 gesturos
487 861 529 887 se
559 861 647 887 esse
669 846 860 888 dicerent
888 847 933 888 id
958 846 1128 897 bellum,
1152 847 1227 889 sed
1254 847 1520 904 magistratus

111 917 259 944 eorum
288 918 311 944 e
339 903 453 945 curia
485 903 652 959 egressi,
679 904 886 945 stantibus
918 903 1079 960 legatis,
1107 904 1339 961 praefectos
1371 905 1520 947 cohor-

114 960 221 1002 tium
240 969 464 1010 vocarent3
497 961 633 1017 iisque
655 960 766 1001 clara
785 976 888 1002 voce
909 962 1177 1018 imperarent,
1200 970 1248 1003 ut
1268 961 1518 1018 praedatum

111 1017 159 1058 in
285 1033 327 1059 m
351 1017 618 1074 Campanum
640 1018 854 1074 extemplo
876 1018 1252 1075 proficiscerentur.

172 1032 282 1117 Ξῖ
302 1075 511 1132 legatione
545 1075 727 1117 Romam
759 1075 902 1125 relata,
933 1076 1079 1132 positis
1115 1077 1305 1118 omnium
1341 1077 1517 1119 aliarum
1600 1084 1667 1123 32.

111 1147 253 1174 rerum
286 1133 408 1182 curis,
443 1133 602 1183 Patres,
635 1133 847 1175 fetialibus
883 1133 938 1175 ad
977 1148 1042 1175 res
1082 1134 1335 1190 repetendas
1367 1135 1513 1185 missis,

110 1189 320 1247 belloque,
344 1190 444 1247 quia
468 1206 556 1232 non
581 1190 873 1240 redderentur,
896 1190 1075 1233 sollenni
1104 1207 1219 1233 more
1242 1192 1414 1242 indicto,
1440 1193 1515 1235 de-

110 1257 345 1298 creverunt,
368 1256 415 1289 ut
435 1249 572 1304 primo
593 1263 764 1304 quoque
786 1257 975 1305 tempore
997 1249 1050 1290 de
1080 1264 1130 1290 ea
1157 1264 1201 1290 re
1230 1249 1283 1290 ad
1308 1250 1512 1306 populum

110 1304 316 1347 ferretur:
356 1305 556 1362 iussuque
585 1306 731 1362 populi
760 1306 952 1348 consules
983 1306 1106 1347 ambo
1142 1322 1239 1348 cum
1266 1307 1432 1349 duobus
1462 1308 1513 1349 ab
1527 1318 1661 1351 Bellum

108 1363 212 1404 urbe
241 1363 495 1404 exercitibus
522 1363 712 1419 profecti,
736 1363 930 1405 Valerius
957 1364 1001 1404 in
1030 1362 1322 1421 Campaniam,
1349 1364 1513 1407 Corne-
1526 1372 1600 1410 0¹.¹¹.¹¹
1617 1363 1708 1394 Sam-

77 1419 189 1464 slius
222 1421 266 1461 in
303 1419 534 1470 Samnium,
567 1420 636 1462 ille
671 1421 724 1462 ad
755 1430 943 1463 montem
978 1420 1183 1471 Gaurum,
1216 1422 1285 1463 hic
1317 1422 1371 1464 ad
1405 1422 1514 1464 Sati·
1526 1406 1656 1436 mubus.

108 1477 247 1519 culam
279 1487 412 1519 castra
439 1487 616 1535 ponunt.
680 1478 816 1520 Priori
838 1478 1010 1520 Valerio
1042 1478 1295 1520 Samnitium
1326 1479 1514 1535 legiones

109 1535 182 1590 (eo
210 1550 394 1592 namque
423 1551 593 1577 omnem
624 1535 723 1578 belli
753 1536 906 1578 molem
938 1535 1234 1577 inclinaturam
1264 1536 1514 1593 censebant)

106 1603 346 1635 occurrunt.
437 1592 571 1634 Simul
622 1594 665 1634 in
720 1592 961 1650 Campanos
1010 1593 1253 1634 stimulabat
1302 1593 1376 1643 ira,
1428 1603 1514 1635 tam

106 1659 323 1707 promptos
355 1665 470 1692 nunc
501 1651 555 1692 ad
584 1651 771 1700 ferenda,
800 1665 916 1692 nunc
949 1650 1002 1691 ad
1035 1650 1285 1692 arcessenda
1311 1651 1511 1693 adversus

105 1722 150 1749 se
178 1708 346 1749 auxilia.
411 1707 473 1749 Ut
493 1723 591 1750 vero
613 1717 746 1750 castra
768 1708 963 1750 Romana
983 1707 1193 1758 viderunt,
1215 1708 1410 1750 ferociter
1433 1724 1510 1765 pro

105 1779 149 1806 se
170 1765 350 1822 quisque
378 1765 546 1822 signum
567 1765 697 1807 duces
721 1781 907 1823 poscere,
930 1765 1148 1816 affirmare,
1171 1765 1321 1807 eadem
1341 1766 1511 1808 fortuna

106 1821 350 1864 Romanum
381 1821 488 1864 Cam
522 1838 603 1865 ano
633 1823 816 1865 laturum
847 1838 985 1880 opem,
1009 1839 1094 1880 qua
1124 1823 1368 1880 Campanus
1400 1823 1510 1865 Sidi-

103 1879 201 1922 cino
223 1880 376 1922 tulerit.
420 1880 487 1922 Va
504 1881 629 1932 erius,
651 1881 812 1923 levibus
833 1881 1145 1931 certaminibus,
1164 1881 1357 1922 tentandi
1378 1881 1510 1923 hostis

102 1952 239 1988 causa,
262 1938 377 1980 haud
407 1939 467 1980 ita
493 1939 647 1981 multos
675 1947 860 1980 moratus
885 1938 988 1988 dies,
1014 1939 1182 1995 signum
1213 1953 1380 1995 pugnae
1411 1954 1509 1996 pro-

102 1996 256 2052 posuit,
290 1996 434 2052 paucis
470 2011 567 2036 suos
602 1996 873 2037 adhortatus:
915 1995 1013 2037 ‘Ne
1051 2011 1207 2037 novum
1242 1996 1401 2038 bellum
1436 2011 1507 2038 eos
1521 2005 1725 2038 ConsulRo-

103 2057 117 2077 ‘
131 2067 349 2108 novusque
371 2052 500 2093 hostis
523 2060 708 2093 terreret.
776 2052 1001 2107 Quidquid
1027 2053 1078 2092 ab
1100 2053 1202 2093 urbe
1223 2052 1390 2108 longius
1410 2068 1507 2109 pro·
1520 2059 1634 2079 manus
1652 2059 1726 2080 suos

103 2108 288 2150 ‘fen-ent
308 2123 435 2157 arma,
458 2109 590 2164 magis
618 2109 834 2164 magisque
864 2109 908 2148 in
938 2108 1114 2149 inbelles
1137 2117 1285 2162 gentes
1311 2124 1506 2207 cosspro—
1518 2091 1726 2164 ῧῖξτῗῑήᾶ,

1418 2181 1441 2207 a

103 2165 234 2207 ‘dirc.
298 2165 366 2207 Ne
406 2165 689 2207 Sidicinorum
725 2164 1126 2221 Campanorumque
1148 2162 1349 2206 *cladibus
1444 2181 1503 2207 m·
1517 2179 1579 2207 tur.

103 2223 285 2266 ‘uitium
329 2223 596 2265 aestimarent
636 2222 846 2264 virtutem.
934 2221 1264 2278 Qualescunque
1312 2223 1421 2264 inter
1461 2239 1504 2266 se

146 2358 164 2389 3
180 2349 381 2389 Responsum
396 2371 403 2378 .
422 2371 429 2379 .
446 2371 453 2378 .
471 2348 603 2386 memor]
634 2348 779 2388 Respon-

102 2400 186 2429 sum,
201 2401 241 2422 ex
258 2401 323 2430 quo
343 2395 514 2431 appareret
537 2395 683 2421 senatum
709 2390 780 2421 reti-

102 2433 209 2465 nuinoe
239 2432 427 2464 memoriam
460 2432 623 2463 amicitiae
654 2433 780 2463 Samni-

101 2475 195 2508 tium.
240 2475 407 2507 Audacius
429 2475 536 2506 adhuc
559 2475 641 2505 dixit
660 2475 782 2512 Livius,

102 2517 122 2548 i.
140 2518 190 2549 28.
206 2519 343 2558 exempli
364 2528 484 2558 parum
507 2519 652 2549 memoris
675 2519 779 2557 Ieyum

102 2560 333 2591 humanarum.
359 2561 466 2592 Cat-tv.

144 2614 164 2641 4
187 2603 358 2634 Ded-'liciis
388 2604 455 2633 mis
482 2604 672 2643 parcerent]
715 2603 780 2633 nie

101 2654 207 2676 errore
225 2645 365 2684 quod-m
391 2645 518 2676 Livium
545 2645 659 2675 versari
688 2650 779 2685 putat

103 2687 238 2718 Niebhr.
248 2686 291 2717 iii.
305 2696 374 2726 134,
382 2691 413 2717 ct
426 2689 536 2723 socios,
545 2698 608 2718 non
619 2689 781 2718 dediticios

102 2728 245 2761 Romani
272 2729 384 2768 populi
417 2729 477 2760 hoc
508 2734 653 2769 tempore
681 2730 782 2760 factos

102 2771 534 2811 mimeCampanon.quippe
547 2782 626 2811 quon
638 2782 695 2811 pro
708 2782 780 2801 con-

101 2813 224 2845 ditione
247 2813 348 2852 magia
373 2813 545 2850 meierum,
565 2823 661 2852 quam
690 2813 777 2844 dedi—

101 2856 249 2887 ticiorum
267 2855 451 2892 infidorum,
466 2855 606 2886 Romani
626 2860 695 2895 post
712 2856 777 2885 bel-

103 2899 170 2931 lum
196 2898 349 2930 Latinum
374 2898 489 2929 iterum
515 2898 545 2928 in
572 2897 667 2928 fidem
692 2907 779 2928 ncce-

104 2941 220 2981 perint.
251 2941 291 2972 cs.
308 2941 379 2972 infr.
397 2941 460 2972 viii.
482 2950 530 2979 14.

146 2994 165 3024 5
192 2984 247 3014 Aa
268 2989 400 3016 montem
422 2984 588 3022 Gonnum]
623 2982 781 3023 Dupliccs

827 2349 887 2378 hoc
911 2348 1041 2379 nomine
1065 2354 1202 2385 montes,
1227 2359 1310 2379 unus
1330 2350 1371 2380 ad
1398 2350 1505 2382 Nuce

826 2390 904 2421 riam
919 2391 958 2421 cf.
975 2391 1098 2421 Eckhel
1117 2391 1228 2422 Duc-tr.
1243 2392 1343 2422 Num.
1356 2391 1374 2422 i.
1390 2402 1419 2431 p.
1436 2402 1505 2431 144.

825 2434 909 2464 alter
924 2433 1010 2463 haud
1030 2434 1139 2472 procul
1154 2433 1278 2470 Cumis,
1289 2434 1329 2464 de
1342 2444 1405 2473 quo
1418 2445 1505 2465 nunc

826 2476 940 2513 agitur.
988 2476 1164 2512 Quomodo
1191 2481 1300 2506 autem
1325 2477 1444 2511 evenit,
1468 2482 1505 2507 ut

829 2517 978 2548 Valerius
993 2518 1171 2548 exercitum
1189 2529 1281 2549 111111111
1300 2519 1330 2549 111
1348 2519 1434 2549 hunc
1459 2519 1503 2549 lo-

825 2571 898 2591 cum
913 2561 1148 2600 iniquissimum
1161 2561 1342 2596 deduxerit,
1353 2561 1406 2591 ubi
1420 2561 1502 2591 viam

824 2614 843 2633 11
863 2604 966 2633 fronte
991 2614 1090 2639 mare,
1105 2614 1123 2633 11
1139 2608 1228 2642 tergo
1246 2603 1428 2634 Vulturnus
1445 2603 1503 2634 flu-

826 2646 895 2676 vius
933 2646 1167 2685 praecluderet,
1198 2646 1326 2676 silentio
1365 2650 1503 2686 praeter-

827 2688 984 2718 mittitur:
1012 2698 1120 2718 vcrum
1147 2688 1283 2718 Niebhr.
1309 2688 1350 2719 iii.
1377 2699 1406 2728 p.
1433 2697 1501 2728 ¹37.

827 2729 941 2760 merito
971 2730 1163 2769 suspicatur,
1190 2740 1255 2760 rem
1289 2740 1401 2770 purum
1430 2741 1502 2770 pro-

826 2781 917 2811 spere
947 2773 1099 2802 advorsus
1125 2772 1287 2803 Samnite·
1315 2777 1437 2812 geatam
1468 2777 1500 2803 et

823 2814 987 2844 consulem
1009 2815 1194 2845 Ronmnum
1215 2814 1246 2845 in
1265 2815 1322 2845 111111
1337 2815 1502 2854 ungu-tiu

823 2856 1005 2892 detruxisse.
1016 2862 1046 2887 et
1062 2856 1233 2887 victoribus
1245 2857 1444 2888 Samnitibus
1458 2858 1503 2888 se-

826 2898 943 2928 rociam
969 2898 1106 2930 auximo.
1131 2899 1170 2930 cs.
1188 2899 1219 2930 in
1241 2910 1311 2939 cap.
1331 2910 1396 2939 κη.
1418 2911 1501 2940 pau-

825 2951 875 2973 co!
891 2946 966 2973 nnec
982 2942 1048 2973 dien
1060 2943 1225 2980 yeminam
1244 2944 1387 2974 victorin.

1207 3039 1229 3066 1·-
1256 3027 1277 3068 s
