<?xml version="1.0" encoding="UTF-8"?>
<!DOCTYPE html PUBLIC "-//W3C//DTD XHTML 1.0 Transitional//EN"
    "http://www.w3.org/TR/xhtml1/DTD/xhtml1-transitional.dtd">
<html xmlns="http://www.w3.org/1999/xhtml" xml:lang="en" lang="en">
 <head>
  <title>
</title>
<meta http-equiv="Content-Type" content="text/html;charset=utf-8" />
  <meta name='ocr-system' content='tesseract 3.04.00' />
  <meta name='ocr-capabilities' content='ocr_page ocr_carea ocr_par ocr_line ocrx_word'/>
</head>
<body>
  <div class='ocr_page' id='page_1' title='image "./historiarumli01livyuoft_0307.png"; bbox 0 0 1934 3211; ppageno 0'>
   <div class='ocr_carea' id='block_1_1' title="bbox 572 208 1560 251">
    <p class='ocr_par' dir='ltr' id='par_1_1' title="bbox 572 208 1560 251">
     <span class='ocr_line' id='line_1_1' title="bbox 572 208 1560 251; baseline 0 -2"><span class='ocrx_word' id='word_1_1' title='bbox 572 217 581 225; x_wconf 83' lang='lat'><em>&#39;</em></span> <span class='ocrx_word' id='word_1_2' title='bbox 617 208 743 250; x_wconf 91' lang='lat' dir='ltr'>LIB.</span> <span class='ocrx_word' id='word_1_3' title='bbox 778 209 830 250; x_wconf 82' lang='lat' dir='ltr'>V.</span> <span class='ocrx_word' id='word_1_4' title='bbox 879 209 1025 250; x_wconf 62' lang='lat' dir='ltr'><strong>(J-xP.</strong></span> <span class='ocrx_word' id='word_1_5' title='bbox 1060 213 1083 250; x_wconf 91' lang='grc'><strong><em>5</em></strong></span> <span class='ocrx_word' id='word_1_6' title='bbox 1477 213 1560 251; x_wconf 84' lang='grc'>293</span> 
     </span>
    </p>
   </div>
   <div class='ocr_carea' id='block_1_2' title="bbox 134 297 1766 356">
    <p class='ocr_par' dir='ltr' id='par_1_2' title="bbox 134 297 1766 356">
     <span class='ocr_line' id='line_1_2' title="bbox 134 297 1766 356; baseline -0.001 -14"><span class='ocrx_word' id='word_1_7' title='bbox 134 317 150 350; x_wconf 89' lang='lat'>7</span> <span class='ocrx_word' id='word_1_8' title='bbox 165 305 293 356; x_wconf 88' lang='lat' dir='ltr'>‘quot</span> <span class='ocrx_word' id='word_1_9' title='bbox 332 299 462 340; x_wconf 86' lang='lat' dir='ltr'>maria</span> <span class='ocrx_word' id='word_1_10' title='bbox 502 298 687 340; x_wconf 73' lang='lat' dir='ltr'>distans!</span> <span class='ocrx_word' id='word_1_11' title='bbox 731 298 822 339; x_wconf 89' lang='lat' dir='ltr'>Nos</span> <span class='ocrx_word' id='word_1_12' title='bbox 863 298 974 339; x_wconf 87' lang='lat' dir='ltr'>intra</span> <span class='ocrx_word' id='word_1_13' title='bbox 1006 298 1251 339; x_wconf 82' lang='lat' dir='ltr'>vicesimum</span> <span class='ocrx_word' id='word_1_14' title='bbox 1283 297 1481 353; x_wconf 83' lang='lat' dir='ltr'>lapidem,</span> <span class='ocrx_word' id='word_1_15' title='bbox 1516 299 1620 340; x_wconf 82' lang='lat' dir='ltr'>inL.</span> <span class='ocrx_word' id='word_1_16' title='bbox 1637 309 1675 340; x_wconf 88' lang='lat' dir='ltr'>C.</span> <span class='ocrx_word' id='word_1_17' title='bbox 1695 318 1766 349; x_wconf 81' lang='lat'>352.</span> 
     </span>
    </p>
   </div>
   <div class='ocr_carea' id='block_1_3' title="bbox 129 352 1768 2578">
    <p class='ocr_par' dir='ltr' id='par_1_3' title="bbox 129 352 1768 2578">
     <span class='ocr_line' id='line_1_3' title="bbox 165 352 1768 413; baseline -0.003 -15"><span class='ocrx_word' id='word_1_18' title='bbox 165 362 419 413; x_wconf 87' lang='lat' dir='ltr'>‘conspectu</span> <span class='ocrx_word' id='word_1_19' title='bbox 453 370 584 412; x_wconf 84' lang='lat' dir='ltr'>prope</span> <span class='ocrx_word' id='word_1_20' title='bbox 621 355 735 397; x_wconf 91' lang='lat' dir='ltr'>urbis</span> <span class='ocrx_word' id='word_1_21' title='bbox 770 364 950 404; x_wconf 84' lang='lat' dir='ltr'>nostrae,</span> <span class='ocrx_word' id='word_1_22' title='bbox 984 370 1168 396; x_wconf 87' lang='lat' dir='ltr'>annuam</span> <span class='ocrx_word' id='word_1_23' title='bbox 1201 354 1558 410; x_wconf 78' lang='lat' dir='ltr'>oppugnationem</span> <span class='ocrx_word' id='word_1_24' title='bbox 1576 352 1614 382; x_wconf 75' lang='lat' dir='ltr'>A.</span> <span class='ocrx_word' id='word_1_25' title='bbox 1639 352 1677 383; x_wconf 88' lang='lat' dir='ltr'>C.</span> <span class='ocrx_word' id='word_1_26' title='bbox 1695 361 1768 390; x_wconf 67' lang='lat'>⁴00·</span> 
     </span>
     <span class='ocr_line' id='line_1_4' title="bbox 163 411 1562 478; baseline -0.002 -23.943"><span class='ocrx_word' id='word_1_27' title='bbox 163 413 373 478; x_wconf 87' lang='lat' dir='ltr'>‘perferre</span> <span class='ocrx_word' id='word_1_28' title='bbox 405 413 544 469; x_wconf 79' lang='lat' dir='ltr'>piget:</span> <span class='ocrx_word' id='word_1_29' title='bbox 588 412 758 461; x_wconf 89' lang='lat' dir='ltr'>seilicet,</span> <span class='ocrx_word' id='word_1_30' title='bbox 793 413 894 469; x_wconf 89' lang='lat' dir='ltr'>quia</span> <span class='ocrx_word' id='word_1_31' title='bbox 932 412 1035 453; x_wconf 81' lang='lat' dir='ltr'>levis</span> <span class='ocrx_word' id='word_1_32' title='bbox 1074 427 1198 453; x_wconf 88' lang='lat' dir='ltr'>causa</span> <span class='ocrx_word' id='word_1_33' title='bbox 1238 411 1337 452; x_wconf 90' lang='lat' dir='ltr'>belli</span> <span class='ocrx_word' id='word_1_34' title='bbox 1373 419 1448 460; x_wconf 86' lang='lat' dir='ltr'>est,</span> <span class='ocrx_word' id='word_1_35' title='bbox 1483 426 1562 452; x_wconf 89' lang='lat' dir='ltr'>nec</span> 
     </span>
     <span class='ocr_line' id='line_1_5' title="bbox 163 468 1562 533; baseline -0.002 -21.943"><span class='ocrx_word' id='word_1_36' title='bbox 163 471 288 512; x_wconf 89' lang='lat' dir='ltr'>‘satis</span> <span class='ocrx_word' id='word_1_37' title='bbox 301 470 529 526; x_wconf 88' lang='lat' dir='ltr'>quicquam</span> <span class='ocrx_word' id='word_1_38' title='bbox 546 470 643 511; x_wconf 88' lang='lat' dir='ltr'>iusti</span> <span class='ocrx_word' id='word_1_39' title='bbox 658 469 813 510; x_wconf 83' lang='lat' dir='ltr'>doloris</span> <span class='ocrx_word' id='word_1_40' title='bbox 826 478 901 518; x_wconf 89' lang='lat' dir='ltr'>est,</span> <span class='ocrx_word' id='word_1_41' title='bbox 920 469 1036 533; x_wconf 84' lang='lat' dir='ltr'>quod</span> <span class='ocrx_word' id='word_1_42' title='bbox 1049 484 1125 510; x_wconf 91' lang='lat' dir='ltr'>nos</span> <span class='ocrx_word' id='word_1_43' title='bbox 1141 469 1194 510; x_wconf 85' lang='lat' dir='ltr'>ad</span> <span class='ocrx_word' id='word_1_44' title='bbox 1207 483 1354 525; x_wconf 83' lang='lat' dir='ltr'>persev</span> <span class='ocrx_word' id='word_1_45' title='bbox 1357 468 1562 509; x_wconf 88' lang='lat' dir='ltr'>erandum</span> 
     </span>
     <span class='ocr_line' id='line_1_6' title="bbox 129 525 1564 583; baseline 0 -18"><span class='ocrx_word' id='word_1_46' title='bbox 129 527 388 569; x_wconf 85' lang='lat' dir='ltr'>8‘stimulet.</span> <span class='ocrx_word' id='word_1_47' title='bbox 455 526 620 583; x_wconf 84' lang='lat' dir='ltr'>Septies</span> <span class='ocrx_word' id='word_1_48' title='bbox 659 526 936 568; x_wconf 90' lang='lat' dir='ltr'>rebellarunt:</span> <span class='ocrx_word' id='word_1_49' title='bbox 989 541 1034 566; x_wconf 93' lang='lat' dir='ltr'>1n</span> <span class='ocrx_word' id='word_1_50' title='bbox 1074 541 1176 582; x_wconf 88' lang='lat' dir='ltr'>paee</span> <span class='ocrx_word' id='word_1_51' title='bbox 1218 540 1436 581; x_wconf 87' lang='lat' dir='ltr'>nunquam</span> <span class='ocrx_word' id='word_1_52' title='bbox 1478 525 1564 565; x_wconf 82' lang='lat' dir='ltr'>fida</span> 
     </span>
     <span class='ocr_line' id='line_1_7' title="bbox 163 582 1563 640; baseline -0.003 -14"><span class='ocrx_word' id='word_1_53' title='bbox 163 589 175 608; x_wconf 93' lang='lat'>‘</span> <span class='ocrx_word' id='word_1_54' title='bbox 189 584 382 626; x_wconf 87' lang='lat' dir='ltr'>fuerunt:</span> <span class='ocrx_word' id='word_1_55' title='bbox 417 599 537 640; x_wconf 84' lang='lat' dir='ltr'>agros</span> <span class='ocrx_word' id='word_1_56' title='bbox 557 593 721 625; x_wconf 89' lang='lat' dir='ltr'>nostros</span> <span class='ocrx_word' id='word_1_57' title='bbox 741 583 894 625; x_wconf 85' lang='lat' dir='ltr'>millies</span> <span class='ocrx_word' id='word_1_58' title='bbox 915 583 1159 640; x_wconf 86' lang='lat' dir='ltr'>depopulati</span> <span class='ocrx_word' id='word_1_59' title='bbox 1180 592 1304 624; x_wconf 90' lang='lat' dir='ltr'>sunt:</span> <span class='ocrx_word' id='word_1_60' title='bbox 1339 582 1563 623; x_wconf 88' lang='lat' dir='ltr'>Fidenates</span> 
     </span>
     <span class='ocr_line' id='line_1_8' title="bbox 163 640 1563 697; baseline -0.002 -14"><span class='ocrx_word' id='word_1_61' title='bbox 163 641 369 683; x_wconf 88' lang='lat' dir='ltr'>‘deficere</span> <span class='ocrx_word' id='word_1_62' title='bbox 391 656 415 682; x_wconf 85' lang='lat' dir='ltr'>a</span> <span class='ocrx_word' id='word_1_63' title='bbox 441 641 562 682; x_wconf 89' lang='lat' dir='ltr'>nobis</span> <span class='ocrx_word' id='word_1_64' title='bbox 590 649 845 697; x_wconf 83' lang='lat' dir='ltr'>coegerunt:</span> <span class='ocrx_word' id='word_1_65' title='bbox 880 640 1050 682; x_wconf 87' lang='lat' dir='ltr'>colonos</span> <span class='ocrx_word' id='word_1_66' title='bbox 1077 649 1239 682; x_wconf 79' lang='lat' dir='ltr'>nostios</span> <span class='ocrx_word' id='word_1_67' title='bbox 1260 640 1318 681; x_wconf 87' lang='lat' dir='ltr'>ibi</span> <span class='ocrx_word' id='word_1_68' title='bbox 1339 640 1563 680; x_wconf 86' lang='lat' dir='ltr'>interfece-</span> 
     </span>
     <span class='ocr_line' id='line_1_9' title="bbox 163 697 1561 754; baseline -0.002 -15"><span class='ocrx_word' id='word_1_69' title='bbox 163 702 177 722; x_wconf 89' lang='lat'>‘</span> <span class='ocrx_word' id='word_1_70' title='bbox 188 707 309 740; x_wconf 90' lang='lat' dir='ltr'>runt:</span> <span class='ocrx_word' id='word_1_71' title='bbox 353 707 543 739; x_wconf 84' lang='lat' dir='ltr'>auctores</span> <span class='ocrx_word' id='word_1_72' title='bbox 573 698 690 739; x_wconf 88' lang='lat' dir='ltr'>fuere</span> <span class='ocrx_word' id='word_1_73' title='bbox 723 706 869 739; x_wconf 87' lang='lat' dir='ltr'>contra</span> <span class='ocrx_word' id='word_1_74' title='bbox 909 698 973 739; x_wconf 89' lang='lat' dir='ltr'>ius</span> <span class='ocrx_word' id='word_1_75' title='bbox 1007 698 1201 754; x_wconf 81' lang='lat' dir='ltr'>gentium</span> <span class='ocrx_word' id='word_1_76' title='bbox 1233 697 1373 738; x_wconf 85' lang='lat' dir='ltr'>caedis</span> <span class='ocrx_word' id='word_1_77' title='bbox 1408 697 1561 752; x_wconf 84' lang='lat' dir='ltr'>impiae</span> 
     </span>
     <span class='ocr_line' id='line_1_10' title="bbox 164 754 1563 812; baseline -0.003 -14"><span class='ocrx_word' id='word_1_78' title='bbox 164 755 422 812; x_wconf 86' lang='lat' dir='ltr'>‘legatorum</span> <span class='ocrx_word' id='word_1_79' title='bbox 462 764 724 797; x_wconf 85' lang='lat' dir='ltr'>nostrorum:</span> <span class='ocrx_word' id='word_1_80' title='bbox 781 754 996 795; x_wconf 78' lang='lat' dir='ltr'>Etruriam</span> <span class='ocrx_word' id='word_1_81' title='bbox 1037 770 1207 796; x_wconf 88' lang='lat' dir='ltr'>omnem</span> <span class='ocrx_word' id='word_1_82' title='bbox 1248 754 1446 795; x_wconf 85' lang='lat' dir='ltr'>adversus</span> <span class='ocrx_word' id='word_1_83' title='bbox 1486 769 1563 794; x_wconf 89' lang='lat' dir='ltr'>nos</span> 
     </span>
     <span class='ocr_line' id='line_1_11' title="bbox 164 812 1563 868; baseline -0.001 -14"><span class='ocrx_word' id='word_1_84' title='bbox 164 818 177 836; x_wconf 87' lang='lat'>‘</span> <span class='ocrx_word' id='word_1_85' title='bbox 191 813 402 855; x_wconf 89' lang='lat' dir='ltr'>concitare</span> <span class='ocrx_word' id='word_1_86' title='bbox 424 812 661 862; x_wconf 81' lang='lat' dir='ltr'>voluerunt,</span> <span class='ocrx_word' id='word_1_87' title='bbox 683 812 897 868; x_wconf 88' lang='lat' dir='ltr'>hodieque</span> <span class='ocrx_word' id='word_1_88' title='bbox 920 812 964 852; x_wconf 90' lang='lat' dir='ltr'>id</span> <span class='ocrx_word' id='word_1_89' title='bbox 985 812 1238 853; x_wconf 88' lang='lat' dir='ltr'>moliuntur:</span> <span class='ocrx_word' id='word_1_90' title='bbox 1273 826 1338 852; x_wconf 88' lang='lat' dir='ltr'>res</span> <span class='ocrx_word' id='word_1_91' title='bbox 1366 820 1563 867; x_wconf 89' lang='lat' dir='ltr'>repeten-</span> 
     </span>
     <span class='ocr_line' id='line_1_12' title="bbox 165 868 1560 926; baseline -0.003 -14"><span class='ocrx_word' id='word_1_92' title='bbox 165 875 256 912; x_wconf 89' lang='lat' dir='ltr'>‘tes</span> <span class='ocrx_word' id='word_1_93' title='bbox 294 870 454 926; x_wconf 85' lang='lat' dir='ltr'>legatos</span> <span class='ocrx_word' id='word_1_94' title='bbox 494 879 668 919; x_wconf 87' lang='lat' dir='ltr'>nostros,</span> <span class='ocrx_word' id='word_1_95' title='bbox 710 869 823 910; x_wconf 89' lang='lat' dir='ltr'>haud</span> <span class='ocrx_word' id='word_1_96' title='bbox 861 869 1007 925; x_wconf 85' lang='lat' dir='ltr'>procul</span> <span class='ocrx_word' id='word_1_97' title='bbox 1043 869 1159 918; x_wconf 87' lang='lat' dir='ltr'>afuit,</span> <span class='ocrx_word' id='word_1_98' title='bbox 1198 869 1302 925; x_wconf 88' lang='lat' dir='ltr'>quin</span> <span class='ocrx_word' id='word_1_99' title='bbox 1341 868 1560 909; x_wconf 76' lang='lat' dir='ltr'>violarent.</span> 
     </span>
     <span class='ocr_line' id='line_1_13' title="bbox 165 926 1694 982; baseline -0.003 -13"><span class='ocrx_word' id='word_1_100' title='bbox 165 932 178 950; x_wconf 92' lang='lat'>‘</span> <span class='ocrx_word' id='word_1_101' title='bbox 196 927 309 969; x_wconf 91' lang='lat' dir='ltr'>Cum</span> <span class='ocrx_word' id='word_1_102' title='bbox 337 927 403 967; x_wconf 91' lang='lat' dir='ltr'>his</span> <span class='ocrx_word' id='word_1_103' title='bbox 429 926 612 968; x_wconf 87' lang='lat' dir='ltr'>molliter</span> <span class='ocrx_word' id='word_1_104' title='bbox 639 936 681 968; x_wconf 90' lang='lat' dir='ltr'>et</span> <span class='ocrx_word' id='word_1_105' title='bbox 707 941 783 982; x_wconf 89' lang='lat' dir='ltr'>per</span> <span class='ocrx_word' id='word_1_106' title='bbox 804 926 1027 967; x_wconf 85' lang='lat' dir='ltr'>dilationes</span> <span class='ocrx_word' id='word_1_107' title='bbox 1058 926 1216 967; x_wconf 89' lang='lat' dir='ltr'>bellum</span> <span class='ocrx_word' id='word_1_108' title='bbox 1244 926 1334 982; x_wconf 79' lang='lat' dir='ltr'>geri</span> <span class='ocrx_word' id='word_1_109' title='bbox 1366 926 1563 981; x_wconf 82' lang='lat' dir='ltr'>oportet?</span> <span class='ocrx_word' id='word_1_110' title='bbox 1656 931 1694 970; x_wconf 83' lang='lat'>5.</span> 
     </span>
     <span class='ocr_line' id='line_1_14' title="bbox 165 983 1563 1038; baseline -0.001 -13"><span class='ocrx_word' id='word_1_111' title='bbox 165 989 178 1007; x_wconf 92' lang='lat'>‘</span> <span class='ocrx_word' id='word_1_112' title='bbox 197 983 240 1026; x_wconf 91' lang='lat' dir='ltr'>Si</span> <span class='ocrx_word' id='word_1_113' title='bbox 263 999 339 1025; x_wconf 90' lang='lat' dir='ltr'>nos</span> <span class='ocrx_word' id='word_1_114' title='bbox 361 993 445 1024; x_wconf 88' lang='lat' dir='ltr'>tam</span> <span class='ocrx_word' id='word_1_115' title='bbox 468 984 623 1024; x_wconf 90' lang='lat' dir='ltr'>iustum</span> <span class='ocrx_word' id='word_1_116' title='bbox 645 983 790 1024; x_wconf 91' lang='lat' dir='ltr'>odium</span> <span class='ocrx_word' id='word_1_117' title='bbox 812 983 918 1024; x_wconf 84' lang='lat' dir='ltr'>nihil</span> <span class='ocrx_word' id='word_1_118' title='bbox 941 999 1035 1024; x_wconf 83' lang='lat' dir='ltr'>mov</span> <span class='ocrx_word' id='word_1_119' title='bbox 1038 992 1094 1032; x_wconf 87' lang='lat' dir='ltr'>et,</span> <span class='ocrx_word' id='word_1_120' title='bbox 1117 999 1169 1024; x_wconf 89' lang='lat' dir='ltr'>ne</span> <span class='ocrx_word' id='word_1_121' title='bbox 1192 983 1263 1024; x_wconf 89' lang='lat' dir='ltr'>illa</span> <span class='ocrx_word' id='word_1_122' title='bbox 1279 983 1466 1038; x_wconf 87' lang='lat' dir='ltr'>quidem,</span> <span class='ocrx_word' id='word_1_123' title='bbox 1490 997 1563 1023; x_wconf 91' lang='lat' dir='ltr'>oro</span> 
     </span>
     <span class='ocr_line' id='line_1_15' title="bbox 166 1039 1565 1097; baseline -0.001 -14.961"><span class='ocrx_word' id='word_1_124' title='bbox 166 1046 278 1090; x_wconf 87' lang='lat' dir='ltr'>‘vos‚</span> <span class='ocrx_word' id='word_1_125' title='bbox 301 1041 505 1082; x_wconf 78' lang='lat' dir='ltr'>movent?</span> <span class='ocrx_word' id='word_1_126' title='bbox 537 1040 750 1096; x_wconf 84' lang='lat' dir='ltr'>Operibus</span> <span class='ocrx_word' id='word_1_127' title='bbox 771 1040 1014 1095; x_wconf 84' lang='lat' dir='ltr'>ingentibus</span> <span class='ocrx_word' id='word_1_128' title='bbox 1029 1049 1173 1097; x_wconf 85' lang='lat' dir='ltr'>saepta</span> <span class='ocrx_word' id='word_1_129' title='bbox 1193 1041 1292 1080; x_wconf 82' lang='lat' dir='ltr'>urbs</span> <span class='ocrx_word' id='word_1_130' title='bbox 1313 1049 1388 1089; x_wconf 84' lang='lat' dir='ltr'>est,</span> <span class='ocrx_word' id='word_1_131' title='bbox 1411 1039 1565 1095; x_wconf 89' lang='lat' dir='ltr'>quibus</span> 
     </span>
     <span class='ocr_line' id='line_1_16' title="bbox 166 1096 1566 1154; baseline -0.001 -14.959"><span class='ocrx_word' id='word_1_132' title='bbox 166 1098 303 1139; x_wconf 85' lang='lat' dir='ltr'>‘intra</span> <span class='ocrx_word' id='word_1_133' title='bbox 323 1112 464 1139; x_wconf 86' lang='lat' dir='ltr'>muros</span> <span class='ocrx_word' id='word_1_134' title='bbox 485 1106 702 1138; x_wconf 88' lang='lat' dir='ltr'>coercetur</span> <span class='ocrx_word' id='word_1_135' title='bbox 722 1097 864 1138; x_wconf 82' lang='lat' dir='ltr'>hostis.</span> <span class='ocrx_word' id='word_1_136' title='bbox 930 1097 1093 1154; x_wconf 80' lang='lat' dir='ltr'>Agrum</span> <span class='ocrx_word' id='word_1_137' title='bbox 1115 1113 1200 1138; x_wconf 90' lang='lat' dir='ltr'>non</span> <span class='ocrx_word' id='word_1_138' title='bbox 1223 1097 1365 1146; x_wconf 88' lang='lat' dir='ltr'>coluit,</span> <span class='ocrx_word' id='word_1_139' title='bbox 1389 1106 1431 1138; x_wconf 92' lang='lat' dir='ltr'>et</span> <span class='ocrx_word' id='word_1_140' title='bbox 1452 1096 1566 1138; x_wconf 84' lang='lat' dir='ltr'>culta</span> 
     </span>
     <span class='ocr_line' id='line_1_17' title="bbox 166 1133 1564 1210; baseline -0.001 -14"><span class='ocrx_word' id='word_1_141' title='bbox 166 1160 375 1197; x_wconf 84' lang='lat' dir='ltr'>‘evastata</span> <span class='ocrx_word' id='word_1_142' title='bbox 409 1164 508 1195; x_wconf 88' lang='lat' dir='ltr'>sunt</span> <span class='ocrx_word' id='word_1_143' title='bbox 542 1154 664 1195; x_wconf 92' lang='lat' dir='ltr'>bello.</span> <span class='ocrx_word' id='word_1_144' title='bbox 730 1153 775 1195; x_wconf 86' lang='lat' dir='ltr'>Si</span> <span class='ocrx_word' id='word_1_145' title='bbox 811 1133 1050 1195; x_wconf 83' lang='lat' dir='ltr'>reducimus</span> <span class='ocrx_word' id='word_1_146' title='bbox 1080 1155 1327 1203; x_wconf 85' lang='lat' dir='ltr'>exereitum,</span> <span class='ocrx_word' id='word_1_147' title='bbox 1360 1154 1454 1210; x_wconf 89' lang='lat' dir='ltr'>quis</span> <span class='ocrx_word' id='word_1_148' title='bbox 1489 1162 1564 1202; x_wconf 90' lang='lat' dir='ltr'>est,</span> 
     </span>
     <span class='ocr_line' id='line_1_18' title="bbox 166 1211 1566 1292; baseline -0.001 -38.964"><span class='ocrx_word' id='word_1_149' title='bbox 166 1213 264 1292; x_wconf 79' lang='lat' dir='ltr'>‘qui</span> <span class='ocrx_word' id='word_1_150' title='bbox 291 1211 470 1261; x_wconf 86' lang='lat' dir='ltr'>dubitet,</span> <span class='ocrx_word' id='word_1_151' title='bbox 501 1211 606 1260; x_wconf 89' lang='lat' dir='ltr'>illos,</span> <span class='ocrx_word' id='word_1_152' title='bbox 629 1227 715 1252; x_wconf 89' lang='lat' dir='ltr'>non</span> <span class='ocrx_word' id='word_1_153' title='bbox 745 1226 769 1252; x_wconf 87' lang='lat' dir='ltr'>a</span> <span class='ocrx_word' id='word_1_154' title='bbox 799 1211 1029 1267; x_wconf 88' lang='lat' dir='ltr'>cupiditate</span> <span class='ocrx_word' id='word_1_155' title='bbox 1055 1211 1190 1252; x_wconf 87' lang='lat' dir='ltr'>solnm</span> <span class='ocrx_word' id='word_1_156' title='bbox 1220 1211 1464 1260; x_wconf 88' lang='lat' dir='ltr'>ulciscendi,</span> <span class='ocrx_word' id='word_1_157' title='bbox 1491 1211 1566 1252; x_wconf 90' lang='lat' dir='ltr'>sed</span> 
     </span>
     <span class='ocr_line' id='line_1_19' title="bbox 167 1268 1567 1332; baseline -0.001 -21.961"><span class='ocrx_word' id='word_1_158' title='bbox 167 1270 321 1311; x_wconf 89' lang='lat' dir='ltr'>‘etiam</span> <span class='ocrx_word' id='word_1_159' title='bbox 344 1269 592 1310; x_wconf 81' lang='lat' dir='ltr'>necessitate</span> <span class='ocrx_word' id='word_1_160' title='bbox 622 1268 817 1324; x_wconf 87' lang='lat' dir='ltr'>imposita</span> <span class='ocrx_word' id='word_1_161' title='bbox 837 1284 891 1309; x_wconf 85' lang='lat' dir='ltr'>ex</span> <span class='ocrx_word' id='word_1_162' title='bbox 912 1268 1049 1309; x_wconf 87' lang='lat' dir='ltr'>alieno</span> <span class='ocrx_word' id='word_1_163' title='bbox 1070 1268 1314 1324; x_wconf 83' lang='lat' dir='ltr'>praedandi,</span> <span class='ocrx_word' id='word_1_164' title='bbox 1338 1283 1469 1332; x_wconf 82' lang='lat' dir='ltr'>quum</span> <span class='ocrx_word' id='word_1_165' title='bbox 1492 1283 1567 1308; x_wconf 88' lang='lat' dir='ltr'>sua</span> 
     </span>
     <span class='ocr_line' id='line_1_20' title="bbox 167 1325 1568 1381; baseline -0.002 -14"><span class='ocrx_word' id='word_1_166' title='bbox 167 1326 418 1375; x_wconf 87' lang='lat' dir='ltr'>‘amiserint,</span> <span class='ocrx_word' id='word_1_167' title='bbox 436 1341 581 1381; x_wconf 77' lang='lat' dir='ltr'>agrum</span> <span class='ocrx_word' id='word_1_168' title='bbox 600 1336 788 1366; x_wconf 87' lang='lat' dir='ltr'>nostrum</span> <span class='ocrx_word' id='word_1_169' title='bbox 806 1325 875 1365; x_wconf 83' lang='lat' dir='ltr'>inv</span> <span class='ocrx_word' id='word_1_170' title='bbox 879 1326 1043 1366; x_wconf 80' lang='lat' dir='ltr'>asuros‘?</span> <span class='ocrx_word' id='word_1_171' title='bbox 1076 1325 1174 1366; x_wconf 89' lang='lat' dir='ltr'>Non</span> <span class='ocrx_word' id='word_1_172' title='bbox 1191 1325 1424 1365; x_wconf 84' lang='lat' dir='ltr'>differimus</span> <span class='ocrx_word' id='word_1_173' title='bbox 1440 1325 1568 1380; x_wconf 78' lang='lat' dir='ltr'>igitur</span> 
     </span>
     <span class='ocr_line' id='line_1_21' title="bbox 168 1382 1564 1437; baseline -0.002 -13"><span class='ocrx_word' id='word_1_174' title='bbox 168 1383 349 1425; x_wconf 87' lang='lat' dir='ltr'>‘bellum</span> <span class='ocrx_word' id='word_1_175' title='bbox 384 1383 462 1423; x_wconf 88' lang='lat' dir='ltr'>isto</span> <span class='ocrx_word' id='word_1_176' title='bbox 498 1383 684 1431; x_wconf 86' lang='lat' dir='ltr'>consilio,</span> <span class='ocrx_word' id='word_1_177' title='bbox 722 1382 795 1423; x_wconf 77' lang='lat' dir='ltr'>sed</span> <span class='ocrx_word' id='word_1_178' title='bbox 835 1383 944 1422; x_wconf 82' lang='lat' dir='ltr'>intra</span> <span class='ocrx_word' id='word_1_179' title='bbox 984 1382 1089 1422; x_wconf 86' lang='lat' dir='ltr'>fines</span> <span class='ocrx_word' id='word_1_180' title='bbox 1129 1391 1291 1422; x_wconf 89' lang='lat' dir='ltr'>nostros</span> <span class='ocrx_word' id='word_1_181' title='bbox 1324 1382 1564 1437; x_wconf 85' lang='lat' dir='ltr'>accipimus.</span> 
     </span>
     <span class='ocr_line' id='line_1_22' title="bbox 168 1438 1567 1495; baseline -0.002 -14"><span class='ocrx_word' id='word_1_182' title='bbox 168 1440 346 1489; x_wconf 84' lang='lat' dir='ltr'>‘Quid‘?</span> <span class='ocrx_word' id='word_1_183' title='bbox 397 1440 514 1489; x_wconf 87' lang='lat' dir='ltr'>illud,</span> <span class='ocrx_word' id='word_1_184' title='bbox 552 1440 666 1495; x_wconf 87' lang='lat' dir='ltr'>quod</span> <span class='ocrx_word' id='word_1_185' title='bbox 707 1439 872 1495; x_wconf 87' lang='lat' dir='ltr'>proprie</span> <span class='ocrx_word' id='word_1_186' title='bbox 907 1439 960 1479; x_wconf 91' lang='lat' dir='ltr'>ad</span> <span class='ocrx_word' id='word_1_187' title='bbox 994 1439 1147 1479; x_wconf 85' lang='lat' dir='ltr'>milites</span> <span class='ocrx_word' id='word_1_188' title='bbox 1180 1439 1377 1494; x_wconf 87' lang='lat' dir='ltr'>pertinet,</span> <span class='ocrx_word' id='word_1_189' title='bbox 1413 1438 1567 1494; x_wconf 88' lang='lat' dir='ltr'>quibus</span> 
     </span>
     <span class='ocr_line' id='line_1_23' title="bbox 169 1495 1566 1552; baseline -0.002 -14"><span class='ocrx_word' id='word_1_190' title='bbox 169 1503 180 1521; x_wconf 94' lang='lat'>‘</span> <span class='ocrx_word' id='word_1_191' title='bbox 194 1498 293 1539; x_wconf 93' lang='lat' dir='ltr'>boni</span> <span class='ocrx_word' id='word_1_192' title='bbox 317 1497 472 1538; x_wconf 89' lang='lat' dir='ltr'>tribuni</span> <span class='ocrx_word' id='word_1_193' title='bbox 489 1496 623 1552; x_wconf 87' lang='lat' dir='ltr'>plebis</span> <span class='ocrx_word' id='word_1_194' title='bbox 640 1512 771 1552; x_wconf 85' lang='lat' dir='ltr'>quum</span> <span class='ocrx_word' id='word_1_195' title='bbox 793 1495 1052 1552; x_wconf 86' lang='lat' dir='ltr'>stipendium</span> <span class='ocrx_word' id='word_1_196' title='bbox 1070 1505 1321 1551; x_wconf 84' lang='lat' dir='ltr'>extorquere</span> <span class='ocrx_word' id='word_1_197' title='bbox 1343 1495 1566 1544; x_wconf 80' lang='lat' dir='ltr'>voluerint,</span> 
     </span>
     <span class='ocr_line' id='line_1_24' title="bbox 169 1552 1568 1609; baseline -0.003 -13"><span class='ocrx_word' id='word_1_198' title='bbox 169 1559 308 1596; x_wconf 89' lang='lat' dir='ltr'>‘nune</span> <span class='ocrx_word' id='word_1_199' title='bbox 338 1554 576 1595; x_wconf 88' lang='lat' dir='ltr'>consultum</span> <span class='ocrx_word' id='word_1_200' title='bbox 604 1563 777 1609; x_wconf 89' lang='lat' dir='ltr'>repente</span> <span class='ocrx_word' id='word_1_201' title='bbox 808 1552 970 1601; x_wconf 86' lang='lat' dir='ltr'>volunt,</span> <span class='ocrx_word' id='word_1_202' title='bbox 1003 1553 1126 1608; x_wconf 89' lang='lat' dir='ltr'>quale</span> <span class='ocrx_word' id='word_1_203' title='bbox 1158 1553 1251 1593; x_wconf 81' lang='lat' dir='ltr'>est?</span> <span class='ocrx_word' id='word_1_204' title='bbox 1282 1552 1454 1593; x_wconf 86' lang='lat' dir='ltr'>Vallum</span> <span class='ocrx_word' id='word_1_205' title='bbox 1485 1552 1568 1593; x_wconf 86' lang='lat' dir='ltr'>fos-</span> 
     </span>
     <span class='ocr_line' id='line_1_25' title="bbox 169 1610 1569 1668; baseline -0.002 -15"><span class='ocrx_word' id='word_1_206' title='bbox 169 1617 379 1668; x_wconf 88' lang='lat' dir='ltr'>‘samque‚</span> <span class='ocrx_word' id='word_1_207' title='bbox 404 1610 584 1667; x_wconf 78' lang='lat' dir='ltr'>ingentis</span> <span class='ocrx_word' id='word_1_208' title='bbox 614 1620 835 1666; x_wconf 86' lang='lat' dir='ltr'>utramque</span> <span class='ocrx_word' id='word_1_209' title='bbox 861 1624 949 1650; x_wconf 90' lang='lat' dir='ltr'>rem</span> <span class='ocrx_word' id='word_1_210' title='bbox 975 1610 1125 1666; x_wconf 82' lang='lat' dir='ltr'>operiS,</span> <span class='ocrx_word' id='word_1_211' title='bbox 1148 1625 1224 1666; x_wconf 91' lang='lat' dir='ltr'>per</span> <span class='ocrx_word' id='word_1_212' title='bbox 1252 1619 1417 1650; x_wconf 86' lang='lat' dir='ltr'>tantum</span> <span class='ocrx_word' id='word_1_213' title='bbox 1445 1610 1569 1665; x_wconf 88' lang='lat' dir='ltr'>spatii</span> 
     </span>
     <span class='ocr_line' id='line_1_26' title="bbox 134 1646 1568 1723; baseline -0.003 -12"><span class='ocrx_word' id='word_1_214' title='bbox 134 1669 430 1712; x_wconf 86' lang='lat' dir='ltr'>9‘duxerunt:</span> <span class='ocrx_word' id='word_1_215' title='bbox 447 1646 643 1709; x_wconf 52' lang='lat' dir='ltr'>*castella</span> <span class='ocrx_word' id='word_1_216' title='bbox 673 1667 810 1723; x_wconf 88' lang='lat' dir='ltr'>primo</span> <span class='ocrx_word' id='word_1_217' title='bbox 840 1682 987 1723; x_wconf 87' lang='lat' dir='ltr'>pauca,</span> <span class='ocrx_word' id='word_1_218' title='bbox 1018 1677 1176 1723; x_wconf 81' lang='lat' dir='ltr'>postea,</span> <span class='ocrx_word' id='word_1_219' title='bbox 1209 1668 1399 1708; x_wconf 86' lang='lat' dir='ltr'>exercitu</span> <span class='ocrx_word' id='word_1_220' title='bbox 1429 1676 1568 1715; x_wconf 87' lang='lat' dir='ltr'>aucto,</span> 
     </span>
     <span class='ocr_line' id='line_1_27' title="bbox 168 1724 1569 1773; baseline -0.001 -6"><span class='ocrx_word' id='word_1_221' title='bbox 168 1731 181 1750; x_wconf 87' lang='lat'>‘</span> <span class='ocrx_word' id='word_1_222' title='bbox 195 1725 448 1767; x_wconf 86' lang='lat' dir='ltr'>creberrima</span> <span class='ocrx_word' id='word_1_223' title='bbox 467 1725 680 1766; x_wconf 88' lang='lat' dir='ltr'>fecerunt:</span> <span class='ocrx_word' id='word_1_224' title='bbox 716 1724 971 1765; x_wconf 85' lang='lat' dir='ltr'>munitiones</span> <span class='ocrx_word' id='word_1_225' title='bbox 992 1739 1077 1765; x_wconf 92' lang='lat' dir='ltr'>non</span> <span class='ocrx_word' id='word_1_226' title='bbox 1101 1725 1143 1765; x_wconf 89' lang='lat' dir='ltr'>in</span> <span class='ocrx_word' id='word_1_227' title='bbox 1166 1725 1314 1766; x_wconf 87' lang='lat' dir='ltr'>urbem</span> <span class='ocrx_word' id='word_1_228' title='bbox 1337 1724 1475 1773; x_wconf 82' lang='lat' dir='ltr'>modo,</span> <span class='ocrx_word' id='word_1_229' title='bbox 1494 1725 1569 1765; x_wconf 88' lang='lat' dir='ltr'>sed</span> 
     </span>
     <span class='ocr_line' id='line_1_28' title="bbox 168 1781 1567 1838; baseline -0.001 -14"><span class='ocrx_word' id='word_1_230' title='bbox 168 1788 182 1807; x_wconf 90' lang='lat'>‘</span> <span class='ocrx_word' id='word_1_231' title='bbox 195 1783 239 1824; x_wconf 90' lang='lat' dir='ltr'>in</span> <span class='ocrx_word' id='word_1_232' title='bbox 263 1782 475 1824; x_wconf 77' lang='lat' dir='ltr'>EtrurIam</span> <span class='ocrx_word' id='word_1_233' title='bbox 497 1782 623 1823; x_wconf 87' lang='lat' dir='ltr'>etiam</span> <span class='ocrx_word' id='word_1_234' title='bbox 645 1790 894 1838; x_wconf 84' lang='lat' dir='ltr'>spectantes,</span> <span class='ocrx_word' id='word_1_235' title='bbox 917 1782 951 1821; x_wconf 90' lang='lat' dir='ltr'>si</span> <span class='ocrx_word' id='word_1_236' title='bbox 974 1797 1057 1838; x_wconf 89' lang='lat' dir='ltr'>qua</span> <span class='ocrx_word' id='word_1_237' title='bbox 1085 1781 1184 1823; x_wconf 89' lang='lat' dir='ltr'>inde</span> <span class='ocrx_word' id='word_1_238' title='bbox 1207 1782 1363 1823; x_wconf 82' lang='lat' dir='ltr'>auxilia</span> <span class='ocrx_word' id='word_1_239' title='bbox 1383 1782 1567 1830; x_wconf 83' lang='lat' dir='ltr'>veniant,</span> 
     </span>
     <span class='ocr_line' id='line_1_29' title="bbox 169 1839 1570 1897; baseline -0.001 -16"><span class='ocrx_word' id='word_1_240' title='bbox 169 1846 218 1882; x_wconf 91' lang='lat' dir='ltr'>‘o</span> <span class='ocrx_word' id='word_1_241' title='bbox 250 1854 438 1897; x_wconf 90' lang='lat' dir='ltr'>posuere.</span> <span class='ocrx_word' id='word_1_242' title='bbox 504 1839 622 1888; x_wconf 82' lang='lat' dir='ltr'>Quid</span> <span class='ocrx_word' id='word_1_243' title='bbox 657 1848 804 1889; x_wconf 88' lang='lat' dir='ltr'>turres,</span> <span class='ocrx_word' id='word_1_244' title='bbox 843 1839 948 1894; x_wconf 85' lang='lat' dir='ltr'>quid</span> <span class='ocrx_word' id='word_1_245' title='bbox 981 1854 1123 1880; x_wconf 77' lang='lat' dir='ltr'>vineas</span> <span class='ocrx_word' id='word_1_246' title='bbox 1157 1839 1488 1894; x_wconf 85' lang='lat' dir='ltr'>testudinesque,</span> <span class='ocrx_word' id='word_1_247' title='bbox 1527 1850 1570 1880; x_wconf 87' lang='lat' dir='ltr'>et</span> 
     </span>
     <span class='ocr_line' id='line_1_30' title="bbox 169 1855 1570 1953; baseline -0.001 -15"><span class='ocrx_word' id='word_1_248' title='bbox 169 1902 182 1921; x_wconf 95' lang='lat'>‘</span> <span class='ocrx_word' id='word_1_249' title='bbox 194 1855 322 1938; x_wconf 78' lang='lat' dir='ltr'>aiium</span> <span class='ocrx_word' id='word_1_250' title='bbox 344 1911 399 1953; x_wconf 87' lang='lat' dir='ltr'>op</span> <span class='ocrx_word' id='word_1_251' title='bbox 431 1896 724 1953; x_wconf 83' lang='lat' dir='ltr'>ugnandarum</span> <span class='ocrx_word' id='word_1_252' title='bbox 746 1896 912 1937; x_wconf 88' lang='lat' dir='ltr'>urbium</span> <span class='ocrx_word' id='word_1_253' title='bbox 935 1905 1180 1952; x_wconf 86' lang='lat' dir='ltr'>apparatum</span> <span class='ocrx_word' id='word_1_254' title='bbox 1202 1896 1383 1952; x_wconf 80' lang='lat' dir='ltr'>loquar?</span> <span class='ocrx_word' id='word_1_255' title='bbox 1422 1896 1570 1944; x_wconf 82' lang='lat' dir='ltr'>Quum</span> 
     </span>
     <span class='ocr_line' id='line_1_31' title="bbox 170 1953 1570 2009; baseline -0.001 -14"><span class='ocrx_word' id='word_1_256' title='bbox 170 1959 362 1996; x_wconf 85' lang='lat' dir='ltr'>‘tantum</span> <span class='ocrx_word' id='word_1_257' title='bbox 419 1954 554 1995; x_wconf 90' lang='lat' dir='ltr'>aboris</span> <span class='ocrx_word' id='word_1_258' title='bbox 595 1953 846 1994; x_wconf 84' lang='lat' dir='ltr'>exhaustum</span> <span class='ocrx_word' id='word_1_259' title='bbox 887 1954 953 2002; x_wconf 86' lang='lat' dir='ltr'>sit,</span> <span class='ocrx_word' id='word_1_260' title='bbox 990 1963 1033 1994; x_wconf 91' lang='lat' dir='ltr'>et</span> <span class='ocrx_word' id='word_1_261' title='bbox 1070 1953 1123 1994; x_wconf 90' lang='lat' dir='ltr'>ad</span> <span class='ocrx_word' id='word_1_262' title='bbox 1157 1953 1285 1994; x_wconf 84' lang='lat' dir='ltr'>finem</span> <span class='ocrx_word' id='word_1_263' title='bbox 1318 1954 1399 1994; x_wconf 87' lang='lat' dir='ltr'>iam</span> <span class='ocrx_word' id='word_1_264' title='bbox 1432 1954 1570 2009; x_wconf 85' lang='lat' dir='ltr'>operis</span> 
     </span>
     <span class='ocr_line' id='line_1_32' title="bbox 170 2009 1571 2074; baseline -0.001 -21"><span class='ocrx_word' id='word_1_265' title='bbox 170 2011 369 2053; x_wconf 86' lang='lat' dir='ltr'>‘tandem</span> <span class='ocrx_word' id='word_1_266' title='bbox 400 2019 674 2067; x_wconf 82' lang='lat' dir='ltr'>perventum3</span> <span class='ocrx_word' id='word_1_267' title='bbox 713 2009 1047 2074; x_wconf 84' lang='lat' dir='ltr'>relinquendane</span> <span class='ocrx_word' id='word_1_268' title='bbox 1079 2010 1183 2051; x_wconf 87' lang='lat' dir='ltr'>haee</span> <span class='ocrx_word' id='word_1_269' title='bbox 1215 2011 1407 2059; x_wconf 83' lang='lat' dir='ltr'>censetis,</span> <span class='ocrx_word' id='word_1_270' title='bbox 1442 2019 1486 2051; x_wconf 92' lang='lat' dir='ltr'>ut</span> <span class='ocrx_word' id='word_1_271' title='bbox 1517 2010 1571 2051; x_wconf 87' lang='lat' dir='ltr'>ad</span> 
     </span>
     <span class='ocr_line' id='line_1_33' title="bbox 171 2066 1572 2121; baseline -0.002 -11"><span class='ocrx_word' id='word_1_272' title='bbox 171 2074 183 2092; x_wconf 94' lang='lat'>‘</span> <span class='ocrx_word' id='word_1_273' title='bbox 199 2077 398 2110; x_wconf 80' lang='lat' dir='ltr'>aestatem</span> <span class='ocrx_word' id='word_1_274' title='bbox 413 2082 553 2108; x_wconf 83' lang='lat' dir='ltr'>rursus</span> <span class='ocrx_word' id='word_1_275' title='bbox 566 2082 646 2107; x_wconf 88' lang='lat' dir='ltr'>nov</span> <span class='ocrx_word' id='word_1_276' title='bbox 652 2082 698 2106; x_wconf 87' lang='lat' dir='ltr'>us</span> <span class='ocrx_word' id='word_1_277' title='bbox 714 2066 767 2106; x_wconf 89' lang='lat' dir='ltr'>de</span> <span class='ocrx_word' id='word_1_278' title='bbox 791 2066 954 2121; x_wconf 71' lang='lat' dir='ltr'>integro</span> <span class='ocrx_word' id='word_1_279' title='bbox 972 2066 1035 2106; x_wconf 90' lang='lat' dir='ltr'>his</span> <span class='ocrx_word' id='word_1_280' title='bbox 1058 2067 1325 2107; x_wconf 90' lang='lat' dir='ltr'>instituendis</span> <span class='ocrx_word' id='word_1_281' title='bbox 1342 2067 1572 2107; x_wconf 86' lang='lat' dir='ltr'>exsudetur</span> 
     </span>
     <span class='ocr_line' id='line_1_34' title="bbox 173 2123 1571 2177; baseline -0.001 -12"><span class='ocrx_word' id='word_1_282' title='bbox 173 2125 345 2166; x_wconf 81' lang='lat' dir='ltr'>‘lab0r?</span> <span class='ocrx_word' id='word_1_283' title='bbox 385 2124 560 2172; x_wconf 63' lang='lat' dir='ltr'>Quanto</span> <span class='ocrx_word' id='word_1_284' title='bbox 585 2133 646 2164; x_wconf 87' lang='lat' dir='ltr'>est</span> <span class='ocrx_word' id='word_1_285' title='bbox 677 2123 815 2162; x_wconf 88' lang='lat' dir='ltr'>minus</span> <span class='ocrx_word' id='word_1_286' title='bbox 843 2137 970 2177; x_wconf 69' lang='lat' dir='ltr'>opem</span> <span class='ocrx_word' id='word_1_287' title='bbox 992 2123 1098 2163; x_wconf 86' lang='lat' dir='ltr'>tueri</span> <span class='ocrx_word' id='word_1_288' title='bbox 1127 2123 1247 2170; x_wconf 62' lang='lat' dir='ltr'>fae-tt,</span> <span class='ocrx_word' id='word_1_289' title='bbox 1270 2131 1312 2163; x_wconf 89' lang='lat' dir='ltr'>et</span> <span class='ocrx_word' id='word_1_290' title='bbox 1338 2124 1505 2171; x_wconf 83' lang='lat' dir='ltr'>instare,</span> <span class='ocrx_word' id='word_1_291' title='bbox 1529 2132 1571 2164; x_wconf 81' lang='lat' dir='ltr'>et</span> 
     </span>
     <span class='ocr_line' id='line_1_35' title="bbox 174 2178 1572 2244; baseline -0.004 -21.913"><span class='ocrx_word' id='word_1_292' title='bbox 174 2187 477 2237; x_wconf 82' lang='lat' dir='ltr'>‘perseverare,</span> <span class='ocrx_word' id='word_1_293' title='bbox 507 2180 765 2235; x_wconf 75' lang='lat' dir='ltr'>defungique</span> <span class='ocrx_word' id='word_1_294' title='bbox 795 2180 923 2220; x_wconf 81' lang='lat' dir='ltr'>eura?</span> <span class='ocrx_word' id='word_1_295' title='bbox 976 2178 1121 2219; x_wconf 67' lang='lat' dir='ltr'>Brexis</span> <span class='ocrx_word' id='word_1_296' title='bbox 1149 2180 1262 2220; x_wconf 88' lang='lat' dir='ltr'>enim</span> <span class='ocrx_word' id='word_1_297' title='bbox 1293 2180 1478 2244; x_wconf 71' lang='lat' dir='ltr'>profecto</span> <span class='ocrx_word' id='word_1_298' title='bbox 1507 2195 1572 2221; x_wconf 81' lang='lat' dir='ltr'>res</span> 
     </span>
     <span class='ocr_line' id='line_1_36' title="bbox 175 2236 1572 2292; baseline -0.001 -13"><span class='ocrx_word' id='word_1_299' title='bbox 175 2244 275 2286; x_wconf 87' lang='lat' dir='ltr'>‘est,</span> <span class='ocrx_word' id='word_1_300' title='bbox 297 2238 329 2278; x_wconf 83' lang='lat' dir='ltr'>si</span> <span class='ocrx_word' id='word_1_301' title='bbox 364 2253 448 2278; x_wconf 83' lang='lat' dir='ltr'>uno</span> <span class='ocrx_word' id='word_1_302' title='bbox 478 2247 621 2278; x_wconf 83' lang='lat' dir='ltr'>tenore</span> <span class='ocrx_word' id='word_1_303' title='bbox 651 2236 891 2292; x_wconf 62' lang='grc' dir='ltr'>Ῑιιτιίςζῐῑιιη</span> <span class='ocrx_word' id='word_1_304' title='bbox 926 2251 1003 2277; x_wconf 87' lang='lat' dir='ltr'>nce</span> <span class='ocrx_word' id='word_1_305' title='bbox 1034 2236 1110 2292; x_wconf 84' lang='lat' dir='ltr'>ipsi</span> <span class='ocrx_word' id='word_1_306' title='bbox 1140 2251 1215 2292; x_wconf 88' lang='lat' dir='ltr'>per</span> <span class='ocrx_word' id='word_1_307' title='bbox 1244 2236 1572 2278; x_wconf 83' lang='lat' dir='ltr'>intermissiones</span> 
     </span>
     <span class='ocr_line' id='line_1_37' title="bbox 175 2293 1572 2349; baseline -0.001 -13"><span class='ocrx_word' id='word_1_308' title='bbox 175 2301 186 2319; x_wconf 92' lang='lat'>‘</span> <span class='ocrx_word' id='word_1_309' title='bbox 203 2295 275 2336; x_wconf 71' lang='lat' dir='ltr'>has</span> <span class='ocrx_word' id='word_1_310' title='bbox 304 2295 451 2336; x_wconf 86' lang='lat' dir='ltr'>interv</span> <span class='ocrx_word' id='word_1_311' title='bbox 442 2294 508 2334; x_wconf 42' lang='lat' dir='ltr'>all(</span> <span class='ocrx_word' id='word_1_312' title='bbox 498 2310 606 2349; x_wconf 71' lang='lat' dir='ltr'>aque</span> <span class='ocrx_word' id='word_1_313' title='bbox 633 2293 853 2334; x_wconf 88' lang='lat' dir='ltr'>lentiorem</span> <span class='ocrx_word' id='word_1_314' title='bbox 882 2308 998 2349; x_wconf 77' lang='lat' dir='ltr'>spem</span> <span class='ocrx_word' id='word_1_315' title='bbox 1023 2302 1147 2333; x_wconf 82' lang='lat' dir='ltr'>nostr</span> <span class='ocrx_word' id='word_1_316' title='bbox 1149 2308 1205 2334; x_wconf 84' lang='lat' dir='ltr'>un</span> <span class='ocrx_word' id='word_1_317' title='bbox 1236 2293 1422 2334; x_wconf 63' lang='lat' dir='ltr'>ficimus.</span> <span class='ocrx_word' id='word_1_318' title='bbox 1487 2293 1572 2335; x_wconf 93' lang='lat' dir='ltr'>Lo-</span> 
     </span>
     <span class='ocr_line' id='line_1_38' title="bbox 175 2350 1572 2408; baseline -0.001 -14.964"><span class='ocrx_word' id='word_1_319' title='bbox 175 2358 307 2408; x_wconf 90' lang='lat' dir='ltr'>‘quor</span> <span class='ocrx_word' id='word_1_320' title='bbox 328 2352 381 2392; x_wconf 89' lang='lat' dir='ltr'>dc</span> <span class='ocrx_word' id='word_1_321' title='bbox 409 2366 549 2408; x_wconf 80' lang='lat' dir='ltr'>opere,</span> <span class='ocrx_word' id='word_1_322' title='bbox 572 2350 689 2391; x_wconf 85' lang='lat' dir='ltr'>etde</span> <span class='ocrx_word' id='word_1_323' title='bbox 721 2350 918 2406; x_wconf 83' lang='lat' dir='ltr'>temporis</span> <span class='ocrx_word' id='word_1_324' title='bbox 946 2351 1112 2391; x_wconf 84' lang='lat' dir='ltr'>iactura.</span> <span class='ocrx_word' id='word_1_325' title='bbox 1179 2350 1322 2397; x_wconf 81' lang='lat' dir='ltr'>Quid.</span> <span class='ocrx_word' id='word_1_326' title='bbox 1313 2352 1331 2376; x_wconf 68' lang='lat'>‘³</span> <span class='ocrx_word' id='word_1_327' title='bbox 1381 2351 1572 2406; x_wconf 81' lang='lat' dir='ltr'>periculi,</span> 
     </span>
     <span class='ocr_line' id='line_1_39' title="bbox 176 2407 1573 2465; baseline -0.001 -16"><span class='ocrx_word' id='word_1_328' title='bbox 176 2409 314 2465; x_wconf 85' lang='lat' dir='ltr'>‘quod</span> <span class='ocrx_word' id='word_1_329' title='bbox 336 2408 572 2450; x_wconf 78' lang='lat' dir='ltr'>differendo</span> <span class='ocrx_word' id='word_1_330' title='bbox 594 2407 704 2448; x_wconf 85' lang='lat' dir='ltr'>bello</span> <span class='ocrx_word' id='word_1_331' title='bbox 725 2407 901 2455; x_wconf 75' lang='lat' dir='ltr'>adimus,</span> <span class='ocrx_word' id='word_1_332' title='bbox 925 2422 1025 2447; x_wconf 86' lang='lat' dir='ltr'>num</span> <span class='ocrx_word' id='word_1_333' title='bbox 1049 2407 1235 2447; x_wconf 72' lang='lat' dir='ltr'>oblivisci</span> <span class='ocrx_word' id='word_1_334' title='bbox 1266 2423 1340 2447; x_wconf 88' lang='lat' dir='ltr'>uos</span> <span class='ocrx_word' id='word_1_335' title='bbox 1362 2407 1465 2449; x_wconf 66' lang='lat' dir='ltr'>hacc</span> <span class='ocrx_word' id='word_1_336' title='bbox 1488 2416 1573 2448; x_wconf 85' lang='lat' dir='ltr'>tam</span> 
     </span>
     <span class='ocr_line' id='line_1_40' title="bbox 177 2463 1574 2521; baseline -0.001 -15"><span class='ocrx_word' id='word_1_337' title='bbox 177 2471 188 2490; x_wconf 87' lang='lat'>‘</span> <span class='ocrx_word' id='word_1_338' title='bbox 204 2466 349 2507; x_wconf 85' lang='lat' dir='ltr'>crebra</span> <span class='ocrx_word' id='word_1_339' title='bbox 378 2465 570 2506; x_wconf 86' lang='lat' dir='ltr'>Etruriae</span> <span class='ocrx_word' id='word_1_340' title='bbox 593 2464 755 2505; x_wconf 83' lang='lat' dir='ltr'>concili·</span> <span class='ocrx_word' id='word_1_341' title='bbox 747 2480 771 2505; x_wconf 75' lang='grc' dir='ltr'>ἰ</span> <span class='ocrx_word' id='word_1_342' title='bbox 792 2464 845 2505; x_wconf 91' lang='lat' dir='ltr'>dc</span> <span class='ocrx_word' id='word_1_343' title='bbox 875 2464 1092 2505; x_wconf 87' lang='lat' dir='ltr'>mittendis</span> <span class='ocrx_word' id='word_1_344' title='bbox 1123 2463 1160 2503; x_wconf 80' lang='lat' dir='ltr'>V</span> <span class='ocrx_word' id='word_1_345' title='bbox 1163 2464 1250 2505; x_wconf 83' lang='lat' dir='ltr'>cios</span> <span class='ocrx_word' id='word_1_346' title='bbox 1271 2464 1438 2504; x_wconf 84' lang='lat' dir='ltr'>auxiliis</span> <span class='ocrx_word' id='word_1_347' title='bbox 1467 2465 1574 2521; x_wconf 83' lang='lat' dir='ltr'>pati-</span> 
     </span>
     <span class='ocr_line' id='line_1_41' title="bbox 178 2521 1574 2578; baseline 0 -15"><span class='ocrx_word' id='word_1_348' title='bbox 178 2524 360 2563; x_wconf 79' lang='lat' dir='ltr'>‘untur?</span> <span class='ocrx_word' id='word_1_349' title='bbox 394 2522 454 2563; x_wconf 82' lang='lat' dir='ltr'>Ut</span> <span class='ocrx_word' id='word_1_350' title='bbox 483 2537 596 2562; x_wconf 88' lang='lat' dir='ltr'>nunc</span> <span class='ocrx_word' id='word_1_351' title='bbox 625 2536 689 2562; x_wconf 87' lang='lat' dir='ltr'>res</span> <span class='ocrx_word' id='word_1_352' title='bbox 709 2537 752 2562; x_wconf 85' lang='lat' dir='ltr'>sc</span> <span class='ocrx_word' id='word_1_353' title='bbox 782 2521 921 2566; x_wconf 78' lang='lat' dir='ltr'>h.‚1bet</span> <span class='ocrx_word' id='word_1_354' title='bbox 946 2521 1037 2561; x_wconf 80' lang='lat' dir='ltr'>irati</span> <span class='ocrx_word' id='word_1_355' title='bbox 1067 2531 1177 2567; x_wconf 84' lang='lat' dir='ltr'>sunt,</span> <span class='ocrx_word' id='word_1_356' title='bbox 1200 2521 1394 2569; x_wconf 87' lang='lat' dir='ltr'>oderunt,</span> <span class='ocrx_word' id='word_1_357' title='bbox 1418 2533 1574 2578; x_wconf 80' lang='lat' dir='ltr'>negant</span> 
     </span>
    </p>
   </div>
   <div class='ocr_carea' id='block_1_4' title="bbox 177 2628 1574 2764">
    <p class='ocr_par' dir='ltr' id='par_1_4' title="bbox 177 2628 1574 2764">
     <span class='ocr_line' id='line_1_42' title="bbox 223 2628 1573 2680; baseline 0.001 -10"><span class='ocrx_word' id='word_1_358' title='bbox 223 2650 239 2680; x_wconf 90' lang='lat'>7</span> <span class='ocrx_word' id='word_1_359' title='bbox 264 2642 357 2671; x_wconf 71' lang='lat' dir='ltr'>Intra</span> <span class='ocrx_word' id='word_1_360' title='bbox 382 2642 561 2671; x_wconf 54' lang='lat' dir='ltr'>monimum</span> <span class='ocrx_word' id='word_1_361' title='bbox 586 2642 744 2679; x_wconf 68' lang='lat' dir='ltr'>lapidem]</span> <span class='ocrx_word' id='word_1_362' title='bbox 770 2641 853 2671; x_wconf 85' lang='lat' dir='ltr'>Cen·</span> <span class='ocrx_word' id='word_1_363' title='bbox 943 2641 962 2669; x_wconf 81' lang='lat'>8</span> <span class='ocrx_word' id='word_1_364' title='bbox 985 2641 1108 2679; x_wconf 59' lang='grc' dir='ltr'>δἐῚιίίικα</span> <span class='ocrx_word' id='word_1_365' title='bbox 1125 2628 1340 2678; x_wconf 65' lang='lat' dir='ltr'>relacllarr1rzi]</span> <span class='ocrx_word' id='word_1_366' title='bbox 1368 2641 1407 2670; x_wconf 80' lang='lat' dir='ltr'>cs.</span> <span class='ocrx_word' id='word_1_367' title='bbox 1425 2640 1573 2680; x_wconf 69' lang='lat' dir='ltr'>Supr.iV.</span> 
     </span>
     <span class='ocr_line' id='line_1_43' title="bbox 179 2682 952 2721; baseline -0.003 -7"><span class='ocrx_word' id='word_1_368' title='bbox 179 2689 248 2714; x_wconf 75' lang='lat' dir='ltr'>tum</span> <span class='ocrx_word' id='word_1_369' title='bbox 274 2688 400 2713; x_wconf 70' lang='lat' dir='ltr'>mutum</span> <span class='ocrx_word' id='word_1_370' title='bbox 423 2684 539 2717; x_wconf 68' lang='lat' dir='ltr'>studia,</span> <span class='ocrx_word' id='word_1_371' title='bbox 554 2682 578 2712; x_wconf 69' lang='lat' dir='ltr'>ni</span> <span class='ocrx_word' id='word_1_372' title='bbox 599 2683 756 2721; x_wconf 65' lang='lat' dir='ltr'>Dionysio</span> <span class='ocrx_word' id='word_1_373' title='bbox 777 2683 857 2712; x_wconf 68' lang='lat' dir='ltr'>tides</span> <span class='ocrx_word' id='word_1_374' title='bbox 902 2691 952 2721; x_wconf 78' lang='lat'>32.</span> 
     </span>
     <span class='ocr_line' id='line_1_44' title="bbox 177 2723 1574 2764; baseline -0.005 -9"><span class='ocrx_word' id='word_1_375' title='bbox 177 2726 285 2755; x_wconf 76' lang='lat' dir='ltr'>«lunda</span> <span class='ocrx_word' id='word_1_376' title='bbox 318 2725 370 2759; x_wconf 67' lang='lat' dir='ltr'>sit.</span> <span class='ocrx_word' id='word_1_377' title='bbox 403 2736 422 2754; x_wconf 81' lang='lat' dir='ltr'>u</span> <span class='ocrx_word' id='word_1_378' title='bbox 461 2725 564 2754; x_wconf 72' lang='lat' dir='ltr'>nomn</span> <span class='ocrx_word' id='word_1_379' title='bbox 598 2724 671 2753; x_wconf 67' lang='lat' dir='ltr'>Veii</span> <span class='ocrx_word' id='word_1_380' title='bbox 710 2725 853 2754; x_wconf 59' lang='lat' dir='ltr'>nbi-nint.</span> <span class='ocrx_word' id='word_1_381' title='bbox 946 2734 966 2763; x_wconf 83' lang='lat'>9</span> <span class='ocrx_word' id='word_1_382' title='bbox 990 2724 1146 2762; x_wconf 57' lang='lat' dir='ltr'>suavila]</span> <span class='ocrx_word' id='word_1_383' title='bbox 1187 2723 1340 2754; x_wconf 77' lang='lat' dir='ltr'>Subitnrii</span> <span class='ocrx_word' id='word_1_384' title='bbox 1371 2724 1477 2764; x_wconf 67' lang='lat' dir='ltr'>opt-ris</span> <span class='ocrx_word' id='word_1_385' title='bbox 1506 2734 1574 2756; x_wconf 75' lang='lat' dir='ltr'>mu-</span> 
     </span>
    </p>
   </div>
   <div class='ocr_carea' id='block_1_5' title="bbox 178 2765 1576 2929">
    <p class='ocr_par' dir='ltr' id='par_1_5' title="bbox 178 2765 1575 2929">
     <span class='ocr_line' id='line_1_45' title="bbox 182 2765 1574 2815; baseline 0.001 -21"><span class='ocrx_word' id='word_1_386' title='bbox 182 2768 268 2798; x_wconf 72' lang='lat' dir='ltr'>llod.</span> <span class='ocrx_word' id='word_1_387' title='bbox 290 2767 421 2805; x_wconf 79' lang='lat' dir='ltr'>quidem</span> <span class='ocrx_word' id='word_1_388' title='bbox 450 2766 548 2796; x_wconf 60' lang='lat' dir='ltr'>veios</span> <span class='ocrx_word' id='word_1_389' title='bbox 572 2766 657 2795; x_wconf 78' lang='lat' dir='ltr'>hund</span> <span class='ocrx_word' id='word_1_390' title='bbox 682 2765 778 2795; x_wconf 80' lang='lat' dir='ltr'>dubie</span> <span class='ocrx_word' id='word_1_391' title='bbox 801 2775 854 2804; x_wconf 67' lang='lat' dir='ltr'>ap.</span> <span class='ocrx_word' id='word_1_392' title='bbox 901 2765 1057 2800; x_wconf 73' lang='lat' dir='ltr'>nimenta,</span> <span class='ocrx_word' id='word_1_393' title='bbox 1083 2766 1123 2795; x_wconf 79' lang='lat' dir='ltr'>nd</span> <span class='ocrx_word' id='word_1_394' title='bbox 1156 2771 1259 2796; x_wconf 68' lang='lat' dir='ltr'>eiu-tra</span> <span class='ocrx_word' id='word_1_395' title='bbox 1289 2771 1365 2796; x_wconf 78' lang='lat' dir='ltr'>unte</span> <span class='ocrx_word' id='word_1_396' title='bbox 1397 2768 1491 2798; x_wconf 67' lang='lat' dir='ltr'>urben</span> <span class='ocrx_word' id='word_1_397' title='bbox 1519 2777 1574 2815; x_wconf 72' lang='lat' dir='ltr'>op-</span> 
     </span>
     <span class='ocr_line' id='line_1_46' title="bbox 180 2808 1575 2857; baseline 0.001 -20"><span class='ocrx_word' id='word_1_398' title='bbox 180 2810 263 2840; x_wconf 68' lang='lat' dir='ltr'>[nola</span> <span class='ocrx_word' id='word_1_399' title='bbox 287 2810 439 2843; x_wconf 69' lang='lat' dir='ltr'>Fur-ncne.</span> <span class='ocrx_word' id='word_1_400' title='bbox 456 2819 518 2838; x_wconf 87' lang='lat' dir='ltr'>non</span> <span class='ocrx_word' id='word_1_401' title='bbox 539 2818 591 2847; x_wconf 76' lang='lat' dir='ltr'>up.</span> <span class='ocrx_word' id='word_1_402' title='bbox 609 2809 715 2837; x_wconf 73' lang='lat' dir='ltr'>l&#39;im&#39;ta</span> <span class='ocrx_word' id='word_1_403' title='bbox 736 2808 855 2837; x_wconf 49' lang='grc' dir='ltr'>(ἠμπεί-</span> <span class='ocrx_word' id='word_1_404' title='bbox 902 2812 1060 2846; x_wconf 65' lang='lat' dir='ltr'>pugnatas</span> <span class='ocrx_word' id='word_1_405' title='bbox 1076 2812 1186 2837; x_wconf 75' lang='lat' dir='ltr'>comm</span> <span class='ocrx_word' id='word_1_406' title='bbox 1211 2808 1342 2839; x_wconf 61' lang='lat' dir='ltr'>hostile«</span> <span class='ocrx_word' id='word_1_407' title='bbox 1362 2819 1404 2848; x_wconf 76' lang='lat' dir='ltr'>op</span> <span class='ocrx_word' id='word_1_408' title='bbox 1432 2809 1575 2857; x_wconf 76' lang='lat' dir='ltr'>ugnntio-</span> 
     </span>
     <span class='ocr_line' id='line_1_47' title="bbox 178 2818 1576 2893; baseline 0.003 -15"><span class='ocrx_word' id='word_1_409' title='bbox 178 2853 256 2882; x_wconf 77' lang='lat' dir='ltr'>Imm</span> <span class='ocrx_word' id='word_1_410' title='bbox 280 2850 482 2890; x_wconf 62' lang='lat' dir='ltr'>qum-siveris.</span> <span class='ocrx_word' id='word_1_411' title='bbox 521 2851 748 2880; x_wconf 70' lang='lat' dir='ltr'>Duodecimum</span> <span class='ocrx_word' id='word_1_412' title='bbox 773 2849 854 2888; x_wconf 69' lang='lat' dir='ltr'>lap-’-</span> <span class='ocrx_word' id='word_1_413' title='bbox 902 2859 957 2879; x_wconf 72' lang='lat' dir='ltr'>nen</span> <span class='ocrx_word' id='word_1_414' title='bbox 972 2849 1103 2880; x_wconf 70' lang='lat' dir='ltr'>tuenda.</span> <span class='ocrx_word' id='word_1_415' title='bbox 1128 2850 1167 2881; x_wconf 82' lang='lat' dir='ltr'>cs.</span> <span class='ocrx_word' id='word_1_416' title='bbox 1185 2850 1278 2881; x_wconf 62' lang='lat' dir='ltr'>Cat-n.</span> <span class='ocrx_word' id='word_1_417' title='bbox 1293 2851 1332 2881; x_wconf 82' lang='lat' dir='ltr'>de</span> <span class='ocrx_word' id='word_1_418' title='bbox 1349 2850 1386 2882; x_wconf 83' lang='lat' dir='ltr'>B.</span> <span class='ocrx_word' id='word_1_419' title='bbox 1402 2818 1443 2882; x_wconf 58' lang='lat' dir='ltr'>g.</span> <span class='ocrx_word' id='word_1_420' title='bbox 1463 2851 1512 2883; x_wconf 62' lang='lat' dir='ltr'>xii.</span> <span class='ocrx_word' id='word_1_421' title='bbox 1525 2851 1576 2893; x_wconf 85' lang='lat'>69.</span> 
     </span>
     <span class='ocr_line' id='line_1_48' title="bbox 178 2890 1012 2929; baseline -0.004 -4"><span class='ocrx_word' id='word_1_422' title='bbox 178 2895 246 2925; x_wconf 78' lang='lat' dir='ltr'>dem</span> <span class='ocrx_word' id='word_1_423' title='bbox 271 2893 399 2924; x_wconf 79' lang='lat' dir='ltr'>coniicit</span> <span class='ocrx_word' id='word_1_424' title='bbox 424 2894 555 2923; x_wconf 70' lang='lat' dir='ltr'>(timer.</span> <span class='ocrx_word' id='word_1_425' title='bbox 582 2892 654 2922; x_wconf 73' lang='grc' dir='ltr'>ΙυιΙ.</span> <span class='ocrx_word' id='word_1_426' title='bbox 674 2892 748 2922; x_wconf 78' lang='lat' dir='ltr'>Ant.</span> <span class='ocrx_word' id='word_1_427' title='bbox 774 2890 804 2922; x_wconf 87' lang='lat' dir='ltr'>ii.</span> <span class='ocrx_word' id='word_1_428' title='bbox 829 2901 856 2929; x_wconf 80' lang='lat'>3.</span> <span class='ocrx_word' id='word_1_429' title='bbox 906 2890 1012 2921; x_wconf 63' lang='lat' dir='ltr'>boun.</span> 
     </span>
    </p>
   </div>
  </div>
 </body>
</html>
