1934 3211
557 161 684 217 LIB.
718 174 771 215 V.
815 174 962 216 CAP.
995 181 1064 218 48.
1430 182 1514 221 339

114 267 356 310 necessariis
379 265 433 307 ad
460 265 664 306 honorem
689 264 814 305 unius
834 265 913 305 viri
940 264 1159 305 conferret.
1224 265 1339 307 Tum
1366 267 1512 322 vigiles

114 325 204 366 eius
223 323 317 373 loci,
339 337 424 378 qua
438 321 641 362 fefellerat
665 321 896 362 ascendens
916 321 1059 370 hostis,
1076 322 1215 363 citati:
1249 331 1292 364 et
1313 339 1446 379 quum
1467 325 1511 365 in

113 394 259 423 omnes
307 394 423 420 more
464 378 633 420 militari
688 393 731 419 se
782 378 1170 420 animadversurum
1221 379 1275 428 Q.
1302 379 1512 436 Sulpicius

112 437 305 479 tribunus
325 435 506 477 militum
518 435 854 492 pronuntiasset3
889 436 1179 477 consentiente
1201 436 1381 478 clamore
1403 438 1512 479 mili-

84 502 214 544 1tum,
237 493 283 534 in
313 508 448 534 unum
468 493 638 550 vigilem
669 493 987 534 coniicientium
1017 493 1197 549 culpam,
1221 494 1458 544 deterritus,
1488 510 1512 536 a

110 551 259 593 ceteris
287 551 513 592 abstinuit:
555 565 675 592 reum
704 550 820 592 haud
851 550 1029 592 dubium
1057 551 1147 592 eius
1179 567 1329 602 noxae,
1362 567 1512 608 appro-

110 608 306 650 bantibus
319 608 494 658 cunctis,
509 607 561 649 de
575 623 675 649 saxo
689 608 855 650 deiecit.
915 608 1022 650 Inde
1036 609 1285 650 intentiores
1298 610 1511 666 utrimque

110 665 324 707 custodiae
355 681 469 715 esse3
512 675 554 706 et
582 666 696 722 apud
730 665 887 715 Gallos,
911 666 1011 722 quia
1030 666 1247 723 vulgatum
1278 675 1379 716 erat,
1402 667 1513 708 inter

109 721 241 765 Veios
263 723 530 779 Romamque
561 724 733 764 nuntios
763 738 1022 772 commeare3
1061 732 1104 765 et
1134 724 1248 780 apud
1281 723 1509 773 Romanos,

109 780 162 822 ab
182 781 378 822 nocturni
394 780 570 837 periculi
591 781 803 822 memoria.

171 837 257 880 Sed
277 846 373 879 ante
395 838 537 880 omnia
550 838 780 879 obsidionis
800 838 983 894 bellique
1006 838 1114 880 mala
1134 839 1264 880 fames
1281 848 1508 896 utrumque

79 895 342 937 2exercitum
376 896 575 951 urgebat:
621 895 766 937 Gallos
800 896 1039 952 pestilentia
1074 896 1213 945 etiam,
1249 912 1382 952 quum
1417 897 1510 938 loco

110 952 272 994 iacente
313 953 423 994 inter
453 952 636 994 tumulos
676 962 809 994 castra
840 953 1055 1003 habentes,
1088 962 1178 994 tum
1219 954 1270 994 ab
1302 954 1510 995 incendiis

110 1010 268 1052 torrido
288 1021 331 1051 et
351 1010 514 1067 vaporis
544 1010 683 1066 pleno,
706 1010 989 1066 cineremque,
1012 1026 1099 1052 non
1130 1011 1346 1067 pulverem
1369 1011 1508 1062 modo,

107 1067 282 1117 ferente,
305 1083 438 1124 quum
459 1067 564 1123 quid
584 1068 699 1109 venti
720 1077 882 1110 motum
903 1078 1033 1110 esset:
1069 1084 1250 1125 quorum
1281 1069 1510 1111 intoleran-

78 1125 267 1169 3tissima
295 1140 412 1181 gens,
434 1125 687 1181 humerique
718 1141 765 1167 ac
786 1126 930 1181 frigori
960 1136 1135 1175 assueta,
1158 1142 1291 1182 quum
1319 1136 1437 1168 aestu
1467 1137 1510 1169 et

107 1197 263 1239 angore
277 1191 439 1231 vexata,
454 1182 632 1238 vulgatis
648 1182 762 1224 velut
779 1183 823 1223 in
845 1198 978 1239 pecua
995 1184 1149 1224 morbis
1166 1194 1409 1233 moreretur,
1425 1185 1509 1226 iam

138 1239 278 1296 igritia
312 1239 498 1296 singulos
535 1239 766 1295 sepeliendi
797 1241 1032 1296 promiscue
1069 1250 1280 1283 acervatos
1317 1241 1509 1284 cumulos

77 1254 328 1343 4Eominum
354 1298 554 1339 urebant:
589 1298 890 1353 bustorumque
917 1297 1016 1339 inde
1048 1298 1308 1340 Gallicorum
1336 1299 1509 1341 nomine

107 1354 316 1410 insignem
356 1354 495 1395 locum
532 1354 678 1395 fecere.
742 1354 938 1396 Indutiae
979 1355 1133 1396 deinde
1175 1371 1272 1397 cum
1305 1356 1510 1397 Romanis

106 1412 254 1461 factae,
268 1421 311 1453 et
332 1411 541 1467 colloquia
583 1412 758 1453 ermissu
771 1412 1072 1468 imperatorum
1094 1412 1257 1453 habita:
1294 1413 1339 1453 in
1356 1413 1509 1469 quibus

107 1484 241 1525 quum
263 1468 496 1511 identidem
521 1427 634 1510 Glalli
656 1469 808 1510 famem
841 1469 1083 1519 obiicerent,
1106 1484 1240 1525 eaque
1263 1470 1508 1511 necessitate

108 1526 163 1567 ad
189 1525 450 1568 deditionem
475 1535 684 1584 uocarent,
711 1526 866 1567 dicitur
893 1526 1145 1567 avertendae
1177 1527 1267 1568 eius
1296 1527 1509 1583 opinionis

78 1597 95 1627 5
108 1598 232 1625 causa
245 1583 387 1625 multis
404 1583 504 1624 locis
521 1583 640 1639 panis
660 1583 714 1624 de
731 1582 945 1639 Capitolio
961 1584 1138 1625 iactatus
1154 1599 1242 1625 esse
1259 1585 1303 1625 in
1325 1584 1509 1626 hostium

107 1641 317 1682 stationes.
383 1640 469 1682 Sed
506 1641 589 1681 iam
627 1656 766 1696 neque
798 1640 1062 1689 dissimulari,
1095 1656 1235 1697 neque
1272 1642 1370 1684 ferri
1401 1642 1510 1684 ultra

106 1697 236 1740 fames
279 1706 453 1755 poterat.
517 1697 680 1754 Itaque,
722 1697 825 1738 dum
871 1698 1051 1740 dictator
1090 1698 1304 1740 delectum
1349 1715 1426 1756 per
1465 1715 1508 1741 se

108 1754 276 1797 Ardeae
317 1755 456 1805 habet,
489 1756 733 1812 magistrum
774 1755 967 1812 equitum
1004 1755 1053 1797 L.
1074 1756 1292 1798 Valerium
1335 1772 1360 1798 a
1390 1756 1509 1798 Veiis

106 1812 314 1855 abducere
343 1813 576 1854 exereitum
607 1813 736 1862 iubet,
766 1822 896 1869 parat,
919 1813 1187 1869 instruitque,
1211 1815 1364 1870 quibus
1392 1813 1508 1856 haud

106 1869 241 1927 impar
279 1870 492 1912 adoriatur
538 1870 701 1912 hostes:
750 1870 919 1912 interim
970 1870 1238 1936 Capitolinus
1285 1872 1507 1921 exercitus,

106 1927 356 1970 stationibus
401 1927 639 1984 vigiliisque
687 1927 830 1977 fessus,
873 1937 1076 1984 superans
1124 1937 1267 1970 tamen
1312 1929 1509 1970 humanis

107 1985 303 2027 omnibus
323 1985 456 2034 malis,
471 2000 603 2040 quum
619 1985 774 2026 famem
790 2000 916 2026 unam
939 1993 1087 2026 natura
1104 1986 1215 2027 vinci
1232 2001 1318 2027 non
1335 1987 1506 2035 sineret,

107 2041 222 2083 diem
256 2041 310 2083 de
343 2041 412 2082 die
448 2051 731 2097 prospectam,
767 2041 933 2096 ecquod
974 2041 1181 2083 auxilium
1217 2043 1269 2083 ab
1302 2043 1507 2084 dictator-e

108 2106 351 2154 appareret;
393 2106 605 2154 postremo
645 2113 718 2153 spe
759 2113 930 2153 quoque
972 2098 1068 2147 iam,
1101 2113 1188 2139 non
1228 2099 1363 2140 solum
1399 2099 1507 2148 cibo,

77 2154 348 2204 ⁶deficiente,
370 2164 425 2204 et,
449 2169 580 2210 quum
601 2155 802 2195 stationes
828 2154 1118 2210 procederent,
1141 2170 1270 2220 prope
1293 2156 1509 2197 obruenti-

109 2212 187 2253 bus
217 2211 431 2253 infirmum
460 2226 610 2267 corpus
639 2211 775 2257 armi«,
809 2211 873 2251 vel
899 2211 1012 2256 dedi.
1045 2212 1109 2252 vel
1140 2212 1289 2253 redimi
1319 2228 1376 2261 se,
1406 2229 1509 2269 qua-

163 2375 173 2396 1
206 2366 332 2403 Unum]
372 2364 457 2395 Cum
489 2368 597 2394 nostro
627 2364 785 2393 consentit

111 2407 210 2439 Dion.
230 2407 309 2437 Exv.
330 2407 405 2438 Vnt.
424 2406 477 2436 xii.
496 2416 545 2437 22.

154 2459 171 2480 α
196 2450 407 2486 Pestilentia]
442 2449 542 2479 Hnud
571 2448 665 2478 aliter
685 2458 784 2486 quum

113 2492 164 2522 Im
191 2496 296 2522 emtor
330 2491 424 2522 Fre-d.
458 2491 652 2521 Barbarosm
684 2490 785 2521 A.1›.

116 2543 148 2564 ii
179 2542 205 2572 7.
231 2536 336 2563 castra
358 2543 415 2563 aua
441 2534 482 2563 ad
511 2532 640 2563 moenia
662 2533 787 2563 Romae

113 2574 282 2615 posuisset,
324 2574 483 2605 caloribus
527 2580 558 2605 et
591 2574 787 2614 [pestilentia

111 2616 273 2648 exercitus
304 2626 405 2656 prope
433 2618 627 2656 absumptus
655 2622 712 2647 est.
748 2617 787 2646 cs.

112 2658 275 2691 Simondi
295 2658 381 2689 Hinc.
402 2658 475 2689 Ital.

157 2710 174 2741 3
198 2703 299 2732 Arsen
320 2705 350 2731 et
373 2701 509 2739 angore]
530 2700 667 2741 Quippe
683 2706 790 2732 aestu„

112 2743 292 2775 Caniculae
308 2748 341 2773 et
359 2748 469 2782 postea
483 2742 588 2781 gravis
599 2743 791 2782 September

112 2796 168 2817 eos
184 2786 360 2825 premebat.

116 2827 542 2910 nssuf'ssffiff‘e'fssriss'fff‘
555 2828 793 2899 cismv‘fflffl

118 2912 154 2945 1..
168 2913 203 2944 L.
216 2922 245 2952 p.
260 2911 308 2944 ²6,
329 2910 444 2942 Pontus
457 2922 484 2942 v.
499 2912 644 2942 Brutum.
682 2914 703 2927 “
714 2911 791 2942 Buff

832 2369 900 2394 tum
920 2364 1047 2403 proprio
1060 2363 1178 2394 dicitur
1195 2364 1337 2399 1‹›‹·us‚in
1351 2374 1415 2403 quo
1429 2374 1509 2395 mor-

832 2412 906 2436 tuus
927 2411 973 2436 cst
997 2407 1184 2436 combustus
1205 2412 1235 2436 et
1259 2407 1417 2445 sepultus,
1433 2407 1509 2437 dici-

832 2454 948 2487 turque
964 2450 1089 2478 bustum
1112 2449 1201 2488 quasi
1222 2450 1301 2479 bene
1322 2454 1439 2484 ustum,
1456 2449 1509 2479 ubi

835 2501 908 2521 vero
922 2492 1108 2521 combustus
1120 2490 1191 2530 quis
1203 2491 1442 2528 tantummodo,
1453 2491 1509 2522 ali-

834 2533 863 2562 bi
880 2543 952 2563 vero
965 2539 1010 2563 est
1024 2534 1182 2572 sepultus,
1196 2533 1221 2563 is
1235 2534 1324 2564 locun
1334 2534 1375 2564 ab
1389 2534 1510 2566 urendo

834 2577 961 2606 ustrina
981 2578 1146 2606 vocatur-‚⁰

878 2627 894 2656 5
921 2619 1026 2648 Panis
1040 2619 1079 2648 dc
1095 2619 1252 2658 Capitolio
1274 2620 1430 2657 iactatus]
1463 2619 1509 2650 Si-

835 2659 912 2689 mile
940 2660 1094 2698 quiddnm
1128 2660 1158 2690 in
1192 2660 1340 2691 liismno
1370 2661 1512 2692 carmine

834 2702 920 2740 npud
943 2701 1078 2732 Niebhr.
1097 2702 1127 2732 ii.
1148 2713 1178 2741 p.
1199 2671 1269 2741 542).
1293 2709 1446 2735 nurmtur.
1471 2704 1511 2735 cs.

837 2743 933 2774 ovid.
953 2744 1038 2774 Fam.
1057 2744 1095 2774 vi.
1114 2753 1184 2784 349.
1213 2744 1334 2776 llerod.
1352 2745 1371 2776 i.
1390 2755 1439 2777 υ.

875 2785 895 2816 6
918 2787 1077 2817 Stationem
1090 2788 1316 2827 procederent]
1339 2788 1464 2820 Milites
1480 2789 1510 2820 in

835 2827 1018 2862 stationem.
1050 2839 1092 2860 sc.
1118 2828 1150 2859 in
1179 2829 1285 2860 locum
1316 2830 1511 2871 assignatum

839 2870 1056 2908 procederent.
1083 2871 1197 2903 Dant.

1211 2961 1280 2998 z2

1528 275 1571 307 U.
1588 275 1626 306 C.
1645 273 1717 314 365.

1525 319 1564 349 A.
1589 318 1627 349 C.
1645 318 1717 356 387.

1595 842 1663 880 48.

1526 897 1642 927 Fames
1657 902 1689 928 et

1524 939 1720 979 pestilentia.
