1934 3211
567 176 694 219 ΜΒ.
727 166 808 218 ΠΙ.
853 177 1001 218 eAP.
1035 181 1102 219 22.
1456 181 1536 221 169

106 278 128 311 6
140 283 194 311 ne
245 267 320 310 uid
339 265 539 309 cederent
559 266 685 323 plebi,
708 275 751 308 et
771 266 851 323 ipsi
872 266 923 308 L.
951 267 1203 315 Quinctium
1227 268 1443 311 consulem
1471 285 1537 311 re·
1550 279 1594 312 U.
1612 280 1650 312 C.
1669 290 1741 322 ²94·

139 326 233 368 ficie
262 333 347 366 ant.
405 323 537 366 Nulla
557 333 645 365 toto
666 339 777 365 anno
797 324 1090 366 vehementior
1109 325 1219 366 actio
1240 326 1423 366 consulis
1442 327 1533 368 fuit.
1549 324 1589 353 A.
1611 323 1651 371 ‚C-
1668 325 1742 371 458-

142 388 155 407 ‘
166 381 328 431 Mirer,’
347 381 500 438 inquit,
526 387 538 405 ‘
553 382 587 423 si
608 396 715 422 vana
734 390 882 431 vestra,
905 381 1053 424 Patres
1084 382 1323 438 conscripti,
1356 384 1537 424 auctori·
1549 370 1728 438 seffissffilus

111 457 128 490 7
143 444 155 463 ‘
166 447 229 480 tas
248 438 302 480 ad
323 438 491 495 plebem
507 439 600 480 est?
641 438 730 480 Vos
747 438 918 480 elevatis
934 454 1039 480 eam.
1097 438 1283 495 Quippe,
1299 439 1400 495 quia
1419 440 1538 496 plebs
1551 449 1695 490 castigat.

142 496 574 538 ‘senatusconsultum
595 496 638 537 in
659 496 957 538 continuandis
978 496 1287 553 magistratibus
1308 496 1443 546 solvit,
1459 497 1538 553 ipsi

142 557 336 610 ‘quoque
358 553 540 594 solutum
561 553 700 603 vultis,
722 568 776 594 ne
799 554 1024 595 temeritati
1046 553 1329 595 multitudinis
1350 553 1534 595 cedatis:

141 615 367 666 ‘tanquam
392 610 437 652 id
466 611 519 652 sit
550 610 644 667 plus
673 625 794 667 posse
825 611 870 652 in
900 611 1081 660 civitate,
1103 611 1198 667 plus
1219 611 1399 653 levitatis
1419 627 1466 652 ac
1488 611 1538 652 li-

141 672 155 692 ‘
166 668 329 710 centiae
359 667 525 710 habere.
589 668 745 709 Levius
766 668 881 709 enim
901 668 1133 724 vaniusque
1155 668 1344 725 profecto
1365 678 1440 718 est,
1464 684 1539 710 sua

141 724 336 767 ‘decreta
370 734 413 767 et
448 725 640 767 consulta
674 725 833 775 tollere,
871 741 999 782 quam
1036 726 1225 767 aliorum.
1288 725 1536 776 Imitamini,

141 781 312 824 ‘Patres
342 783 581 839 conscripti,
615 783 780 824 turbam
811 783 1114 825 inconsultam:
1149 792 1204 833 et,
1236 783 1308 839 qui
1341 783 1537 840 exemplo

141 839 256 881 ‘aliis
277 855 365 881 esse
387 839 564 890 debetis,
589 839 765 881 aliorum
795 840 990 897 exemplo
1021 841 1204 897 peccetis
1234 841 1386 897 potius,
1409 856 1537 897 quam

141 897 238 939 ‘alii
257 905 395 939 vestro
416 907 529 939 recte
550 897 727 947 faciant3
761 897 864 939 dum
886 913 965 954 ego
987 914 1040 939 ne
1062 898 1203 939 imiter
1234 898 1435 948 tribunos,
1458 913 1538 939 nec

141 959 234 996 ‘me
259 963 407 996 contra
435 954 845 996 senatusconsultum
877 955 1094 997 consulem
1125 955 1359 996 renuntiari
1389 956 1535 1012 patiar.

142 1011 231 1053 ‘Te
253 1027 365 1062 vero,
391 1011 441 1054 C.
468 1011 637 1063 Claudi,
659 1012 871 1062 adhortor,
894 1022 942 1054 ut
970 1022 1012 1054 et
1042 1013 1130 1069 ipse
1152 1012 1356 1069 populum
1380 1013 1538 1054 Roma-

141 1074 269 1110 ‘num
297 1069 375 1110 hac
405 1069 576 1111 licentia
600 1085 763 1111 arceas:
798 1080 841 1112 et
870 1070 923 1112 de
955 1085 1021 1112 me
1054 1070 1133 1111 hoc
1166 1070 1241 1111 tibi
1271 1070 1536 1126 persuadeas,

141 1132 233 1168 ‘me
255 1126 314 1167 ita
334 1136 618 1183 accepturum,
641 1136 689 1168 ut
708 1142 795 1168 non
820 1127 1025 1169 honorem
1057 1142 1197 1168 meum
1230 1143 1254 1168 a
1284 1137 1324 1169 te
1356 1127 1536 1184 impedi-

141 1189 154 1208 ‘
167 1193 270 1234 tum,
285 1183 359 1225 sed
378 1183 554 1240 gloriam
575 1184 703 1240 spreti
724 1185 895 1226 honoris
911 1193 1090 1234 auctam,
1110 1185 1410 1241 invidiamque,
1426 1200 1536 1241 quae

141 1247 154 1266 ‘
166 1256 219 1282 ex
241 1241 486 1283 continuato
517 1257 567 1283 eo
599 1241 876 1298 impenderet,
898 1241 1076 1283 levatam
1098 1243 1269 1298 putem.'
1333 1242 1537 1283 Commu-

139 1298 251 1340 niter
281 1298 380 1340 inde
412 1299 598 1348 edicunt,
633 1305 644 1322 ‘
662 1298 730 1340 Ne
754 1300 848 1356 quis
870 1299 919 1340 L.
948 1299 1198 1347 Quinctium
1230 1299 1445 1341 consulem
1476 1300 1536 1340 fa-

108 1368 128 1399 8
143 1360 153 1378 ‘
169 1364 306 1397 ceret:
341 1356 374 1397 si
397 1356 490 1412 quis
510 1356 686 1406 fecisset,
709 1372 751 1398 se
775 1356 819 1397 id
840 1356 1082 1411 suffragium
1114 1371 1199 1397 non
1221 1357 1537 1398 observaturos.'

107 1412 353 1456 9Consules
383 1414 513 1455 creati
542 1414 596 1462 Q.
629 1413 780 1455 Fabius
806 1409 1043 1454 Vibulanus
1075 1413 1246 1454 tertium
1278 1422 1320 1454 et
1352 1413 1402 1454 L.
1430 1413 1536 1455 Cor·
1619 1421 1686 1459 22.

140 1470 277 1512 nelius
313 1470 631 1527 Maluginensis.
713 1470 878 1512 Census
913 1479 1029 1511 actus
1065 1485 1115 1511 eo
1152 1485 1290 1511 anno:
1343 1470 1534 1522 lustrum,
1550 1474 1593 1506 U·
1611 1476 1649 1507 C-
1670 1485 1741 1517 ²95·

140 1537 311 1585 propter
333 1527 592 1585 Capitolium
614 1537 796 1584 captum,
819 1527 1035 1569 consulem
1061 1527 1259 1579 occisum,
1283 1528 1410 1570 condi
1440 1529 1537 1570 reli·
1550 1518 1588 1548 A.
1613 1519 1650 1549 C.
1668 1528 1740 1566 457-

139 1586 303 1642 giosum
324 1585 413 1627 fuit.
1553 1581 1755 1635 11'1.1,.00r-

201 1642 254 1691 Q.
279 1642 421 1693 Fabio,
445 1643 494 1685 L.
521 1643 723 1686 Cornelio
748 1643 1002 1694 consulibus,
1025 1644 1233 1700 principio
1264 1644 1364 1685 anni
1395 1645 1535 1686 statim
1550 1645 1636 1676 nelio
1653 1647 1744 1678 (3058-

139 1715 205 1742 res
235 1700 512 1742 turbulentae.
575 1701 840 1758 Instigabant
860 1701 1027 1758 plebem
1049 1702 1218 1743 tribuni.
1282 1701 1449 1743 Bellum
1472 1703 1537 1743 in-

138 1773 241 1823 gens
261 1773 286 1800 a
306 1757 470 1800 Volscis
490 1767 534 1800 et
556 1759 719 1815 Aequis
741 1759 885 1800 Latini
906 1768 1034 1815 atque
1058 1758 1235 1800 Hernici
1257 1759 1533 1801 nuntiabant:

138 1829 222 1857 lam
255 1815 378 1857 Antii
407 1815 657 1858 Volscorum
689 1816 876 1873 legiones
907 1832 1007 1858 esse.
1073 1816 1129 1858 Et
1160 1817 1290 1872 ipsam
1327 1816 1535 1858 coloniam

139 1872 288 1929 ingens
308 1882 445 1914 metus
466 1883 555 1915 erat
575 1873 857 1916 defecturam:
892 1889 1101 1930 aegreque
1124 1874 1396 1930 impetratum
1418 1890 1443 1915 a
1464 1875 1536 1915 tri-

111 1948 124 1970 x
139 1930 275 1980 bunis,
298 1939 346 1972 ut
367 1930 522 1972 bellum
545 1932 753 1988 praeverti
775 1932 973 1973 sinerent.
1039 1931 1246 1973 Consules
1272 1931 1371 1972 inde
1394 1932 1535 1988 partiti

140 1988 385 2044 provincias.
456 1988 597 2038 Fabio,
632 1998 679 2029 ut
711 1988 892 2029 Antium
924 1988 1111 2045 legiones
1141 1989 1327 2038 duceret,
1360 1989 1532 2030 datum:

143 2043 356 2094 Cornelio,
380 2054 427 2086 ut
449 2045 610 2086 Romae
632 2045 840 2101 praesidio
861 2055 994 2094 esset3
1031 2060 1083 2086 ne
1106 2060 1190 2100 qua
1217 2061 1311 2101 pars
1337 2046 1533 2094 hostium,

172 2102 214 2143 ui
237 2102 400 2166 Aequis
426 2117 515 2143 mos
535 2111 636 2151 erat,
659 2102 712 2143 ad
744 2102 1033 2158 populandum
1057 2102 1229 2143 veniret.
1293 2102 1471 2144 Hernici
1492 2111 1535 2143 et

140 2117 284 2200 Latini
316 2159 415 2200 mssi
447 2159 600 2200 milites
631 2159 730 2200 dare
762 2174 814 2200 ex
846 2159 1041 2200 foedere:
1076 2159 1269 2215 duaeque
1300 2169 1439 2215 partes
1469 2175 1535 2200 so-

140 2216 302 2257 ciorum
333 2217 375 2257 in
397 2217 598 2266 exercitu,
622 2217 744 2258 tertia
764 2217 918 2257 civium
940 2217 1030 2257 fuit.
1094 2216 1322 2272 Postquam
1346 2217 1399 2257 ad
1421 2217 1533 2258 diem
1550 2230 1678 2261 Bellum

140 2274 433 2330 praestitutum
455 2284 663 2315 venerunt
683 2274 797 2323 socii,
820 2273 966 2315 consul
988 2283 1107 2315 extra
1127 2284 1289 2329 portam
1314 2273 1531 2330 Capenam
1547 2283 1620 2321 ΨΜ
1641 2274 1719 2304 *⁷⁰¹-

139 2341 274 2373 castra
308 2331 427 2373 locat.
491 2331 611 2380 Inde,
648 2331 821 2372 lustrato
855 2331 1055 2380 exercitu,
1092 2332 1271 2372 Antium
1325 2331 1531 2381 )rofectus‚
1547 2326 1618 2346 ⁸⁰¹³·

140 2388 254 2430 haud
320 2388 434 2431 rocul
470 2389 627 2445 oppido
663 2389 905 2445 stativisque
944 2389 1125 2430 hostium
1163 2347 1365 2431 consedit.
1447 2389 1532 2430 Ubi

172 2461 271 2487 uum
337 2446 449 2496 olsci,
473 2447 572 2502 quia
603 2446 791 2487 nondum
824 2447 875 2487 ab
906 2446 1068 2502 Aequis
1099 2446 1278 2487 venisset
1309 2447 1531 2496 exercitus,

139 2461 337 2545 dimicare
370 2519 454 2545 non
486 2505 587 2553 ausi,
611 2503 969 2560 quemadmodum
991 2503 1124 2560 quieti
1148 2503 1253 2543 vallo
1275 2519 1317 2544 se
1347 2513 1532 2544 tutaren-

140 2569 222 2610 tur,
254 2571 474 2617 pararent3
507 2571 672 2617 postero
703 2561 771 2603 die
805 2561 970 2610 Fabius,
1001 2576 1085 2601 nou
1119 2561 1369 2616 permixtam
1406 2576 1533 2602 unam

183 2708 203 2740 6
228 2711 271 2739 Et
287 2710 349 2749 ipsi
368 2732 374 2739 .
392 2733 398 2740 .
417 2733 422 2739 .
440 2710 642 2748 reficiebant]
669 2711 698 2740 h.
711 2721 737 2741 e.
752 2710 813 2740 Re-
861 2710 1014 2740 rationem
1034 2710 1206 2739 habituros.
1235 2710 1317 2740 Rrr.

142 2752 236 2783 ficere
255 2752 412 2782 volebant.
448 2753 515 2792 Ilm*
534 2763 576 2782 sc.
595 2758 699 2791 putres
715 2753 813 2783 curin-
902 2763 922 2793 9
958 2754 1151 2790 Vibulanum}
1191 2754 1378 2789 cognomen
1418 2752 1534 2789 Quinti

141 2794 182 2824 tia
197 2793 344 2824 comitiis.
370 2795 409 2824 cf.
430 2793 562 2824 Niebhr.
582 2794 611 2824 ii.
630 2805 658 2824 n.
679 2794 747 2834 396.
865 2794 966 2829 Fabii,
995 2795 1107 2824 unit-ue
1139 2794 1256 2825 Fabiae
1284 2795 1388 2833 gentis
1417 2796 1536 2835 stirpis,

186 2845 202 2876 7
227 2837 388 2874 Ele-meis]
418 2837 484 2865 Vos
504 2846 573 2867 eum
598 2837 750 2868 minuitis.
774 2837 814 2867 cs.
861 2837 912 2866 hic
931 2836 1068 2876 primum
1088 2837 1210 2874 legitur.

140 2877 212 2911 infr.
230 2879 271 2909 ix.
290 2888 338 2918 37.
365 2880 449 2909 xxvi.
470 2888 516 2917 ²7-
908 2888 917 2909 1
947 2880 1070 2910 Bellum
1085 2882 1266 2919 praeverti]
1295 2879 1379 2911 Belli
1398 2881 1534 2921 priorem

183 2923 203 2953 8
226 2923 301 2953 Non
321 2923 558 2960 observaturos]
589 2921 724 2953 Nullam
749 2921 817 2952 eius
861 2932 968 2953 curam
985 2922 1063 2961 geri,
1078 2931 1175 2961 quam
1192 2922 1278 2963 legis.
1302 2924 1408 2955 (ἷκεν.
