<?xml version="1.0" encoding="UTF-8"?>
<!DOCTYPE html PUBLIC "-//W3C//DTD XHTML 1.0 Transitional//EN"
    "http://www.w3.org/TR/xhtml1/DTD/xhtml1-transitional.dtd">
<html xmlns="http://www.w3.org/1999/xhtml" xml:lang="en" lang="en">
 <head>
  <title>
</title>
<meta http-equiv="Content-Type" content="text/html;charset=utf-8" />
  <meta name='ocr-system' content='tesseract 3.04.00' />
  <meta name='ocr-capabilities' content='ocr_page ocr_carea ocr_par ocr_line ocrx_word'/>
</head>
<body>
  <div class='ocr_page' id='page_1' title='image "./historiarumli01livyuoft_0288.png"; bbox 0 0 1934 3211; ppageno 0'>
   <div class='ocr_carea' id='block_1_1' title="bbox 176 289 368 370">
    <p class='ocr_par' dir='ltr' id='par_1_1' title="bbox 176 289 366 370">
     <span class='ocr_line' id='line_1_1' title="bbox 179 289 366 328; baseline -0.011 -8"><span class='ocrx_word' id='word_1_1' title='bbox 179 289 222 320; x_wconf 88' lang='lat' dir='ltr'>U.</span> <span class='ocrx_word' id='word_1_2' title='bbox 239 289 276 319; x_wconf 81' lang='lat' dir='ltr'>C.</span> <span class='ocrx_word' id='word_1_3' title='bbox 296 298 366 328; x_wconf 82' lang='lat'>341.</span> 
     </span>
     <span class='ocr_line' id='line_1_2' title="bbox 176 332 368 370; baseline -0.006 -8"><span class='ocrx_word' id='word_1_4' title='bbox 176 333 215 363; x_wconf 90' lang='lat' dir='ltr'>A.</span> <span class='ocrx_word' id='word_1_5' title='bbox 241 332 278 363; x_wconf 89' lang='lat' dir='ltr'>C.</span> <span class='ocrx_word' id='word_1_6' title='bbox 296 341 368 370; x_wconf 82' lang='lat'>411.</span> 
     </span>
    </p>
   </div>
   <div class='ocr_carea' id='block_1_2' title="bbox 251 975 319 1013">
    <p class='ocr_par' dir='ltr' id='par_1_2' title="bbox 251 975 319 1013">
     <span class='ocr_line' id='line_1_3' title="bbox 251 975 319 1013; baseline 0 0"><span class='ocrx_word' id='word_1_7' title='bbox 251 975 319 1013; x_wconf 90' lang='grc'>50.</span> 
     </span>
    </p>
   </div>
   <div class='ocr_carea' id='block_1_3' title="bbox 395 185 1279 232">
    <p class='ocr_par' dir='ltr' id='par_1_3' title="bbox 395 185 1279 232">
     <span class='ocr_line' id='line_1_4' title="bbox 395 185 1279 232; baseline -0.005 -2"><span class='ocrx_word' id='word_1_8' title='bbox 395 192 477 232; x_wconf 85' lang='grc'>276</span> <span class='ocrx_word' id='word_1_9' title='bbox 905 185 1053 227; x_wconf 88' lang='grc' dir='ltr'>ΤΙΤΙ</span> <span class='ocrx_word' id='word_1_10' title='bbox 1098 185 1279 228; x_wconf 86' lang='lat' dir='ltr'>LIVII</span> 
     </span>
    </p>
   </div>
   <div class='ocr_carea' id='block_1_4' title="bbox 397 275 1835 1716">
    <p class='ocr_par' dir='ltr' id='par_1_4' title="bbox 397 275 1802 965">
     <span class='ocr_line' id='line_1_5' title="bbox 397 275 1798 327; baseline -0.003 -6"><span class='ocrx_word' id='word_1_11' title='bbox 397 285 407 304; x_wconf 76' lang='lat'><strong><em>⁶</em></strong></span> <span class='ocrx_word' id='word_1_12' title='bbox 424 281 532 322; x_wconf 91' lang='lat' dir='ltr'>sicut</span> <span class='ocrx_word' id='word_1_13' title='bbox 571 278 712 327; x_wconf 88' lang='lat' dir='ltr'>servis,</span> <span class='ocrx_word' id='word_1_14' title='bbox 750 277 909 318; x_wconf 88' lang='lat' dir='ltr'>malum</span> <span class='ocrx_word' id='word_1_15' title='bbox 950 277 1184 317; x_wconf 84' lang='lat' dir='ltr'>minantem</span> <span class='ocrx_word' id='word_1_16' title='bbox 1224 275 1452 316; x_wconf 85' lang='lat' dir='ltr'>militibus</span> <span class='ocrx_word' id='word_1_17' title='bbox 1443 276 1461 306; x_wconf 86' lang='lat'>9</span> <span class='ocrx_word' id='word_1_18' title='bbox 1512 284 1654 316; x_wconf 89' lang='lat' dir='ltr'>tamen</span> <span class='ocrx_word' id='word_1_19' title='bbox 1694 275 1798 317; x_wconf 84' lang='lat' dir='ltr'>haec</span> 
     </span>
     <span class='ocr_line' id='line_1_6' title="bbox 398 332 1797 392; baseline -0.004 -14"><span class='ocrx_word' id='word_1_20' title='bbox 398 344 409 362; x_wconf 80' lang='lat'>‘</span> <span class='ocrx_word' id='word_1_21' title='bbox 423 336 562 379; x_wconf 84' lang='lat' dir='ltr'>bellua</span> <span class='ocrx_word' id='word_1_22' title='bbox 582 336 750 392; x_wconf 83' lang='lat' dir='ltr'>dignior</span> <span class='ocrx_word' id='word_1_23' title='bbox 770 335 887 377; x_wconf 89' lang='lat' dir='ltr'>vobis</span> <span class='ocrx_word' id='word_1_24' title='bbox 909 343 1027 375; x_wconf 90' lang='lat' dir='ltr'>tanto</span> <span class='ocrx_word' id='word_1_25' title='bbox 1049 334 1208 375; x_wconf 85' lang='lat' dir='ltr'>honore</span> <span class='ocrx_word' id='word_1_26' title='bbox 1229 333 1454 382; x_wconf 85' lang='lat' dir='ltr'>videbitur,</span> <span class='ocrx_word' id='word_1_27' title='bbox 1473 348 1600 388; x_wconf 89' lang='lat' dir='ltr'>quam</span> <span class='ocrx_word' id='word_1_28' title='bbox 1616 332 1691 388; x_wconf 87' lang='lat' dir='ltr'>qui</span> <span class='ocrx_word' id='word_1_29' title='bbox 1710 347 1797 382; x_wconf 85' lang='lat' dir='ltr'>vos,</span> 
     </span>
     <span class='ocr_line' id='line_1_7' title="bbox 397 389 1798 458; baseline -0.004 -22"><span class='ocrx_word' id='word_1_30' title='bbox 397 395 528 436; x_wconf 80' lang='lat' dir='ltr'>‘urbe</span> <span class='ocrx_word' id='word_1_31' title='bbox 563 394 756 458; x_wconf 81' lang='lat' dir='ltr'>agrisque</span> <span class='ocrx_word' id='word_1_32' title='bbox 793 392 983 441; x_wconf 82' lang='lat' dir='ltr'>donatos,</span> <span class='ocrx_word' id='word_1_33' title='bbox 1018 392 1062 432; x_wconf 89' lang='lat' dir='ltr'>in</span> <span class='ocrx_word' id='word_1_34' title='bbox 1093 390 1278 432; x_wconf 89' lang='lat' dir='ltr'>colonias</span> <span class='ocrx_word' id='word_1_35' title='bbox 1308 390 1509 439; x_wconf 86' lang='lat' dir='ltr'>mittunt;</span> <span class='ocrx_word' id='word_1_36' title='bbox 1550 390 1623 446; x_wconf 91' lang='lat' dir='ltr'>qui</span> <span class='ocrx_word' id='word_1_37' title='bbox 1653 389 1798 431; x_wconf 88' lang='lat' dir='ltr'>sedem</span> 
     </span>
     <span class='ocr_line' id='line_1_8' title="bbox 398 447 1799 505; baseline -0.004 -12"><span class='ocrx_word' id='word_1_38' title='bbox 398 452 634 494; x_wconf 88' lang='lat' dir='ltr'>‘senectuti</span> <span class='ocrx_word' id='word_1_39' title='bbox 664 459 824 492; x_wconf 77' lang='lat' dir='ltr'>vestiae</span> <span class='ocrx_word' id='word_1_40' title='bbox 855 449 1145 505; x_wconf 82' lang='lat' dir='ltr'>prospiciunt3</span> <span class='ocrx_word' id='word_1_41' title='bbox 1179 448 1252 503; x_wconf 92' lang='lat' dir='ltr'>qui</span> <span class='ocrx_word' id='word_1_42' title='bbox 1282 463 1357 504; x_wconf 88' lang='lat' dir='ltr'>pro</span> <span class='ocrx_word' id='word_1_43' title='bbox 1387 448 1535 488; x_wconf 87' lang='lat' dir='ltr'>vestris</span> <span class='ocrx_word' id='word_1_44' title='bbox 1565 447 1799 488; x_wconf 90' lang='lat' dir='ltr'>commodis</span> 
     </span>
     <span class='ocr_line' id='line_1_9' title="bbox 397 504 1795 569; baseline -0.005 -18"><span class='ocrx_word' id='word_1_45' title='bbox 397 516 408 534; x_wconf 82' lang='lat'><em>‘</em></span> <span class='ocrx_word' id='word_1_46' title='bbox 424 510 623 551; x_wconf 88' lang='lat' dir='ltr'>adversus</span> <span class='ocrx_word' id='word_1_47' title='bbox 644 516 729 549; x_wconf 89' lang='lat' dir='ltr'>tam</span> <span class='ocrx_word' id='word_1_48' title='bbox 751 507 941 548; x_wconf 82' lang='lat' dir='ltr'>crudeles</span> <span class='ocrx_word' id='word_1_49' title='bbox 963 506 1247 561; x_wconf 81' lang='lat' dir='ltr'>supeibosque</span> <span class='ocrx_word' id='word_1_50' title='bbox 1265 505 1521 545; x_wconf 66' lang='lat' dir='ltr'>adversarios</span> <span class='ocrx_word' id='word_1_51' title='bbox 1537 504 1795 569; x_wconf 79' lang='lat' dir='ltr'>depugnant.</span> 
     </span>
     <span class='ocr_line' id='line_1_10' title="bbox 398 562 1799 622; baseline -0.005 -14"><span class='ocrx_word' id='word_1_52' title='bbox 398 573 410 591; x_wconf 91' lang='lat'>‘</span> <span class='ocrx_word' id='word_1_53' title='bbox 425 567 607 622; x_wconf 90' lang='lat' dir='ltr'>Incipite</span> <span class='ocrx_word' id='word_1_54' title='bbox 637 565 793 606; x_wconf 89' lang='lat' dir='ltr'>deinde</span> <span class='ocrx_word' id='word_1_55' title='bbox 825 563 979 611; x_wconf 90' lang='lat' dir='ltr'>mirari,</span> <span class='ocrx_word' id='word_1_56' title='bbox 1002 577 1078 603; x_wconf 88' lang='grc'>0111</span> <span class='ocrx_word' id='word_1_57' title='bbox 1097 577 1221 617; x_wconf 85' lang='lat' dir='ltr'>pauel</span> <span class='ocrx_word' id='word_1_58' title='bbox 1248 562 1333 602; x_wconf 89' lang='lat' dir='ltr'>iam</span> <span class='ocrx_word' id='word_1_59' title='bbox 1360 570 1542 602; x_wconf 90' lang='lat' dir='ltr'>vestram</span> <span class='ocrx_word' id='word_1_60' title='bbox 1570 562 1799 618; x_wconf 83' lang='lat' dir='ltr'>suscipiant</span> 
     </span>
     <span class='ocr_line' id='line_1_11' title="bbox 398 619 1799 674; baseline -0.004 -9"><span class='ocrx_word' id='word_1_61' title='bbox 398 630 409 648; x_wconf 76' lang='lat'><strong><em>⁶</em></strong></span> <span class='ocrx_word' id='word_1_62' title='bbox 423 638 532 665; x_wconf 90' lang='lat' dir='ltr'>caus</span> <span class='ocrx_word' id='word_1_63' title='bbox 523 639 601 663; x_wconf 83' lang='grc'>1111.</span> <span class='ocrx_word' id='word_1_64' title='bbox 667 621 786 669; x_wconf 77' lang='lat' dir='ltr'>Quid</span> <span class='ocrx_word' id='word_1_65' title='bbox 808 629 855 660; x_wconf 93' lang='lat' dir='ltr'>ut</span> <span class='ocrx_word' id='word_1_66' title='bbox 876 635 900 660; x_wconf 89' lang='lat' dir='ltr'>a</span> <span class='ocrx_word' id='word_1_67' title='bbox 919 619 1036 659; x_wconf 81' lang='lat' dir='ltr'>vobis</span> <span class='ocrx_word' id='word_1_68' title='bbox 1065 619 1264 674; x_wconf 84' lang='lat' dir='ltr'>sperent?</span> <span class='ocrx_word' id='word_1_69' title='bbox 1295 634 1347 658; x_wconf 88' lang='lat' dir='ltr'>an</span> <span class='ocrx_word' id='word_1_70' title='bbox 1375 619 1569 667; x_wconf 83' lang='grc'>110110105,</span> <span class='ocrx_word' id='word_1_71' title='bbox 1592 634 1697 674; x_wconf 90' lang='lat' dir='ltr'>quos</span> <span class='ocrx_word' id='word_1_72' title='bbox 1725 619 1799 659; x_wconf 91' lang='lat' dir='ltr'>ad-</span> 
     </span>
     <span class='ocr_line' id='line_1_12' title="bbox 399 675 1800 740; baseline -0.004 -18"><span class='ocrx_word' id='word_1_73' title='bbox 399 680 614 722; x_wconf 81' lang='lat' dir='ltr'>‘versaliis</span> <span class='ocrx_word' id='word_1_74' title='bbox 634 678 781 719; x_wconf 79' lang='lat' dir='ltr'>vestris</span> <span class='ocrx_word' id='word_1_75' title='bbox 802 677 955 740; x_wconf 86' lang='lat' dir='ltr'>potius,</span> <span class='ocrx_word' id='word_1_76' title='bbox 980 690 1106 730; x_wconf 86' lang='lat' dir='ltr'>quam</span> <span class='ocrx_word' id='word_1_77' title='bbox 1134 675 1280 730; x_wconf 89' lang='lat' dir='ltr'>populi</span> <span class='ocrx_word' id='word_1_78' title='bbox 1304 675 1488 716; x_wconf 85' lang='lat' dir='ltr'>Romani</span> <span class='ocrx_word' id='word_1_79' title='bbox 1515 684 1800 731; x_wconf 84' lang='lat' dir='ltr'>propugnato-</span> 
     </span>
     <span class='ocr_line' id='line_1_13' title="bbox 399 732 1802 790; baseline -0.004 -12"><span class='ocrx_word' id='word_1_80' title='bbox 399 744 411 762; x_wconf 90' lang='lat'>‘</span> <span class='ocrx_word' id='word_1_81' title='bbox 425 739 552 786; x_wconf 80' lang='lat' dir='ltr'>ribus,</span> <span class='ocrx_word' id='word_1_82' title='bbox 570 736 699 776; x_wconf 85' lang='lat' dir='ltr'>datis.</span> <span class='ocrx_word' id='word_1_83' title='bbox 690 736 708 765; x_wconf 90' lang='lat'>9</span> <span class='ocrx_word' id='word_1_84' title='bbox 739 733 1009 790; x_wconf 83' lang='lat' dir='ltr'>Ingemuistis</span> <span class='ocrx_word' id='word_1_85' title='bbox 1030 732 1169 781; x_wconf 89' lang='lat' dir='ltr'>modo,</span> <span class='ocrx_word' id='word_1_86' title='bbox 1192 747 1293 772; x_wconf 85' lang='lat' dir='ltr'>voce</span> <span class='ocrx_word' id='word_1_87' title='bbox 1315 732 1440 773; x_wconf 89' lang='lat' dir='ltr'>huius</span> <span class='ocrx_word' id='word_1_88' title='bbox 1462 732 1616 773; x_wconf 88' lang='lat' dir='ltr'>audita.</span> <span class='ocrx_word' id='word_1_89' title='bbox 1682 732 1802 780; x_wconf 82' lang='lat' dir='ltr'>Quid</span> 
     </span>
     <span class='ocr_line' id='line_1_14' title="bbox 399 770 1802 845; baseline -0.004 -9.902"><span class='ocrx_word' id='word_1_90' title='bbox 399 795 470 835; x_wconf 89' lang='lat' dir='ltr'>‘id</span> <span class='ocrx_word' id='word_1_91' title='bbox 492 794 639 834; x_wconf 87' lang='lat' dir='ltr'>refert.</span> <span class='ocrx_word' id='word_1_92' title='bbox 630 794 647 823; x_wconf 90' lang='lat'>9</span> <span class='ocrx_word' id='word_1_93' title='bbox 679 770 818 841; x_wconf 63' lang='lat' dir='ltr'>Iam,c&gt;</span> <span class='ocrx_word' id='word_1_94' title='bbox 805 791 839 831; x_wconf 89' lang='lat' dir='ltr'>si</span> <span class='ocrx_word' id='word_1_95' title='bbox 861 790 1104 845; x_wconf 84' lang='lat' dir='ltr'>suffragium</span> <span class='ocrx_word' id='word_1_96' title='bbox 1122 789 1257 838; x_wconf 88' lang='lat' dir='ltr'>detur,</span> <span class='ocrx_word' id='word_1_97' title='bbox 1275 789 1402 838; x_wconf 84' lang='lat' dir='ltr'>hune,</span> <span class='ocrx_word' id='word_1_98' title='bbox 1422 790 1495 845; x_wconf 90' lang='lat' dir='ltr'>qui</span> <span class='ocrx_word' id='word_1_99' title='bbox 1510 790 1666 830; x_wconf 89' lang='lat' dir='ltr'>malum</span> <span class='ocrx_word' id='word_1_100' title='bbox 1681 790 1802 831; x_wconf 87' lang='lat' dir='ltr'>vobis</span> 
     </span>
     <span class='ocr_line' id='line_1_15' title="bbox 400 846 1799 905; baseline -0.004 -13"><span class='ocrx_word' id='word_1_101' title='bbox 400 858 412 876; x_wconf 74' lang='lat'><strong><em>⁶</em></strong></span> <span class='ocrx_word' id='word_1_102' title='bbox 424 852 620 899; x_wconf 86' lang='lat' dir='ltr'>minatur,</span> <span class='ocrx_word' id='word_1_103' title='bbox 639 850 702 899; x_wconf 86' lang='lat' dir='ltr'>iis,</span> <span class='ocrx_word' id='word_1_104' title='bbox 721 849 795 905; x_wconf 87' lang='lat' dir='ltr'>qui</span> <span class='ocrx_word' id='word_1_105' title='bbox 811 863 931 904; x_wconf 82' lang='lat' dir='ltr'>agios</span> <span class='ocrx_word' id='word_1_106' title='bbox 947 847 1153 903; x_wconf 86' lang='lat' dir='ltr'>sedesque</span> <span class='ocrx_word' id='word_1_107' title='bbox 1171 862 1218 888; x_wconf 91' lang='lat' dir='ltr'>ac</span> <span class='ocrx_word' id='word_1_108' title='bbox 1236 847 1422 888; x_wconf 84' lang='lat' dir='ltr'>fortunas</span> <span class='ocrx_word' id='word_1_109' title='bbox 1438 846 1620 888; x_wconf 89' lang='lat' dir='ltr'>stabilire</span> <span class='ocrx_word' id='word_1_110' title='bbox 1637 847 1799 897; x_wconf 90' lang='lat' dir='ltr'>volunt,</span> 
     </span>
     <span class='ocr_line' id='line_1_16' title="bbox 401 907 694 965; baseline -0.008 -15.802"><span class='ocrx_word' id='word_1_111' title='bbox 401 907 694 965; x_wconf 71' lang='lat' dir='ltr'>‘praeferetis’</span> 
     </span>
    </p>

    <p class='ocr_par' dir='ltr' id='par_1_5' title="bbox 398 961 1835 1708">
     <span class='ocr_line' id='line_1_17' title="bbox 456 961 1802 1007; baseline -0.003 -1"><span class='ocrx_word' id='word_1_112' title='bbox 456 964 625 1007; x_wconf 89' lang='lat' dir='ltr'>Perlata</span> <span class='ocrx_word' id='word_1_113' title='bbox 654 964 758 1005; x_wconf 88' lang='lat' dir='ltr'>haec</span> <span class='ocrx_word' id='word_1_114' title='bbox 788 979 872 1004; x_wconf 79' lang='lat' dir='ltr'>vox</span> <span class='ocrx_word' id='word_1_115' title='bbox 902 962 1111 1004; x_wconf 90' lang='lat' dir='ltr'>Postumii</span> <span class='ocrx_word' id='word_1_116' title='bbox 1141 961 1195 1003; x_wconf 89' lang='lat' dir='ltr'>ad</span> <span class='ocrx_word' id='word_1_117' title='bbox 1226 961 1380 1003; x_wconf 85' lang='lat' dir='ltr'>milites</span> <span class='ocrx_word' id='word_1_118' title='bbox 1411 961 1544 1003; x_wconf 88' lang='lat' dir='ltr'>multo</span> <span class='ocrx_word' id='word_1_119' title='bbox 1577 962 1622 1003; x_wconf 90' lang='lat' dir='ltr'>in</span> <span class='ocrx_word' id='word_1_120' title='bbox 1659 962 1802 1003; x_wconf 83' lang='lat' dir='ltr'>castris</span> 
     </span>
     <span class='ocr_line' id='line_1_18' title="bbox 399 1019 1801 1078; baseline -0.002 -14"><span class='ocrx_word' id='word_1_121' title='bbox 399 1023 599 1064; x_wconf 89' lang='lat' dir='ltr'>maiorem</span> <span class='ocrx_word' id='word_1_122' title='bbox 616 1022 951 1078; x_wconf 79' lang='lat' dir='ltr'>indignationem</span> <span class='ocrx_word' id='word_1_123' title='bbox 974 1020 1115 1061; x_wconf 86' lang='lat' dir='ltr'>movit.</span> <span class='ocrx_word' id='word_1_124' title='bbox 1180 1025 1192 1043; x_wconf 80' lang='lat'>‘</span> <span class='ocrx_word' id='word_1_125' title='bbox 1207 1019 1452 1062; x_wconf 90' lang='lat' dir='ltr'>Praedaene</span> <span class='ocrx_word' id='word_1_126' title='bbox 1474 1020 1801 1076; x_wconf 88' lang='lat' dir='ltr'>interceptorem</span> 
     </span>
     <span class='ocr_line' id='line_1_19' title="bbox 401 1077 1800 1135; baseline -0.004 -13"><span class='ocrx_word' id='word_1_127' title='bbox 401 1080 794 1135; x_wconf 85' lang='lat' dir='ltr'>‘fraudatoremque</span> <span class='ocrx_word' id='word_1_128' title='bbox 827 1079 954 1120; x_wconf 89' lang='lat' dir='ltr'>etiam</span> <span class='ocrx_word' id='word_1_129' title='bbox 985 1077 1142 1118; x_wconf 89' lang='lat' dir='ltr'>malum</span> <span class='ocrx_word' id='word_1_130' title='bbox 1174 1077 1325 1118; x_wconf 90' lang='lat' dir='ltr'>minari</span> <span class='ocrx_word' id='word_1_131' title='bbox 1355 1077 1609 1118; x_wconf 57' lang='lat' dir='ltr'>militibus?</span> <span class='ocrx_word' id='word_1_132' title='bbox 1650 1077 1800 1133; x_wconf 89' lang='lat' dir='ltr'>Itaque</span> 
     </span>
     <span class='ocr_line' id='line_1_20' title="bbox 399 1134 1801 1195; baseline -0.003 -16"><span class='ocrx_word' id='word_1_133' title='bbox 399 1153 533 1195; x_wconf 92' lang='lat' dir='ltr'>quum</span> <span class='ocrx_word' id='word_1_134' title='bbox 552 1137 744 1179; x_wconf 89' lang='lat' dir='ltr'>fremitus</span> <span class='ocrx_word' id='word_1_135' title='bbox 775 1144 917 1192; x_wconf 88' lang='lat' dir='ltr'>aperte</span> <span class='ocrx_word' id='word_1_136' title='bbox 947 1144 1068 1184; x_wconf 89' lang='lat' dir='ltr'>esset,</span> <span class='ocrx_word' id='word_1_137' title='bbox 1092 1144 1134 1176; x_wconf 93' lang='lat' dir='ltr'>et</span> <span class='ocrx_word' id='word_1_138' title='bbox 1163 1143 1360 1191; x_wconf 83' lang='lat' dir='ltr'>quaestor</span> <span class='ocrx_word' id='word_1_139' title='bbox 1391 1135 1438 1176; x_wconf 89' lang='lat' dir='ltr'>P.</span> <span class='ocrx_word' id='word_1_140' title='bbox 1466 1134 1624 1176; x_wconf 86' lang='lat' dir='ltr'>Sestius</span> <span class='ocrx_word' id='word_1_141' title='bbox 1652 1135 1801 1176; x_wconf 88' lang='lat' dir='ltr'>eadem</span> 
     </span>
     <span class='ocr_line' id='line_1_21' title="bbox 398 1192 1799 1249; baseline -0.003 -12"><span class='ocrx_word' id='word_1_142' title='bbox 398 1195 600 1237; x_wconf 89' lang='lat' dir='ltr'>violentia</span> <span class='ocrx_word' id='word_1_143' title='bbox 620 1194 803 1236; x_wconf 89' lang='lat' dir='ltr'>coerceri</span> <span class='ocrx_word' id='word_1_144' title='bbox 823 1201 990 1249; x_wconf 89' lang='lat' dir='ltr'>putaret</span> <span class='ocrx_word' id='word_1_145' title='bbox 1018 1192 1269 1233; x_wconf 88' lang='lat' dir='ltr'>seditionem</span> <span class='ocrx_word' id='word_1_146' title='bbox 1290 1207 1423 1248; x_wconf 87' lang='lat' dir='ltr'>posse,</span> <span class='ocrx_word' id='word_1_147' title='bbox 1447 1208 1531 1248; x_wconf 88' lang='lat' dir='ltr'>qua</span> <span class='ocrx_word' id='word_1_148' title='bbox 1550 1200 1665 1234; x_wconf 84' lang='lat' dir='ltr'>mota</span> <span class='ocrx_word' id='word_1_149' title='bbox 1685 1200 1799 1241; x_wconf 83' lang='lat' dir='ltr'>erat3</span> 
     </span>
     <span class='ocr_line' id='line_1_22' title="bbox 400 1249 1801 1306; baseline -0.004 -11"><span class='ocrx_word' id='word_1_150' title='bbox 400 1254 526 1294; x_wconf 85' lang='lat' dir='ltr'>misso</span> <span class='ocrx_word' id='word_1_151' title='bbox 548 1252 602 1294; x_wconf 92' lang='lat' dir='ltr'>ad</span> <span class='ocrx_word' id='word_1_152' title='bbox 621 1252 778 1293; x_wconf 77' lang='lat' dir='ltr'>vocifei</span> <span class='ocrx_word' id='word_1_153' title='bbox 780 1260 920 1292; x_wconf 82' lang='lat' dir='ltr'>antem</span> <span class='ocrx_word' id='word_1_154' title='bbox 938 1250 1152 1306; x_wconf 85' lang='lat' dir='ltr'>quendam</span> <span class='ocrx_word' id='word_1_155' title='bbox 1173 1249 1350 1290; x_wconf 87' lang='lat' dir='ltr'>militem</span> <span class='ocrx_word' id='word_1_156' title='bbox 1371 1250 1529 1299; x_wconf 81' lang='lat' dir='ltr'>lictore,</span> <span class='ocrx_word' id='word_1_157' title='bbox 1548 1265 1680 1305; x_wconf 91' lang='lat' dir='ltr'>quum</span> <span class='ocrx_word' id='word_1_158' title='bbox 1700 1249 1801 1290; x_wconf 88' lang='lat' dir='ltr'>inde</span> 
     </span>
     <span class='ocr_line' id='line_1_23' title="bbox 400 1307 1803 1365; baseline -0.004 -13"><span class='ocrx_word' id='word_1_159' title='bbox 400 1311 557 1352; x_wconf 89' lang='lat' dir='ltr'>clamor</span> <span class='ocrx_word' id='word_1_160' title='bbox 578 1318 621 1351; x_wconf 90' lang='lat' dir='ltr'>et</span> <span class='ocrx_word' id='word_1_161' title='bbox 648 1309 832 1365; x_wconf 89' lang='lat' dir='ltr'>iurgium</span> <span class='ocrx_word' id='word_1_162' title='bbox 853 1309 1044 1357; x_wconf 83' lang='lat' dir='ltr'>oriretm,</span> <span class='ocrx_word' id='word_1_163' title='bbox 1068 1323 1167 1348; x_wconf 83' lang='lat' dir='ltr'>saxo</span> <span class='ocrx_word' id='word_1_164' title='bbox 1189 1307 1296 1349; x_wconf 83' lang='lat' dir='ltr'>ictus</span> <span class='ocrx_word' id='word_1_165' title='bbox 1317 1308 1440 1349; x_wconf 87' lang='lat' dir='ltr'>turba</span> <span class='ocrx_word' id='word_1_166' title='bbox 1460 1307 1655 1356; x_wconf 82' lang='lat' dir='ltr'>excedit3</span> <span class='ocrx_word' id='word_1_167' title='bbox 1687 1307 1803 1348; x_wconf 89' lang='lat' dir='ltr'>insu-</span> 
     </span>
     <span class='ocr_line' id='line_1_24' title="bbox 400 1364 1804 1423; baseline -0.002 -14"><span class='ocrx_word' id='word_1_168' title='bbox 400 1383 476 1423; x_wconf 89' lang='lat' dir='ltr'>per</span> <span class='ocrx_word' id='word_1_169' title='bbox 496 1368 754 1423; x_wconf 81' lang='lat' dir='ltr'>increpante,</span> <span class='ocrx_word' id='word_1_170' title='bbox 778 1367 851 1422; x_wconf 90' lang='lat' dir='ltr'>qui</span> <span class='ocrx_word' id='word_1_171' title='bbox 872 1366 1175 1415; x_wconf 22' lang='lat' dir='ltr'>vulneraveimat</span> <span class='ocrx_word' id='word_1_172' title='bbox 1200 1365 1372 1406; x_wconf 81' lang='lat' dir='ltr'>‘habere</span> <span class='ocrx_word' id='word_1_173' title='bbox 1391 1374 1668 1421; x_wconf 85' lang='lat' dir='ltr'>quaestorem,</span> <span class='ocrx_word' id='word_1_174' title='bbox 1687 1364 1804 1420; x_wconf 89' lang='lat' dir='ltr'>quod</span> 
     </span>
     <span class='ocr_line' id='line_1_25' title="bbox 403 1422 1803 1489; baseline -0.001 -24"><span class='ocrx_word' id='word_1_175' title='bbox 403 1425 658 1489; x_wconf 83' lang='lat' dir='ltr'>‘imperator</span> <span class='ocrx_word' id='word_1_176' title='bbox 688 1433 795 1465; x_wconf 90' lang='lat' dir='ltr'>esset</span> <span class='ocrx_word' id='word_1_177' title='bbox 826 1424 1028 1464; x_wconf 85' lang='lat' dir='ltr'>militibus</span> <span class='ocrx_word' id='word_1_178' title='bbox 1058 1423 1266 1464; x_wconf 54' lang='lat' dir='ltr'>minatus?</span> <span class='ocrx_word' id='word_1_179' title='bbox 1327 1422 1400 1463; x_wconf 92' lang='lat' dir='ltr'>Ad</span> <span class='ocrx_word' id='word_1_180' title='bbox 1429 1423 1543 1464; x_wconf 90' lang='lat' dir='ltr'>hunc</span> <span class='ocrx_word' id='word_1_181' title='bbox 1574 1422 1803 1464; x_wconf 91' lang='lat' dir='ltr'>tumultum</span> 
     </span>
     <span class='ocr_line' id='line_1_26' title="bbox 401 1479 1804 1537; baseline -0.001 -15"><span class='ocrx_word' id='word_1_182' title='bbox 401 1482 558 1523; x_wconf 89' lang='lat' dir='ltr'>accitus</span> <span class='ocrx_word' id='word_1_183' title='bbox 580 1482 821 1522; x_wconf 85' lang='lat' dir='ltr'>Postumius</span> <span class='ocrx_word' id='word_1_184' title='bbox 849 1481 1057 1537; x_wconf 82' lang='lat' dir='ltr'>asperiora</span> <span class='ocrx_word' id='word_1_185' title='bbox 1077 1480 1219 1522; x_wconf 88' lang='lat' dir='ltr'>omnia</span> <span class='ocrx_word' id='word_1_186' title='bbox 1239 1481 1339 1522; x_wconf 88' lang='lat' dir='ltr'>fecit</span> <span class='ocrx_word' id='word_1_187' title='bbox 1366 1480 1524 1522; x_wconf 86' lang='lat' dir='ltr'>acerbis</span> <span class='ocrx_word' id='word_1_188' title='bbox 1545 1479 1804 1536; x_wconf 91' lang='lat' dir='ltr'>quaestioni-</span> 
     </span>
     <span class='ocr_line' id='line_1_27' title="bbox 401 1537 1802 1594; baseline -0.001 -15"><span class='ocrx_word' id='word_1_189' title='bbox 401 1539 492 1588; x_wconf 84' lang='lat' dir='ltr'>bus,</span> <span class='ocrx_word' id='word_1_190' title='bbox 531 1539 770 1579; x_wconf 88' lang='lat' dir='ltr'>crudelibus</span> <span class='ocrx_word' id='word_1_191' title='bbox 801 1539 1027 1594; x_wconf 79' lang='lat' dir='ltr'>suppliciis,</span> <span class='ocrx_word' id='word_1_192' title='bbox 1090 1538 1309 1579; x_wconf 89' lang='lat' dir='ltr'>Postremo</span> <span class='ocrx_word' id='word_1_193' title='bbox 1346 1553 1478 1594; x_wconf 90' lang='lat' dir='ltr'>quum</span> <span class='ocrx_word' id='word_1_194' title='bbox 1511 1538 1684 1579; x_wconf 90' lang='lat' dir='ltr'>modum</span> <span class='ocrx_word' id='word_1_195' title='bbox 1716 1537 1802 1578; x_wconf 89' lang='lat' dir='ltr'>irae</span> 
     </span>
     <span class='ocr_line' id='line_1_28' title="bbox 402 1595 1835 1651; baseline -0.001 -15"><span class='ocrx_word' id='word_1_196' title='bbox 402 1595 568 1636; x_wconf 90' lang='lat' dir='ltr'>nullum</span> <span class='ocrx_word' id='word_1_197' title='bbox 596 1595 762 1644; x_wconf 87' lang='lat' dir='ltr'>faceret,</span> <span class='ocrx_word' id='word_1_198' title='bbox 787 1596 840 1636; x_wconf 89' lang='lat' dir='ltr'>ad</span> <span class='ocrx_word' id='word_1_199' title='bbox 867 1596 1212 1636; x_wconf 79' lang='lat' dir='ltr'>vociferationem</span> <span class='ocrx_word' id='word_1_200' title='bbox 1242 1611 1401 1645; x_wconf 84' lang='lat' dir='ltr'>eorum,</span> <span class='ocrx_word' id='word_1_201' title='bbox 1425 1611 1531 1651; x_wconf 90' lang='lat' dir='ltr'>quos</span> <span class='ocrx_word' id='word_1_202' title='bbox 1557 1595 1698 1636; x_wconf 86' lang='lat' dir='ltr'>necari</span> <span class='ocrx_word' id='word_1_203' title='bbox 1725 1595 1835 1636; x_wconf 88' lang='lat' dir='ltr'>sub8</span> 
     </span>
     <span class='ocr_line' id='line_1_29' title="bbox 403 1652 1804 1716; baseline 0 -23"><span class='ocrx_word' id='word_1_204' title='bbox 403 1661 516 1693; x_wconf 89' lang='lat' dir='ltr'>erate</span> <span class='ocrx_word' id='word_1_205' title='bbox 537 1653 724 1701; x_wconf 86' lang='lat' dir='ltr'>iusserat,</span> <span class='ocrx_word' id='word_1_206' title='bbox 747 1668 953 1693; x_wconf 86' lang='lat' dir='ltr'>concursu</span> <span class='ocrx_word' id='word_1_207' title='bbox 973 1652 1094 1701; x_wconf 89' lang='lat' dir='ltr'>facto,</span> <span class='ocrx_word' id='word_1_208' title='bbox 1113 1653 1199 1708; x_wconf 89' lang='lat' dir='ltr'>ipse</span> <span class='ocrx_word' id='word_1_209' title='bbox 1217 1653 1270 1693; x_wconf 88' lang='lat' dir='ltr'>ad</span> <span class='ocrx_word' id='word_1_210' title='bbox 1291 1653 1607 1708; x_wconf 86' lang='lat' dir='ltr'>interpellantes</span> <span class='ocrx_word' id='word_1_211' title='bbox 1622 1667 1804 1716; x_wconf 78' lang='lat' dir='ltr'>poenam</span> 
     </span>
    </p>
   </div>
   <div class='ocr_carea' id='block_1_5' title="bbox 185 1709 1803 1765">
    <p class='ocr_par' dir='ltr' id='par_1_6' title="bbox 185 1709 1803 1765">
     <span class='ocr_line' id='line_1_30' title="bbox 185 1709 1803 1765; baseline -0.002 -11.985"><span class='ocrx_word' id='word_1_212' title='bbox 185 1723 237 1753; x_wconf 83' lang='lat' dir='ltr'>Ab</span> <span class='ocrx_word' id='word_1_213' title='bbox 248 1720 391 1752; x_wconf 82' lang='lat' dir='ltr'>exercitu</span> <span class='ocrx_word' id='word_1_214' title='bbox 404 1725 547 1750; x_wconf 83' lang='lat' dir='ltr'>vecors</span> <span class='ocrx_word' id='word_1_215' title='bbox 563 1709 615 1749; x_wconf 90' lang='lat' dir='ltr'>de</span> <span class='ocrx_word' id='word_1_216' title='bbox 630 1709 830 1749; x_wconf 91' lang='lat' dir='ltr'>tribunali</span> <span class='ocrx_word' id='word_1_217' title='bbox 845 1709 1040 1750; x_wconf 83' lang='lat' dir='ltr'>decmrit.</span> <span class='ocrx_word' id='word_1_218' title='bbox 1094 1709 1159 1749; x_wconf 92' lang='lat' dir='ltr'>Ibi</span> <span class='ocrx_word' id='word_1_219' title='bbox 1177 1725 1307 1765; x_wconf 89' lang='lat' dir='ltr'>quum</span> <span class='ocrx_word' id='word_1_220' title='bbox 1325 1718 1637 1750; x_wconf 89' lang='lat' dir='ltr'>summoventes</span> <span class='ocrx_word' id='word_1_221' title='bbox 1649 1724 1803 1764; x_wconf 84' lang='lat' dir='ltr'>paSS1m</span> 
     </span>
    </p>
   </div>
   <div class='ocr_carea' id='block_1_6' title="bbox 185 1765 382 1880">
    <p class='ocr_par' dir='ltr' id='par_1_7' title="bbox 185 1765 373 1880">
     <span class='ocr_line' id='line_1_31' title="bbox 185 1765 349 1804; baseline 0 -10"><span class='ocrx_word' id='word_1_222' title='bbox 185 1765 349 1804; x_wconf 82' lang='lat' dir='ltr'>lapidibus</span> 
     </span>
     <span class='ocr_line' id='line_1_32' title="bbox 185 1807 330 1837; baseline 0 -1"><span class='ocrx_word' id='word_1_223' title='bbox 185 1807 330 1837; x_wconf 83' lang='lat' dir='ltr'>obruitur</span> 
     </span>
     <span class='ocr_line' id='line_1_33' title="bbox 189 1848 382 1880; baseline 0.011 -2"><span class='ocrx_word' id='word_1_224' title='bbox 189 1848 382 1880; x_wconf 85' lang='lat' dir='ltr'>Postumius.</span> 
     </span>
    </p>
   </div>
   <div class='ocr_carea' id='block_1_7' title="bbox 260 2396 326 2434">
    <p class='ocr_par' dir='ltr' id='par_1_8' title="bbox 260 2396 326 2434">
     <span class='ocr_line' id='line_1_34' title="bbox 260 2396 326 2434; baseline 0.015 -1"><span class='ocrx_word' id='word_1_225' title='bbox 260 2396 326 2434; x_wconf 87' lang='lat'>51.</span> 
     </span>
    </p>
   </div>
   <div class='ocr_carea' id='block_1_8' title="bbox 190 2450 381 2531">
    <p class='ocr_par' dir='ltr' id='par_1_9' title="bbox 190 2450 381 2531">
     <span class='ocr_line' id='line_1_35' title="bbox 190 2450 381 2489; baseline 0.005 -8"><span class='ocrx_word' id='word_1_226' title='bbox 190 2450 236 2481; x_wconf 88' lang='lat' dir='ltr'>U.</span> <span class='ocrx_word' id='word_1_227' title='bbox 254 2450 291 2481; x_wconf 90' lang='lat' dir='ltr'>C.</span> <span class='ocrx_word' id='word_1_228' title='bbox 310 2460 381 2489; x_wconf 82' lang='lat'>34²-</span> 
     </span>
     <span class='ocr_line' id='line_1_36' title="bbox 190 2492 381 2531; baseline 0.01 -9"><span class='ocrx_word' id='word_1_229' title='bbox 190 2493 230 2523; x_wconf 90' lang='lat' dir='ltr'>A.</span> <span class='ocrx_word' id='word_1_230' title='bbox 255 2492 293 2523; x_wconf 90' lang='lat' dir='ltr'>C.</span> <span class='ocrx_word' id='word_1_231' title='bbox 310 2503 381 2531; x_wconf 86' lang='lat'>410.</span> 
     </span>
    </p>
   </div>
   <div class='ocr_carea' id='block_1_9' title="bbox 190 2535 373 2565">
    <p class='ocr_par' dir='ltr' id='par_1_10' title="bbox 190 2535 373 2565">
     <span class='ocr_line' id='line_1_37' title="bbox 190 2535 373 2565; baseline 0.005 -1"><span class='ocrx_word' id='word_1_232' title='bbox 190 2535 240 2565; x_wconf 89' lang='lat' dir='ltr'>M.</span> <span class='ocrx_word' id='word_1_233' title='bbox 254 2535 373 2565; x_wconf 88' lang='lat' dir='ltr'>Corne-</span> 
     </span>
    </p>
   </div>
   <div class='ocr_carea' id='block_1_10' title="bbox 139 2576 378 2613">
    <p class='ocr_par' dir='ltr' id='par_1_11' title="bbox 139 2576 378 2613">
     <span class='ocr_line' id='line_1_38' title="bbox 139 2576 378 2613; baseline 0.013 -8"><span class='ocrx_word' id='word_1_234' title='bbox 139 2595 141 2597; x_wconf 86' lang='lat'>·</span> <span class='ocrx_word' id='word_1_235' title='bbox 190 2576 247 2613; x_wconf 81' lang='lat' dir='ltr'>lio,</span> <span class='ocrx_word' id='word_1_236' title='bbox 264 2576 301 2607; x_wconf 92' lang='lat' dir='ltr'>L.</span> <span class='ocrx_word' id='word_1_237' title='bbox 316 2578 378 2608; x_wconf 85' lang='lat' dir='ltr'>Fu-</span> 
     </span>
    </p>
   </div>
   <div class='ocr_carea' id='block_1_11' title="bbox 191 2618 343 2650">
    <p class='ocr_par' dir='ltr' id='par_1_12' title="bbox 191 2618 343 2650">
     <span class='ocr_line' id='line_1_39' title="bbox 191 2618 343 2650; baseline 0.02 -3"><span class='ocrx_word' id='word_1_238' title='bbox 191 2618 238 2648; x_wconf 83' lang='lat' dir='ltr'>rio</span> <span class='ocrx_word' id='word_1_239' title='bbox 254 2619 343 2650; x_wconf 80' lang='lat' dir='ltr'>Coss.</span> 
     </span>
    </p>
   </div>
   <div class='ocr_carea' id='block_1_12' title="bbox 402 1766 1808 2676">
    <p class='ocr_par' dir='ltr' id='par_1_13' title="bbox 402 1766 1808 2676">
     <span class='ocr_line' id='line_1_40' title="bbox 403 1766 1804 1822; baseline -0.001 -15"><span class='ocrx_word' id='word_1_240' title='bbox 403 1767 570 1808; x_wconf 88' lang='lat' dir='ltr'>lictores</span> <span class='ocrx_word' id='word_1_241' title='bbox 591 1767 943 1822; x_wconf 88' lang='lat' dir='ltr'>centurionesque</span> <span class='ocrx_word' id='word_1_242' title='bbox 972 1775 1177 1807; x_wconf 70' lang='lat' dir='ltr'>vexarent</span> <span class='ocrx_word' id='word_1_243' title='bbox 1197 1767 1374 1815; x_wconf 89' lang='lat' dir='ltr'>turbam,</span> <span class='ocrx_word' id='word_1_244' title='bbox 1390 1782 1441 1807; x_wconf 92' lang='lat' dir='ltr'>eo</span> <span class='ocrx_word' id='word_1_245' title='bbox 1456 1766 1692 1821; x_wconf 84' lang='lat' dir='ltr'>indignatio</span> <span class='ocrx_word' id='word_1_246' title='bbox 1708 1781 1804 1806; x_wconf 92' lang='lat' dir='ltr'>eru-</span> 
     </span>
     <span class='ocr_line' id='line_1_41' title="bbox 403 1823 1805 1880; baseline -0.001 -15"><span class='ocrx_word' id='word_1_247' title='bbox 403 1824 478 1880; x_wconf 91' lang='lat' dir='ltr'>pit,</span> <span class='ocrx_word' id='word_1_248' title='bbox 500 1832 548 1864; x_wconf 92' lang='lat' dir='ltr'>ut</span> <span class='ocrx_word' id='word_1_249' title='bbox 569 1824 761 1864; x_wconf 89' lang='lat' dir='ltr'>tribunus</span> <span class='ocrx_word' id='word_1_250' title='bbox 782 1823 965 1863; x_wconf 89' lang='lat' dir='ltr'>militum</span> <span class='ocrx_word' id='word_1_251' title='bbox 993 1824 1044 1863; x_wconf 85' lang='lat' dir='ltr'>ab</span> <span class='ocrx_word' id='word_1_252' title='bbox 1066 1823 1256 1863; x_wconf 82' lang='lat' dir='ltr'>exercitu</span> <span class='ocrx_word' id='word_1_253' title='bbox 1276 1838 1351 1863; x_wconf 92' lang='lat' dir='ltr'>suo</span> <span class='ocrx_word' id='word_1_254' title='bbox 1379 1823 1588 1879; x_wconf 90' lang='lat' dir='ltr'>lapidibus</span> <span class='ocrx_word' id='word_1_255' title='bbox 1616 1823 1805 1879; x_wconf 89' lang='lat' dir='ltr'>cooperi-</span> 
     </span>
     <span class='ocr_line' id='line_1_42' title="bbox 402 1880 1805 1935; baseline -0.001 -13"><span class='ocrx_word' id='word_1_256' title='bbox 402 1890 528 1922; x_wconf 91' lang='lat' dir='ltr'>retur.</span> <span class='ocrx_word' id='word_1_257' title='bbox 595 1880 725 1928; x_wconf 80' lang='lat' dir='ltr'>Quod</span> <span class='ocrx_word' id='word_1_258' title='bbox 745 1889 831 1921; x_wconf 89' lang='lat' dir='ltr'>tam</span> <span class='ocrx_word' id='word_1_259' title='bbox 853 1890 972 1920; x_wconf 82' lang='lat' dir='ltr'>atrox</span> <span class='ocrx_word' id='word_1_260' title='bbox 992 1880 1152 1920; x_wconf 90' lang='lat' dir='ltr'>facinus</span> <span class='ocrx_word' id='word_1_261' title='bbox 1168 1888 1390 1935; x_wconf 88' lang='lat' dir='ltr'>postquam</span> <span class='ocrx_word' id='word_1_262' title='bbox 1407 1888 1469 1920; x_wconf 90' lang='lat' dir='ltr'>est</span> <span class='ocrx_word' id='word_1_263' title='bbox 1491 1880 1674 1921; x_wconf 85' lang='lat' dir='ltr'>Romam</span> <span class='ocrx_word' id='word_1_264' title='bbox 1694 1895 1805 1921; x_wconf 83' lang='lat' dir='ltr'>nun-</span> 
     </span>
     <span class='ocr_line' id='line_1_43' title="bbox 404 1936 1805 2002; baseline -0.001 -23"><span class='ocrx_word' id='word_1_265' title='bbox 404 1939 567 2002; x_wconf 73' lang='lat' dir='ltr'>tiatum,</span> <span class='ocrx_word' id='word_1_266' title='bbox 599 1937 777 1978; x_wconf 89' lang='lat' dir='ltr'>tribunis</span> <span class='ocrx_word' id='word_1_267' title='bbox 812 1937 996 1977; x_wconf 89' lang='lat' dir='ltr'>militum</span> <span class='ocrx_word' id='word_1_268' title='bbox 1031 1936 1084 1977; x_wconf 91' lang='lat' dir='ltr'>de</span> <span class='ocrx_word' id='word_1_269' title='bbox 1122 1944 1254 1977; x_wconf 90' lang='lat' dir='ltr'>morte</span> <span class='ocrx_word' id='word_1_270' title='bbox 1289 1937 1472 1993; x_wconf 83' lang='lat' dir='ltr'>collegae</span> <span class='ocrx_word' id='word_1_271' title='bbox 1507 1952 1583 1993; x_wconf 91' lang='lat' dir='ltr'>per</span> <span class='ocrx_word' id='word_1_272' title='bbox 1612 1945 1805 1978; x_wconf 89' lang='lat' dir='ltr'>senatum</span> 
     </span>
     <span class='ocr_line' id='line_1_44' title="bbox 435 1993 1802 2049; baseline -0.001 -13"><span class='ocrx_word' id='word_1_273' title='bbox 435 1995 670 2036; x_wconf 89' lang='lat' dir='ltr'>uaestiones</span> <span class='ocrx_word' id='word_1_274' title='bbox 711 1994 1049 2042; x_wconf 82' lang='lat' dir='ltr'>decernentibus,</span> <span class='ocrx_word' id='word_1_275' title='bbox 1092 1993 1250 2034; x_wconf 90' lang='lat' dir='ltr'>tribuni</span> <span class='ocrx_word' id='word_1_276' title='bbox 1296 1993 1430 2049; x_wconf 91' lang='lat' dir='ltr'>plebis</span> <span class='ocrx_word' id='word_1_277' title='bbox 1469 1994 1802 2037; x_wconf 83' lang='lat' dir='ltr'>intercedebant.</span> 
     </span>
     <span class='ocr_line' id='line_1_45' title="bbox 404 2011 1808 2107; baseline 0 -14"><span class='ocrx_word' id='word_1_278' title='bbox 404 2011 493 2094; x_wconf 53' lang='lat' dir='ltr'>ged</span> <span class='ocrx_word' id='word_1_279' title='bbox 521 2067 571 2093; x_wconf 90' lang='lat' dir='ltr'>ea</span> <span class='ocrx_word' id='word_1_280' title='bbox 595 2051 811 2092; x_wconf 91' lang='lat' dir='ltr'>contentio</span> <span class='ocrx_word' id='word_1_281' title='bbox 839 2065 893 2092; x_wconf 87' lang='lat' dir='ltr'>ex</span> <span class='ocrx_word' id='word_1_282' title='bbox 923 2051 1152 2091; x_wconf 86' lang='lat' dir='ltr'>certamine</span> <span class='ocrx_word' id='word_1_283' title='bbox 1184 2050 1265 2091; x_wconf 92' lang='lat' dir='ltr'>alio</span> <span class='ocrx_word' id='word_1_284' title='bbox 1295 2051 1532 2106; x_wconf 85' lang='lat' dir='ltr'>pendebat3</span> <span class='ocrx_word' id='word_1_285' title='bbox 1565 2051 1680 2107; x_wconf 89' lang='lat' dir='ltr'>quod</span> <span class='ocrx_word' id='word_1_286' title='bbox 1707 2067 1808 2093; x_wconf 89' lang='lat' dir='ltr'>cura</span> 
     </span>
     <span class='ocr_line' id='line_1_46' title="bbox 404 2108 1806 2164; baseline -0.001 -14"><span class='ocrx_word' id='word_1_287' title='bbox 404 2109 630 2150; x_wconf 88' lang='lat' dir='ltr'>incesserat</span> <span class='ocrx_word' id='word_1_288' title='bbox 652 2109 810 2158; x_wconf 83' lang='lat' dir='ltr'>Patres,</span> <span class='ocrx_word' id='word_1_289' title='bbox 833 2123 886 2149; x_wconf 90' lang='lat' dir='ltr'>ne</span> <span class='ocrx_word' id='word_1_290' title='bbox 909 2116 1023 2148; x_wconf 88' lang='lat' dir='ltr'>metu</span> <span class='ocrx_word' id='word_1_291' title='bbox 1047 2108 1341 2163; x_wconf 87' lang='lat' dir='ltr'>quaestionum</span> <span class='ocrx_word' id='word_1_292' title='bbox 1368 2108 1486 2164; x_wconf 92' lang='lat' dir='ltr'>plebs</span> <span class='ocrx_word' id='word_1_293' title='bbox 1506 2108 1652 2164; x_wconf 91' lang='lat' dir='ltr'>iraque</span> <span class='ocrx_word' id='word_1_294' title='bbox 1673 2109 1806 2150; x_wconf 87' lang='lat' dir='ltr'>tribu-</span> 
     </span>
     <span class='ocr_line' id='line_1_47' title="bbox 404 2165 1807 2221; baseline 0 -14"><span class='ocrx_word' id='word_1_295' title='bbox 404 2181 481 2207; x_wconf 91' lang='lat' dir='ltr'>nos</span> <span class='ocrx_word' id='word_1_296' title='bbox 502 2166 685 2207; x_wconf 90' lang='lat' dir='ltr'>militum</span> <span class='ocrx_word' id='word_1_297' title='bbox 707 2180 760 2206; x_wconf 82' lang='lat' dir='ltr'>ex</span> <span class='ocrx_word' id='word_1_298' title='bbox 776 2165 898 2221; x_wconf 89' lang='lat' dir='ltr'>plebe</span> <span class='ocrx_word' id='word_1_299' title='bbox 921 2172 1102 2205; x_wconf 89' lang='lat' dir='ltr'>crearet:</span> <span class='ocrx_word' id='word_1_300' title='bbox 1137 2165 1452 2221; x_wconf 89' lang='lat' dir='ltr'>tendebantque</span> <span class='ocrx_word' id='word_1_301' title='bbox 1469 2180 1631 2206; x_wconf 88' lang='lat' dir='ltr'>summa</span> <span class='ocrx_word' id='word_1_302' title='bbox 1647 2181 1741 2221; x_wconf 86' lang='lat' dir='ltr'>ope,</span> <span class='ocrx_word' id='word_1_303' title='bbox 1759 2174 1807 2207; x_wconf 92' lang='lat' dir='ltr'>ut</span> 
     </span>
     <span class='ocr_line' id='line_1_48' title="bbox 404 2221 1807 2269; baseline 0 -5"><span class='ocrx_word' id='word_1_304' title='bbox 404 2223 598 2264; x_wconf 91' lang='lat' dir='ltr'>consules</span> <span class='ocrx_word' id='word_1_305' title='bbox 618 2231 871 2263; x_wconf 89' lang='lat' dir='ltr'>crearentur.</span> <span class='ocrx_word' id='word_1_306' title='bbox 937 2221 1085 2269; x_wconf 81' lang='lat' dir='ltr'>Quum</span> <span class='ocrx_word' id='word_1_307' title='bbox 1107 2222 1516 2263; x_wconf 89' lang='lat' dir='ltr'>senatusconsultum</span> <span class='ocrx_word' id='word_1_308' title='bbox 1535 2222 1627 2263; x_wconf 90' lang='lat' dir='ltr'>fieri</span> <span class='ocrx_word' id='word_1_309' title='bbox 1648 2223 1807 2264; x_wconf 83' lang='lat' dir='ltr'>tribuni</span> 
     </span>
     <span class='ocr_line' id='line_1_49' title="bbox 405 2279 1807 2345; baseline -0.001 -24"><span class='ocrx_word' id='word_1_310' title='bbox 405 2280 541 2345; x_wconf 82' lang='lat' dir='ltr'>plebis</span> <span class='ocrx_word' id='word_1_311' title='bbox 561 2295 649 2321; x_wconf 91' lang='lat' dir='ltr'>non</span> <span class='ocrx_word' id='word_1_312' title='bbox 668 2288 926 2335; x_wconf 90' lang='lat' dir='ltr'>paterentur,</span> <span class='ocrx_word' id='word_1_313' title='bbox 948 2279 1077 2319; x_wconf 90' lang='lat' dir='ltr'>iidem</span> <span class='ocrx_word' id='word_1_314' title='bbox 1098 2279 1411 2320; x_wconf 90' lang='lat' dir='ltr'>intercederent</span> <span class='ocrx_word' id='word_1_315' title='bbox 1431 2279 1716 2320; x_wconf 89' lang='lat' dir='ltr'>consularibus</span> <span class='ocrx_word' id='word_1_316' title='bbox 1736 2295 1807 2320; x_wconf 93' lang='grc'>00-</span> 
     </span>
     <span class='ocr_line' id='line_1_50' title="bbox 406 2336 1806 2392; baseline 0 -15"><span class='ocrx_word' id='word_1_317' title='bbox 406 2337 547 2387; x_wconf 83' lang='grc'>11111115,</span> <span class='ocrx_word' id='word_1_318' title='bbox 576 2352 642 2377; x_wconf 88' lang='lat' dir='ltr'>res</span> <span class='ocrx_word' id='word_1_319' title='bbox 672 2337 727 2377; x_wconf 91' lang='lat' dir='ltr'>ad</span> <span class='ocrx_word' id='word_1_320' title='bbox 750 2336 1037 2392; x_wconf 84' lang='lat' dir='ltr'>interregnum</span> <span class='ocrx_word' id='word_1_321' title='bbox 1070 2336 1205 2376; x_wconf 91' lang='lat' dir='ltr'>rediit.</span> <span class='ocrx_word' id='word_1_322' title='bbox 1270 2336 1460 2377; x_wconf 88' lang='lat' dir='ltr'>Victoria</span> <span class='ocrx_word' id='word_1_323' title='bbox 1490 2336 1646 2377; x_wconf 89' lang='lat' dir='ltr'>deinde</span> <span class='ocrx_word' id='word_1_324' title='bbox 1676 2351 1806 2391; x_wconf 90' lang='lat' dir='ltr'>penes</span> 
     </span>
     <span class='ocr_line' id='line_1_51' title="bbox 407 2392 1804 2448; baseline -0.001 -13"><span class='ocrx_word' id='word_1_325' title='bbox 407 2393 555 2435; x_wconf 88' lang='lat' dir='ltr'>Patres</span> <span class='ocrx_word' id='word_1_326' title='bbox 574 2394 666 2435; x_wconf 86' lang='lat' dir='ltr'>fuit.</span> <span class='ocrx_word' id='word_1_327' title='bbox 733 2392 786 2441; x_wconf 82' lang='lat' dir='ltr'>Q.</span> <span class='ocrx_word' id='word_1_328' title='bbox 804 2393 933 2434; x_wconf 88' lang='lat' dir='ltr'>Fabio</span> <span class='ocrx_word' id='word_1_329' title='bbox 954 2392 1168 2434; x_wconf 89' lang='lat' dir='ltr'>Vibulano</span> <span class='ocrx_word' id='word_1_330' title='bbox 1189 2393 1396 2448; x_wconf 83' lang='lat' dir='ltr'>interrege</span> <span class='ocrx_word' id='word_1_331' title='bbox 1419 2392 1589 2434; x_wconf 88' lang='lat' dir='ltr'>comitia</span> <span class='ocrx_word' id='word_1_332' title='bbox 1607 2392 1804 2442; x_wconf 83' lang='lat' dir='ltr'>habente,</span> 
     </span>
     <span class='ocr_line' id='line_1_52' title="bbox 411 2449 1807 2500; baseline -0.001 -8"><span class='ocrx_word' id='word_1_333' title='bbox 411 2451 602 2492; x_wconf 83' lang='lat' dir='ltr'>eonsules</span> <span class='ocrx_word' id='word_1_334' title='bbox 630 2450 759 2492; x_wconf 89' lang='lat' dir='ltr'>creati</span> <span class='ocrx_word' id='word_1_335' title='bbox 786 2458 884 2491; x_wconf 91' lang='lat' dir='ltr'>sunt</span> <span class='ocrx_word' id='word_1_336' title='bbox 914 2450 968 2490; x_wconf 91' lang='lat' dir='ltr'>A.</span> <span class='ocrx_word' id='word_1_337' title='bbox 997 2449 1222 2491; x_wconf 90' lang='lat' dir='ltr'>Cornelius</span> <span class='ocrx_word' id='word_1_338' title='bbox 1254 2449 1423 2500; x_wconf 85' lang='lat' dir='ltr'>Cossus,</span> <span class='ocrx_word' id='word_1_339' title='bbox 1453 2449 1503 2490; x_wconf 91' lang='lat' dir='ltr'>L.</span> <span class='ocrx_word' id='word_1_340' title='bbox 1528 2449 1678 2490; x_wconf 91' lang='lat' dir='ltr'>Furius</span> <span class='ocrx_word' id='word_1_341' title='bbox 1709 2449 1807 2491; x_wconf 93' lang='lat' dir='ltr'>Me-</span> 
     </span>
     <span class='ocr_line' id='line_1_53' title="bbox 408 2508 605 2549; baseline 0.005 -1"><span class='ocrx_word' id='word_1_342' title='bbox 408 2508 605 2549; x_wconf 91' lang='lat' dir='ltr'>dullinus.</span> 
     </span>
     <span class='ocr_line' id='line_1_54' title="bbox 468 2564 1806 2619; baseline -0.001 -13"><span class='ocrx_word' id='word_1_343' title='bbox 468 2564 548 2606; x_wconf 79' lang='lat' dir='ltr'>Hjs</span> <span class='ocrx_word' id='word_1_344' title='bbox 579 2564 820 2605; x_wconf 83' lang='lat' dir='ltr'>consulibus</span> <span class='ocrx_word' id='word_1_345' title='bbox 850 2564 1058 2619; x_wconf 90' lang='lat' dir='ltr'>principio</span> <span class='ocrx_word' id='word_1_346' title='bbox 1086 2564 1186 2604; x_wconf 90' lang='lat' dir='ltr'>anni</span> <span class='ocrx_word' id='word_1_347' title='bbox 1214 2564 1623 2605; x_wconf 86' lang='lat' dir='ltr'>senatusconsultum</span> <span class='ocrx_word' id='word_1_348' title='bbox 1650 2564 1806 2605; x_wconf 90' lang='lat' dir='ltr'>factum</span> 
     </span>
     <span class='ocr_line' id='line_1_55' title="bbox 409 2620 1806 2676; baseline -0.001 -13"><span class='ocrx_word' id='word_1_349' title='bbox 409 2630 484 2671; x_wconf 90' lang='lat' dir='ltr'>est,</span> <span class='ocrx_word' id='word_1_350' title='bbox 521 2630 569 2662; x_wconf 92' lang='lat' dir='ltr'>ut</span> <span class='ocrx_word' id='word_1_351' title='bbox 603 2621 656 2662; x_wconf 91' lang='lat' dir='ltr'>de</span> <span class='ocrx_word' id='word_1_352' title='bbox 690 2621 937 2676; x_wconf 90' lang='lat' dir='ltr'>quaestione</span> <span class='ocrx_word' id='word_1_353' title='bbox 969 2620 1264 2662; x_wconf 88' lang='lat' dir='ltr'>Postumianae</span> <span class='ocrx_word' id='word_1_354' title='bbox 1302 2620 1441 2662; x_wconf 89' lang='lat' dir='ltr'>caedis</span> <span class='ocrx_word' id='word_1_355' title='bbox 1477 2621 1635 2662; x_wconf 87' lang='lat' dir='ltr'>tribuni</span> <span class='ocrx_word' id='word_1_356' title='bbox 1669 2621 1806 2676; x_wconf 90' lang='lat' dir='ltr'>primo</span> 
     </span>
    </p>
   </div>
   <div class='ocr_carea' id='block_1_13' title="bbox 409 2757 1805 2964">
    <p class='ocr_par' dir='ltr' id='par_1_14' title="bbox 409 2757 1805 2964">
     <span class='ocr_line' id='line_1_56' title="bbox 457 2757 1805 2798; baseline -0.001 -10"><span class='ocrx_word' id='word_1_357' title='bbox 457 2758 476 2788; x_wconf 93' lang='lat'>8</span> <span class='ocrx_word' id='word_1_358' title='bbox 498 2760 621 2790; x_wconf 83' lang='lat' dir='ltr'>Necari</span> <span class='ocrx_word' id='word_1_359' title='bbox 644 2760 702 2789; x_wconf 81' lang='lat' dir='ltr'>sub</span> <span class='ocrx_word' id='word_1_360' title='bbox 725 2759 830 2796; x_wconf 82' lang='lat' dir='ltr'>erate]</span> <span class='ocrx_word' id='word_1_361' title='bbox 878 2759 927 2789; x_wconf 90' lang='lat' dir='ltr'>Ut</span> <span class='ocrx_word' id='word_1_362' title='bbox 949 2768 1036 2797; x_wconf 82' lang='lat' dir='ltr'>supr.</span> <span class='ocrx_word' id='word_1_363' title='bbox 1059 2757 1080 2788; x_wconf 90' lang='grc'>1.</span> <span class='ocrx_word' id='word_1_364' title='bbox 1123 2759 1204 2797; x_wconf 81' lang='lat' dir='ltr'>poni</span> <span class='ocrx_word' id='word_1_365' title='bbox 1228 2763 1324 2798; x_wconf 80' lang='lat' dir='ltr'>atque</span> <span class='ocrx_word' id='word_1_366' title='bbox 1339 2768 1375 2789; x_wconf 86' lang='lat' dir='ltr'>eo</span> <span class='ocrx_word' id='word_1_367' title='bbox 1391 2759 1515 2797; x_wconf 77' lang='lat' dir='ltr'>lapides</span> <span class='ocrx_word' id='word_1_368' title='bbox 1537 2758 1659 2797; x_wconf 79' lang='lat' dir='ltr'>imponi</span> <span class='ocrx_word' id='word_1_369' title='bbox 1681 2758 1805 2794; x_wconf 81' lang='lat' dir='ltr'>multos,</span> 
     </span>
     <span class='ocr_line' id='line_1_57' title="bbox 411 2799 1804 2839; baseline -0.001 -10"><span class='ocrx_word' id='word_1_370' title='bbox 411 2806 460 2837; x_wconf 83' lang='lat'>51.</span> <span class='ocrx_word' id='word_1_371' title='bbox 506 2801 665 2839; x_wconf 85' lang='lat' dir='ltr'>Supplieii</span> <span class='ocrx_word' id='word_1_372' title='bbox 688 2811 788 2839; x_wconf 83' lang='lat' dir='ltr'>genus</span> <span class='ocrx_word' id='word_1_373' title='bbox 809 2799 1082 2839; x_wconf 85' lang='lat' dir='ltr'>Carthaginiensi·</span> <span class='ocrx_word' id='word_1_374' title='bbox 1127 2805 1165 2830; x_wconf 86' lang='lat' dir='ltr'>ut</span> <span class='ocrx_word' id='word_1_375' title='bbox 1178 2811 1245 2831; x_wconf 82' lang='lat' dir='ltr'>sese</span> <span class='ocrx_word' id='word_1_376' title='bbox 1260 2811 1361 2831; x_wconf 76' lang='lat' dir='ltr'>neces.</span> <span class='ocrx_word' id='word_1_377' title='bbox 1407 2800 1564 2830; x_wconf 86' lang='lat' dir='ltr'>Similiter</span> <span class='ocrx_word' id='word_1_378' title='bbox 1580 2810 1623 2839; x_wconf 87' lang='lat' dir='ltr'>ap</span> <span class='ocrx_word' id='word_1_379' title='bbox 1625 2799 1804 2835; x_wconf 82' lang='lat' dir='ltr'>.Graecos,</span> 
     </span>
     <span class='ocr_line' id='line_1_58' title="bbox 409 2810 1803 2882; baseline 0 -13"><span class='ocrx_word' id='word_1_380' title='bbox 409 2840 486 2870; x_wconf 82' lang='lat' dir='ltr'>bus</span> <span class='ocrx_word' id='word_1_381' title='bbox 479 2842 635 2879; x_wconf 85' lang='lat' dir='ltr'>imprimis</span> <span class='ocrx_word' id='word_1_382' title='bbox 647 2843 824 2882; x_wconf 73' lang='lat' dir='ltr'>proprium,</span> <span class='ocrx_word' id='word_1_383' title='bbox 832 2843 939 2881; x_wconf 87' lang='lat' dir='ltr'>quod</span> <span class='ocrx_word' id='word_1_384' title='bbox 930 2853 963 2872; x_wconf 87' lang='lat'>111</span> <span class='ocrx_word' id='word_1_385' title='bbox 977 2843 1084 2873; x_wconf 82' lang='lat' dir='ltr'>Plaut</span> <span class='ocrx_word' id='word_1_386' title='bbox 1132 2842 1217 2881; x_wconf 91' lang='lat' dir='ltr'>quod</span> <span class='ocrx_word' id='word_1_387' title='bbox 1228 2841 1480 2879; x_wconf 79' lang='grc' dir='ltr'>καταποντισμὸν</span> <span class='ocrx_word' id='word_1_388' title='bbox 1490 2845 1619 2878; x_wconf 84' lang='lat' dir='ltr'>vocant,</span> <span class='ocrx_word' id='word_1_389' title='bbox 1602 2810 1665 2871; x_wconf 85' lang='lat' dir='ltr'>pcf.</span> <span class='ocrx_word' id='word_1_390' title='bbox 1669 2839 1803 2870; x_wconf 84' lang='lat' dir='ltr'>Diodor.</span> 
     </span>
     <span class='ocr_line' id='line_1_59' title="bbox 413 2882 1346 2923; baseline 0.004 -13"><span class='ocrx_word' id='word_1_391' title='bbox 413 2882 567 2912; x_wconf 88' lang='lat' dir='ltr'>Paenulo.</span> <span class='ocrx_word' id='word_1_392' title='bbox 591 2894 618 2913; x_wconf 95' lang='lat' dir='ltr'>v.</span> <span class='ocrx_word' id='word_1_393' title='bbox 642 2894 669 2914; x_wconf 87' lang='lat'>2.</span> <span class='ocrx_word' id='word_1_394' title='bbox 693 2884 745 2923; x_wconf 89' lang='grc'>65,</span> <span class='ocrx_word' id='word_1_395' title='bbox 768 2885 966 2923; x_wconf 84' lang='lat' dir='ltr'>descriptum</span> <span class='ocrx_word' id='word_1_396' title='bbox 990 2884 1087 2914; x_wconf 85' lang='lat' dir='ltr'>habe·</span> <span class='ocrx_word' id='word_1_397' title='bbox 1132 2884 1195 2915; x_wconf 88' lang='lat' dir='ltr'>Sic.</span> <span class='ocrx_word' id='word_1_398' title='bbox 1215 2884 1278 2915; x_wconf 87' lang='lat' dir='ltr'>xvi.</span> <span class='ocrx_word' id='word_1_399' title='bbox 1298 2892 1346 2923; x_wconf 80' lang='lat'>35.</span> 
     </span>
     <span class='ocr_line' id='line_1_60' title="bbox 410 2925 1086 2964; baseline 0.007 -13"><span class='ocrx_word' id='word_1_400' title='bbox 410 2932 491 2952; x_wconf 90' lang='lat' dir='ltr'>mus.</span> <span class='ocrx_word' id='word_1_401' title='bbox 529 2925 596 2953; x_wconf 71' lang='lat' dir='ltr'>Sub</span> <span class='ocrx_word' id='word_1_402' title='bbox 612 2927 723 2954; x_wconf 81' lang='lat' dir='ltr'>cratim</span> <span class='ocrx_word' id='word_1_403' title='bbox 741 2928 789 2955; x_wconf 79' lang='lat' dir='ltr'>utz</span> <span class='ocrx_word' id='word_1_404' title='bbox 806 2928 916 2956; x_wconf 77' lang='lat' dir='ltr'>iubeas</span> <span class='ocrx_word' id='word_1_405' title='bbox 931 2937 997 2956; x_wconf 81' lang='lat' dir='ltr'>sese</span> <span class='ocrx_word' id='word_1_406' title='bbox 1011 2936 1086 2964; x_wconf 83' lang='lat' dir='ltr'>sup-</span> 
     </span>
    </p>
   </div>
  </div>
 </body>
</html>
