1934 3211
588 188 715 230 LIB.
759 187 816 229 II.
861 187 1007 229 CAP.
1055 192 1118 229 18.
1496 194 1543 233 91

163 283 319 334 occisis,
360 280 578 322 consulum
620 294 790 335 quoque
832 277 1022 327 alterum,
1065 277 1160 334 (sed
1198 287 1354 328 utrum,
1396 295 1551 322 nomen
1566 290 1610 322 U.
1627 291 1665 322 C.
1684 299 1755 330 252.

162 349 349 383 auctores
378 353 464 380 non
494 336 718 435 adiiciunss
747 336 862 392 gravi
893 335 1066 377 vulnere
1097 350 1150 377 ex
1183 350 1294 392 equo
1327 336 1550 388 deiectum,
1566 337 1604 365 A·
1630 335 1668 366 C·
1687 342 1757 373 500·

161 412 289 463 prope
310 396 622 438 interfecerunt.
720 408 857 435 ornam
878 393 990 442 inde,
1008 392 1116 434 male
1138 403 1255 449 gesta
1275 408 1333 443 re,
1351 394 1549 437 reditum:

129 463 272 500 91nter
291 453 444 495 multos
474 452 634 494 saucios
655 451 801 494 consul
828 466 901 508 spe
923 451 1082 492 incerta
1101 451 1210 492 vitae
1238 450 1418 492 relictus.
1481 451 1554 493 In-

160 512 334 554 teriecto
355 511 510 553 deinde
532 510 647 552 haud
668 524 820 566 magno
841 508 987 565 spatio,
1006 508 1122 564 quod
1140 508 1384 550 vulneribus
1405 524 1554 551 curan-

159 569 225 611 dis
245 568 565 626 supplendoque
587 567 789 609 exercitui
811 567 909 608 satis
929 576 1051 616 esset,
1073 576 1164 607 tum
1185 567 1246 608 ira
1265 567 1420 608 maiore
1440 567 1551 617 belli,

161 635 252 669 tum
278 627 436 668 viribus
463 627 590 668 etiam
609 625 754 675 auctis,
776 625 993 666 Pometiae
1021 639 1137 666 arma
1164 623 1300 666 illata:
1334 634 1377 666 et
1407 640 1552 681 quum,

159 684 293 726 vineis
323 684 489 726 refectis
519 683 682 740 aliaque
718 682 828 724 mole
859 681 971 732 belli,
1003 682 1087 724 iam
1117 682 1162 723 in
1192 697 1243 724 eo
1276 691 1396 732 esset,
1431 691 1478 724 ut
1509 683 1554 724 in

160 757 302 784 muros
331 742 527 784 evaderet
557 742 687 791 miles,
717 740 877 782 deditio
907 749 971 782 est
1000 739 1119 782 facta.
1185 739 1390 782 Ceterum
1420 740 1554 782 nihilo

133 816 145 838 1
160 800 300 842 minus
334 800 471 850 foede,
508 799 653 841 dedita
682 799 798 848 urbe,
831 813 958 855 quam
988 798 1023 839 si
1053 807 1174 855 capta
1204 798 1324 848 foret,
1357 798 1553 840 Aurunci

129 858 311 915 2passim
351 858 562 914 principes
601 856 736 898 securi
777 856 977 913 percussi,
1017 858 1097 898 sub
1137 871 1291 898 corona
1329 857 1555 898 venierunt

129 915 297 960 acoloni
337 915 434 965 alii3
486 914 688 972 oppidum
728 914 927 964 dirutum,
969 919 1077 970 ager
1107 914 1248 955 veniit.
1333 913 1554 965 Consules,

160 973 291 1030 magis
318 974 372 1015 ob
400 973 480 1014 iras
507 972 688 1030 graviter
715 972 834 1022 ultas,
857 987 983 1029 quam
1012 972 1065 1013 ob
1093 971 1429 1028 magnitudinem
1459 987 1555 1029 per-

159 1031 258 1073 fecti
278 1031 392 1082 belli,
415 1031 737 1087 triumpharunt.

217 1088 451 1146 Insequens
481 1103 615 1130 annus
646 1088 895 1129 Postumum
931 1086 1176 1129 Cominium
1207 1096 1248 1129 et
1281 1087 1330 1129 T.
1363 1087 1554 1130 Lartium
1640 1081 1704 1120 18·

159 1146 351 1189 consules
391 1147 549 1188 habuit.
614 1145 677 1187 Eo
713 1161 824 1187 anno
861 1145 1036 1195 Romae,
1071 1161 1202 1201 quum
1237 1160 1314 1202 per
1348 1145 1470 1187 ludos
1502 1146 1554 1188 ab
1567 1136 1667 1211 gg·
1686 1147 1756 1177 ²⁵3·

162 1204 412 1247 Sabinorum
433 1205 651 1246 iuventute
679 1219 755 1260 per
775 1203 983 1245 lasciviam
1012 1212 1148 1244 scorta
1172 1213 1430 1260 raperentur,
1453 1219 1555 1245 con—
1599 1203 1606 1211 ”
1654 1199 1668 1210 ’“
1686 1190 1757 1220 499·

159 1277 284 1304 cursu
307 1262 528 1305 hominum
556 1262 647 1302 rixa
674 1277 721 1303 ac
746 1276 877 1318 prope
898 1260 1103 1318 proelium
1129 1261 1231 1310 fuit3
1264 1276 1474 1317 parvaque
1500 1277 1552 1303 ex

159 1335 203 1362 re
244 1320 298 1361 ad
338 1319 610 1362 rebellionem
650 1329 836 1376 spectare
878 1334 942 1360 res
982 1318 1212 1360 videbatur.
1279 1318 1415 1375 Supra
1454 1319 1553 1361 belli

128 1394 147 1421 4
161 1377 303 1419 Latini
324 1387 482 1420 metum
504 1377 548 1418 id
569 1393 738 1433 quoquc
760 1386 999 1425 accesserat,
1022 1376 1138 1432 quod
1158 1376 1330 1432 triginta
1350 1376 1432 1417 iam
1454 1392 1554 1418 con-

159 1435 313 1477 iurasse
330 1436 519 1492 populos,
535 1435 773 1476 concitante
792 1434 971 1476 Octavio
985 1433 1192 1483 Mamilio,
1211 1433 1310 1474 satis
1323 1435 1550 1476 constabat.

129 1492 210 1536 51n
233 1493 310 1535 hac
332 1502 541 1535 tantarum
563 1492 875 1549 exspectatione
896 1506 1036 1532 rerum
1063 1491 1241 1532 sollicita
1261 1491 1442 1542 civitate,
1464 1491 1554 1533 dic-

126 1551 301 1593 6tatoris
336 1551 518 1608 primum
551 1549 721 1591 creandi
754 1549 913 1591 mentio
934 1557 1046 1590 orta:
1089 1549 1164 1591 sed
1194 1564 1272 1591 nec
1306 1565 1391 1606 quo
1427 1565 1551 1601 anno,

198 1724 218 1755 9
240 1714 402 1752 Relictus]
429 1714 564 1744 Relatus
587 1723 626 1743 ex
647 1712 831 1743 coniectura

158 1755 282 1788 Dukeri
300 1756 331 1787 in
347 1760 473 1787 textum
489 1755 611 1795 recepit
628 1755 767 1786 Bekker.

204 1809 215 1830 ῐ
242 1801 395 1830 Aurunci
408 1800 529 1839 passim
542 1799 726 1838 principes]
755 1798 831 1829 Hoc

159 1842 243 1874 idem
260 1843 382 1873 bellum
399 1852 477 1879 esse,
488 1842 573 1881 quod
590 1841 621 1871 in
639 1852 709 1881 cap.
727 1841 831 1881 priore

157 1889 314 1922 narratur,
334 1889 444 1916 censet
468 1884 666 1915 Niebuhrius
682 1883 712 1915 ii.
731 1895 761 1924 p.
779 1893 831 1925 91,

157 1931 190 1959 et
210 1928 338 1959 Livium
362 1938 401 1958 ex
425 1927 557 1958 diversis
578 1927 749 1957 annalibus
764 1937 829 1957 eos·

157 1971 231 2002 dem
247 1975 382 2002 eventus
396 1974 574 2007 ementem,
587 1970 618 2000 in
635 1970 716 2000 duos
731 1980 832 2000 annos

157 2013 396 2054 imprudentem
424 2013 635 2044 conferendos
660 2012 830 2043 habuisse:

158 2056 242 2087 hanc
254 2067 382 2096 quoque
395 2055 608 2086 narrationem
627 2055 770 2095 pluribus
785 2065 832 2085 ur-

157 2099 319 2139 gumentis
333 2103 513 2138 suspectam
532 2097 670 2128 reddidit
689 2098 789 2128 Drak.

202 2152 219 2172 2
243 2143 310 2172 Sub
335 2152 449 2173 corona
477 2142 664 2178 venierunt]
707 2140 833 2171 “Anti-

159 2185 268 2224 quitun
290 2184 462 2224 mancipia,
478 2183 545 2214 iure
561 2183 638 2214 belli
659 2187 765 2223 capta,
782 2194 832 2213 co-

161 2227 245 2257 ronis
260 2227 373 2258 induta
390 2227 552 2263 venibant,
568 2230 599 2256 et
616 2226 734 2257 idcirco
749 2225 832 2256 dice-

161 2271 277 2301 buntur
298 2271 357 2300 sub
381 2280 498 2300 corona
523 2269 664 2300 venire.'‘
689 2270 726 2300 A.
743 2269 831 2299 Geli.

161 2313 211 2343 vii.
226 2325 254 2352 4.
272 2312 325 2352 qui
341 2313 438 2343 uliam
457 2311 586 2342 rationis
602 2312 696 2342 huius
711 2311 832 2351 opinio—

161 2366 233 2386 nem
251 2355 376 2390 recitnt,
390 2357 411 2371 “
422 2355 506 2395 quod
525 2355 654 2390 milites,
670 2354 834 2385 custodiae

160 2409 268 2434 caum,
298 2398 496 2438 captivorum
530 2398 690 2428 venalium
727 2407 836 2435 ,greges

161 2441 403 2472 circumstarent
417 2443 451 2478 ;”
475 2442 528 2471 sed
552 2440 639 2470 illam
666 2440 766 2477 munis
784 2451 832 2470 xe-

163 2493 228 2514 rum
255 2494 323 2514 esse
347 2484 454 2519 docet,
477 2489 508 2513 et
532 2486 690 2514 Catum-n·
718 2488 833 2513 testem

162 2525 303 2556 adhibet.
335 2528 443 2557 voloni
459 2528 516 2556 alii
532 2538 574 2557 nc.
591 2527 823 2556 Auruncorum.

208 2577 225 2606 3
248 2570 409 2608 Oppidum
430 2570 591 2607 dirutum}
627 2572 837 2608 Quapropter

165 2620 280 2641 nomen
299 2611 367 2641 cius
383 2611 413 2642 in
432 2613 559 2642 sot-dere
579 2623 650 2641 euin
673 2611 794 2642 Latinis
816 2622 834 2640 ει

164 2654 219 2692 Sp.
231 2653 341 2683 (tmio
357 2654 399 2684 U.
411 2656 448 2684 (·.
463 2653 531 2684 261.
549 2654 612 2684 icto
630 2665 692 2684 non
711 2654 834 2692 legitur.

168 2695 262 2726 Dion.
282 2706 309 2726 v.
325 2695 374 2727 (ιι.
402 2696 534 2727 Niebhr.
554 2697 582 2727 ii.
603 2707 631 2736 p.
655 2706 698 2736 17.
716 2706 766 2737 ‘1¹-

207 2750 224 2777 4
249 2741 357 2778 Supra
380 2739 451 2769 belli
476 2740 585 2769 latini
608 2741 740 2776 ructum!
786 2739 833 2768 Li-

165 2782 276 2811 benter
298 2781 525 2821 »implectimur
540 2782 747 2811 certia-«imum
770 2782 833 2812 Ι)ιι-

165 2824 230 2854 intii
249 2823 476 2860 eonieetunun,
491 2824 545 2862 qui
571 2824 738 2861 legendum
764 2835 834 2853 een-

164 2871 223 2901 ιιι-ί,
239 2867 311 2897 hcm
326 2868 448 2897 Sabini.
497 2866 616 2896 Melina
631 2877 758 2906 quoque
783 2877 834 2895 no-

165 2909 212 2939 bin
238 2909 406 2942 siden-tur.
425 2920 523 2949 imper
540 2933 546 2939 .
564 2932 570 2939 .
589 2933 596 2939 .
614 2914 737 2939 nectum.
783 2909 835 2938 Si(-

166 2953 245 2983 insm
274 2962 320 2991 27.
348 2956 454 2991 Μιμί·
483 2952 560 2981 husa·
589 2953 681 2982 timor
711 2953 836 2983 itu-esni!

874 1713 989 1743 Sabini
1017 1713 1112 1743 belli.-
1145 1716 1177 1742 et
1207 1721 1255 1752 51.
1300 1714 1407 1752 Super
1437 1713 1554 1744 bellum

875 1766 1005 1785 annona
1030 1759 1204 1794 premente.
1252 1755 1397 1795 Vulgata
1420 1755 1552 1795 quidem

877 1797 972 1828 lectio
995 1800 1079 1828 stare
1103 1808 1194 1837 posse
1217 1808 1280 1828 non
1302 1798 1435 1829 videtur.
1482 1798 1552 1830 Tri-

874 1841 962 1879 ginta
978 1840 1063 1871 enim
1084 1840 1130 1870 illi
1148 1841 1273 1880 populi,
1289 1841 1343 1880 qui
1360 1841 1553 1880 coniurasse,

876 1883 1014 1915 Octavio
1030 1884 1180 1914 Mamilio
1203 1884 1397 1921 concitante,
1413 1894 1489 1915 mox
1506 1885 1551 1915 di-

875 1931 1002 1964 cuntur,
1032 1937 1096 1957 non
1123 1926 1179 1957 alii
1205 1931 1291 1965 sunt,
1317 1937 1415 1966 quam
1443 1927 1552 1958 Latini

875 1969 944 2009 ipsi.
974 1971 1081 2001 Cui-zv.
1132 1969 1217 2000 Fieri
1245 1974 1350 2010 potest
1377 1974 1412 2000 ut
1441 1970 1554 2001 Livius

877 2012 953 2043 velit
989 2012 1106 2047 dicere,
1136 2012 1289 2043 maiorem
1320 2013 1440 2043 molem
1475 2013 1552 2044 belli

878 2060 1003 2094 pmeter
1025 2055 1285 2094 expectationem
1311 2055 1373 2085 iam
1395 2056 1553 2086 Romanis

877 2098 1033 2137 ingruere,
1046 2109 1088 2128 sc.
1100 2107 1195 2128 omne
1209 2108 1326 2128 nomen
1338 2098 1490 2128 Latinum
1504 2109 1551 2129 ur-

878 2151 931 2170 ma
947 2140 1078 2180 cepisse.

921 2192 937 2222 5
962 2183 1154 2220 luctatoris]
1190 2182 1256 2218 Qui
1273 2181 1337 2212 alio
1354 2182 1484 2214 nomine
1500 2194 1551 2213 vo-

878 2227 1011 2256 cabatur
1038 2227 1187 2265 rna-qister
1214 2227 1338 2265 populi,
1370 2226 1472 2265 primo
1498 2237 1551 2266 op·

876 2270 953 2299 tima
974 2270 1040 2308 (eye
1064 2272 1200 2305 creatus,
1222 2268 1288 2298 sine
1314 2269 1552 2308 provocatione,

879 2316 990 2351 postea
1008 2322 1079 2342 vcro
1103 2311 1274 2341 imminuto
1295 2311 1372 2342 iure.
1420 2311 1505 2343 Post.
1524 2322 1552 2343 v.

879 2356 1036 2394 (tpt.l.c.r.
1055 2355 1093 2385 cf.
1102 2354 1219 2385 Cic-Ale
1235 2354 1273 2385 R.
1288 2353 1306 2384 i.
1321 2364 1370 2392 40.
1396 2354 1500 2384 Vnrro
1513 2355 1553 2385 de

881 2397 916 2428 l..
943 2397 977 2428 1..
1001 2408 1028 2428 v.
1054 2407 1099 2435 ¹4·
1147 2397 1276 2427 Nomen
1300 2397 1430 2436 quidem
1454 2397 1553 2428 dicta-

878 2440 955 2470 toris
994 2440 1110 2470 Latina
1147 2439 1279 2477 origine,
1308 2439 1430 2479 quippe
1466 2440 1554 2479 apud

883 2485 1078 2513 'tusculanum
1095 2483 1189 2513 fuisse
1210 2482 1276 2513 Liv.
1295 2482 1336 2513 iii.
1359 2485 1403 2512 18.
1421 2486 1453 2512 et
1474 2482 1553 2513 Prin-

880 2526 949 2556 einn
968 2526 1007 2556 ir.
1026 2539 1054 2564 4.
1072 2526 1124 2564 qui
1143 2525 1276 2556 t'ntonis
1294 2526 1387 2555 verba
1411 2535 1449 2555 ex
1475 2525 1554 2565 frag—

881 2574 990 2598 mento
1017 2568 1137 2606 origin.
1163 2567 1192 2598 ii.
1219 2568 1342 2601 recitat.
1367 2569 1555 2599 Lanuvium

879 2611 947 2641 ('ic.
967 2621 1022 2650 pro
1039 2611 1108 2641 Mil.
1126 2620 1170 2641 ιο.
1187 2616 1284 2650 atque
1301 2611 1442 2642 Albanos
1458 2611 1555 2643 Dion.

882 2665 907 2684 v.
925 2663 974 2693 74,
988 2658 1124 2683 nnrmnt.
1173 2653 1332 2688 Dictator.
1347 2654 1554 2693 quemadmo-

879 2697 955 2726 dum
983 2707 1081 2733 reges,
1107 2696 1190 2725 int-nu
1217 2697 1341 2735 populi,
1364 2696 1555 2727 auctoritate

879 2744 1009 2769 neomuto
1021 2744 1145 2768 ert-utun
1157 2743 1219 2769 est:
1245 2750 1286 2769 se.
1303 2743 1371 2779 pont
1383 2744 1553 2779 acceptum

880 2787 1009 2811 senatun
1018 2782 1182 2811 decretum
1195 2792 1213 2811 ιι
1223 2791 1349 2812 nummo
1359 2781 1555 2822 reipublicae

881 2824 1065 2861 magistrum
1076 2824 1214 2854 «licuntur
1223 2824 1327 2855 dictus
1336 2829 1395 2862 est,
1402 2830 1433 2855 et
1446 2830 1555 2865 ponteu

879 2868 975 2905 hylem
1000 2867 1039 2896 de
1064 2866 1198 2907 imperio
1211 2869 1370 2898 curiatam
1392 2868 1459 2908 ipsc
1477 2869 1554 2899 sere-

882 2910 944 2940 bnt.
973 2909 1104 2941 Niebhr.
1123 2909 1142 2941 i.
1163 2920 1192 2950 p.
1211 2909 1281 2950 556.

921 2951 941 2981 6
963 2953 1026 2983 Sed
1045 2963 1102 2984 nce·
1122 2964 1185 2994 qno
1200 2954 1303 2992 anno]
1341 2953 1438 2986 Dion.
1458 2964 1484 2984 v.
1506 2963 1553 2993 72.
