1934 3211
586 205 710 247 LIB.
752 205 784 246 Ι.
836 205 983 247 CAP.
1022 210 1089 249 29.
1481 210 1533 248 35

147 301 314 352 ‘argum
337 295 525 336 omnium
551 295 815 336 Albanorum
843 304 916 337 est.
980 295 1148 337 Ducem
1176 297 1308 337 secuti
1333 306 1455 338 sunt:
1490 308 1536 338 ut

146 358 212 395 ‘et
230 367 315 402 vos,
337 351 371 393 si
392 367 477 408 quo
512 367 591 409 ego
619 352 718 394 inde
747 368 898 409 agmen
922 352 1133 394 declinare
1158 352 1393 402 voluissem,
1416 354 1535 395 fecis-

144 415 158 435 ‘
167 409 277 452 setis.
358 409 521 452 Mettus
565 409 636 452 ille
681 420 744 452 est
789 410 940 452 ductor
985 411 1146 452 itineris
1192 410 1329 460 huius,
1372 410 1535 453 Mettus

143 467 284 509 ‘idem
319 466 444 509 huius
483 467 743 510 machinator
781 467 894 518 belli,
932 467 1096 510 Mettus
1135 468 1315 510 foederis
1351 467 1535 510 Romani

144 524 410 582 ‘Albanique
451 534 607 582 ruptor.
670 525 843 567 Audeat
882 525 1036 568 deinde
1078 525 1178 568 talia
1217 525 1333 576 alius,
1371 525 1450 567 nisi
1490 526 1535 567 in

142 587 156 607 ‘
167 582 280 624 hunc
301 582 464 639 insigne
485 583 568 624 iam
589 583 891 625 documentum
912 583 1155 625 mortalibus
1175 583 1358 625 dedero!
1420 582 1535 625 Cen-

142 640 327 682 turiones
348 640 496 682 armati
518 640 705 682 Mettum
721 641 1052 683 circumsistunt:
1086 657 1161 683 rex
1182 650 1333 691 cetera,
1352 649 1399 682 ut
1419 654 1535 682 orsus

141 706 242 748 erat,
264 698 436 755 peragit.
500 704 512 722 ‘
528 698 656 747 Quod
681 699 852 749 bonum,
875 698 1070 749 faustum,
1091 698 1277 755 felixque
1305 699 1359 740 sit
1378 698 1535 755 populo

143 755 363 797 ‘Romano
403 771 450 798 ac
490 756 607 807 mihi,
650 756 863 813 vobisque,
899 756 1079 807 Albani3
1120 756 1324 813 populum
1364 771 1533 798 omnem

143 813 384 855 ‘Albanum
406 813 587 855 Romam
612 814 829 856 traducere
851 815 895 855 in
924 815 1062 856 animo
1084 823 1168 864 est;
1201 814 1413 856 civitatem
1434 814 1533 855 dare

142 870 298 928 ‘plebi3
329 871 531 929 primores
552 872 596 913 in
617 871 764 913 Patres
777 871 933 929 legere3
965 888 1094 913 unam
1108 873 1266 922 urbem,
1281 887 1409 913 unam
1425 887 1534 914 rem-

143 928 377 986 ‘publicam
406 929 553 971 facere.
617 929 680 971 Ut
709 945 762 971 ex
793 945 878 972 uno
906 930 1120 987 quondam
1150 930 1195 971 in
1223 929 1327 972 duos
1388 929 1534 986 opulos

144 986 301 1028 ‘divisa
317 987 485 1029 Albana
500 1003 564 1029 res
585 998 659 1037 est,
678 988 737 1029 sic
753 1002 866 1029 nunc
888 988 933 1029 in
954 1003 1086 1029 unum
1107 987 1276 1030 redeat.’
1381 987 1410 1029 d
1430 987 1533 1030 haec

142 1044 311 1087 Albana
329 1045 474 1102 pubes,
497 1045 668 1087 inermis
688 1046 739 1087 ab
764 1046 932 1087 armatis
958 1056 1112 1103 saepta,
1136 1045 1180 1087 in
1200 1046 1322 1087 variis
1342 1045 1534 1088 volunta—

142 1102 268 1153 tibus,
317 1104 531 1145 communi
577 1113 720 1145 tamen
761 1112 877 1145 metu
917 1113 1107 1161 cogente,
1148 1103 1362 1145 silentium
1403 1112 1530 1146 tenet.

142 1159 256 1202 Tum
296 1160 469 1202 Tullus:
520 1160 682 1203 ‘Mette
729 1161 909 1211 Fuffeti,’
948 1161 1099 1218 inquit,
1144 1162 1204 1203 ‘si
1245 1161 1332 1218 ipse
1374 1161 1533 1203 discere

143 1223 308 1275 ‘posses
334 1218 463 1260 fidem
488 1233 536 1260 ac
559 1219 729 1261 foedera
757 1234 931 1268 servare,
954 1219 1047 1261 vivo
1074 1219 1150 1261 tibi
1181 1234 1230 1260 ea
1259 1219 1481 1276 disciplina
1510 1235 1534 1261 a

144 1281 236 1317 ‘me
257 1275 445 1318 adhibita
464 1285 582 1318 esset.
647 1275 776 1318 Nunc
796 1277 995 1332 quoniam
1022 1286 1141 1318 tuum
1166 1276 1394 1319 insanabile
1416 1277 1533 1334 inge-

144 1333 286 1374 ‘nium
317 1342 392 1384 est,
424 1343 466 1374 at
498 1343 545 1375 tu
575 1344 648 1376 tuo
682 1333 886 1390 supplicio
918 1334 1022 1376 doce
1055 1335 1286 1376 humanum
1321 1349 1454 1390 genus
1485 1350 1535 1377 ea

144 1396 312 1433 ‘sancta
341 1391 523 1441 credere,
546 1407 653 1448 quae
679 1407 704 1433 a
728 1400 768 1433 te
794 1391 946 1433 violata
970 1401 1078 1433 sunu
1144 1391 1205 1433 Ut
1236 1391 1365 1448 igitur
1393 1392 1534 1448 paullo

145 1454 158 1474 ‘
169 1456 265 1490 ante
278 1449 464 1490 animum
481 1450 591 1491 inter
606 1449 852 1490 Fidenatem
869 1448 1188 1506 Romanamque
1204 1464 1292 1490 rem
1309 1449 1533 1505 ancipitem

144 1511 157 1530 ‘
167 1506 341 1563 gessisti,
355 1506 414 1547 ita
425 1506 507 1547 iam
520 1521 669 1563 corpus
681 1506 832 1563 passim
845 1506 1164 1548 distrahendum
1177 1507 1320 1548 dabis.’
1352 1506 1532 1557 Exinde,

142 1563 304 1605 duabus
321 1562 498 1605 admotis
519 1563 744 1621 quadrigis,
762 1563 806 1604 in
827 1578 970 1605 currus
990 1580 1134 1606 earum
1150 1565 1380 1607 distentum
1401 1564 1533 1621 illigat

143 1620 353 1663 Mettum:
387 1620 540 1663 deinde
566 1622 610 1663 in
635 1621 842 1664 diversum
870 1622 950 1664 iter
979 1623 1079 1679 equi
1111 1623 1321 1673 concitati,
1350 1622 1532 1665 lacerum

142 1678 187 1720 in
208 1687 386 1735 utroque
413 1693 539 1721 curru
559 1695 721 1737 corpus,
744 1695 829 1736 qua
847 1679 1114 1722 inhaeserant
1133 1681 1310 1723 vinculis
1335 1682 1533 1730 membra,

141 1745 366 1793 portantes.
430 1737 634 1780 Avertere
670 1753 815 1779 omnes
850 1753 875 1779 a
914 1747 1031 1780 tanta
1068 1739 1268 1781 foeditate
1309 1739 1534 1795 spectaculi

141 1793 294 1836 oculos.
356 1794 546 1836 Primum
579 1795 859 1853 ultimumque
891 1796 996 1838 illud
1023 1797 1274 1854 supplicium
1305 1797 1418 1854 apud
1448 1797 1536 1839 Ro-

141 1866 288 1894 manos
308 1867 430 1894 exem
462 1853 492 1894 li
512 1869 660 1910 parum
682 1854 877 1896 memoris
897 1853 1039 1912 legum
1055 1855 1332 1897 humanarum
1349 1855 1439 1897 fuit.
1484 1855 1534 1897 In

141 1909 232 1951 aliis
251 1909 418 1967 gloriari
457 1911 549 1961 ‘cet,
571 1911 677 1953 nulli
704 1912 895 1969 gentium
917 1913 1103 1954 mitiores
1123 1913 1326 1970 placuisse
1349 1928 1515 1970 poenas.

111 1975 132 2008 6
201 1966 318 2010 Inter
342 1968 446 2010 haec
471 1969 553 2010 iam
575 1970 788 2026 praemissi
811 1970 965 2012 Albam
991 1981 1110 2013 erant
1134 1972 1309 2028 equites,
1333 1971 1405 2028 qui
1428 1971 1534 2013 mul·
1615 1973 1682 2011 29.

142 2025 367 2068 titudinem
400 2027 667 2069 traducerent
698 2028 890 2070 Romam.
954 2028 1164 2085 Legiones
1195 2029 1349 2071 deinde
1383 2029 1534 2071 ductae
1549 2027 1591 2058 U.
1609 2028 1647 2059 C.
1665 2029 1715 2067 ⁸⁷·

143 2083 197 2124 ad
233 2083 483 2125 diruendam
520 2086 678 2127 urbem.
745 2085 867 2134 Quae
903 2086 974 2128 ubi
1012 2086 1216 2128 intravere
1260 2096 1411 2143 portaS‚
1448 2102 1533 2128 non
1548 2068 1737 2143 fijbff'dffi'

143 2140 316 2198 quidem
356 2141 435 2183 fuit
476 2143 678 2185 tumultus
722 2143 806 2194 ille,
848 2159 926 2185 nec
966 2159 1106 2200 pavor,
1148 2144 1281 2201 qualis
1320 2154 1533 2201 captarum
1545 2159 1588 2186 ta.

143 2213 232 2240 esse
265 2199 431 2241 urbium
466 2199 598 2250 solet3
631 2216 775 2258 quum,
807 2202 986 2243 effractis
1015 2202 1156 2258 portis,
1187 2202 1374 2244 stratisve
1407 2202 1534 2244 ariete

144 2257 285 2307 muris,
303 2266 376 2300 aut
395 2273 487 2300 arce
509 2258 548 2299 vi
570 2268 703 2315 capta,
721 2259 876 2301 clamor
891 2259 1052 2301 hostilis
1072 2269 1115 2301 et
1131 2275 1274 2302 cursus
1295 2275 1369 2317 per
1389 2260 1534 2302 urbem

143 2323 396 2356 annatorum
427 2316 569 2358 omnia
598 2316 705 2359 ferro
735 2318 986 2375 flammaque
1018 2317 1187 2360 miscet:
1221 2318 1294 2360 sed
1324 2318 1535 2360 silentium

145 2372 259 2414 triste
281 2387 328 2414 ac
350 2373 476 2416 tacita
491 2375 699 2416 maestitia
719 2375 776 2417 ita
791 2375 939 2417 defixit
960 2376 1148 2417 omnium
1170 2376 1342 2425 animos,
1361 2385 1419 2426 ut,
1438 2391 1535 2432 prae

146 2439 262 2472 metu
275 2430 406 2481 obliti,
421 2431 524 2497 quid
541 2432 839 2489 relinquerent,
854 2433 957 2491 quid
971 2448 1112 2475 secum
1126 2434 1294 2484 ferrent,
1312 2433 1535 2476 deficiente

145 2487 331 2538 consilio,
358 2498 670 2547 rogltantesque
692 2490 761 2532 alii
790 2491 904 2541 alios,
927 2507 1040 2533 nunc
1065 2492 1109 2533 in
1131 2491 1343 2533 liminibus
1367 2500 1536 2540 starent,

119 2559 260 2592 7nunc
290 2547 515 2589 errabundi
548 2548 694 2590 domos
722 2564 827 2599 suas,
857 2549 1050 2591 ultimum
1083 2549 1187 2590 illud
1220 2550 1358 2599 visuri,
1393 2565 1537 2606 perva-

190 2671 210 2703 6
235 2674 326 2704 Inter
347 2673 425 2704 haec
448 2675 511 2704 iam
534 2675 719 2713 praemisa]
756 2674 819 2704 De-
865 2675 954 2704 lund
970 2673 1029 2711 legi
1046 2674 1182 2703 affirmat
1196 2673 1377 2704 Gronovius
1393 2675 1424 2706 in
1441 2675 1536 2723 scrip-

148 2714 278 2755 seriptio
319 2725 391 2746 vere
431 2715 576 2752 Liviana,
612 2727 708 2755 quam
749 2716 820 2747 Vir·
864 2716 905 2746 tis
934 2717 1082 2746 omnibus
1111 2721 1143 2746 et
1172 2716 1403 2756 antiquioribus
1432 2717 1538 2753 editis.

172 2758 243 2788 'lina
271 2757 435 2788 transtullt
463 2759 494 2788 in
521 2760 601 2790 Aen.
626 2759 657 2789 ii.
686 2758 756 2795 486.
781 2759 819 2789 ef.
864 2759 949 2798 quod
968 2759 1095 2789 firmant
1116 2762 1179 2789 tres
1194 2769 1212 2789 e
1229 2759 1342 2790 nostris
1362 2760 1454 2791 codd.
1475 2760 1535 2791 Ve-

194 2811 236 2831 rv.
256 2800 384 2831 loc.cit.
867 2801 1059 2832 tustisaimun
1093 2801 1222 2841 quidem
1259 2802 1401 2834 omnium
1442 2803 1537 2834 habet

195 2852 212 2883 7
239 2844 392 2875 Ultimum
408 2844 505 2882 illud]
528 2843 654 2874 Ultima
670 2843 725 2874 illa
739 2843 821 2875 vice:
867 2845 963 2874 illas:
988 2845 1042 2874 sed
1065 2845 1147 2875 duae
1171 2844 1304 2876 ultimae
1329 2846 1453 2877 litterae
1469 2857 1505 2877 as
1519 2857 1538 2877 ι

149 2886 422 2928 quemadmodum
461 2886 547 2926 apud
587 2886 676 2917 Curt.
707 2886 745 2916 iv.
775 2897 825 2925 43.
870 2888 1044 2917 recentiore
1072 2897 1167 2918 mmm
1193 2894 1278 2923 nunt,
1308 2894 1338 2919 et
1366 2889 1430 2919 alio
1457 2894 1536 2920 atra—

149 2929 207 2961 hoc
229 2930 292 2960 iam
317 2931 417 2959 toreio.
471 2928 578 2968 Vulgo
601 2928 676 2959 editi
708 2929 825 2959 habent
871 2935 988 2960 monto.
1013 2931 1118 2961 Cnnv.

151 2973 297 3003 ultimum
320 2973 404 3008 illas,
427 2981 544 3011 nempe
567 2972 690 3004 domna.
716 2974 825 3003 visuri.

1291 3020 1365 3057 122
