1934 3211
192 295 237 326 U.
254 297 292 327 C.
310 295 381 336 364.

191 339 230 369 A.
255 339 294 370 C.
311 340 383 379 388.

261 699 328 737 35.

189 1496 315 1526 Clusini
332 1508 350 1526 a

190 1538 297 1568 Gallis
313 1549 367 1578 op-

188 1580 331 1620 pugnati.

189 1836 328 1875 Legatos
343 1846 362 1866 a

190 1878 348 1908 Romanis

188 1921 229 1949 ad
247 1920 362 1951 Gallos

188 1962 374 2001 impetrant.

409 198 491 235 326

409 290 519 331 fecti.

920 194 1070 236 ΤΙΤΙ
1113 194 1292 236 LIVII

573 289 625 331 Id
649 289 761 331 Galli
781 290 973 331 fortunae
995 305 1092 331 suae
1115 305 1240 331 omen
1261 290 1339 330 rati
1361 288 1570 339 adiuvere,
1593 297 1653 339 ut,
1675 303 1803 345 quem

410 348 593 404 primum
621 348 663 388 in
693 356 847 389 terram
875 347 1030 404 egressi
1056 355 1373 403 occupaverant,
1396 346 1534 388 locum
1561 346 1803 411 patentibus

409 405 522 446 silvis
557 405 878 446 communirent.

410 462 543 518 Alpes
577 462 951 503 transcenderunt:

941 404 1028 461 Ipsi
1067 419 1143 460 per
1176 404 1385 445 Taurinos
1420 403 1632 459 saltusque
1668 402 1803 444 invios
1819 416 1831 437 1

990 461 1175 517 fusisque
1208 461 1295 502 acie
1328 461 1478 502 Tuscis
1510 461 1625 501 haud
1655 459 1804 516 procul

410 519 563 561 Ticino
595 520 782 569 flumine,
813 534 957 574 quum,
992 518 1036 558 in
1065 533 1149 573 quo
1182 518 1469 568 consederant,
1500 532 1647 574 agrum
1679 516 1804 558 Insu-

408 577 547 618 brium
597 576 796 632 appellari
840 576 1066 624 audissent,
1108 576 1357 630 cognomine
1403 575 1649 616 Insubribus
1693 589 1802 631 pago

411 634 659 675 Aeduorum
676 650 685 674 :

409 690 703 731 Mediolanum
735 688 1008 745 appellarunt.

730 633 801 681 ibi,
831 647 957 673 omen
985 640 1210 686 sequentes
1241 632 1335 680 loci,
1365 632 1591 673 condidere
1624 632 1798 673 urbem:

1073 687 1173 738 Alia
1202 688 1379 728 subinde
1410 703 1558 729 manus
1591 688 1803 729 Cenoma-

408 763 570 796 norum,
596 746 777 787 Elitovio
799 746 905 786 duce
927 745 1101 800 vestigia
1125 745 1309 800 priorum
1335 753 1488 794 secuta,
1511 745 1660 786 eodem
1680 745 1800 794 saltu,

407 804 571 844 favente
609 803 841 852 Belloveso,
876 817 1009 858 quum
1046 802 1369 843 transcendisset
1399 802 1544 858 Alpes,
1577 802 1650 848 ubi
1687 817 1833 843 nunc²

410 861 554 901 Biixia
584 875 631 901 ac
653 859 824 901 Verona
853 860 976 900 urbes
1006 867 1116 908 sunt,

1150 858 1283 914 (10005
1319 867 1491 901 tenuere
1523 858 1672 913 Libui)
1701 867 1834 900 con-3

408 917 575 958 sidunt:
610 926 704 973 post
730 917 806 958 hos
835 916 1019 981 Salluvii,
1046 931 1175 972 prope
1204 917 1420 972 antiquam
1448 925 1619 972 gentem
1640 915 1802 958 Laevos

409 974 600 1030 Ligures,
622 974 854 1015 incolentes
875 974 985 1015 circa
1006 974 1206 1022 Ticinum
1228 988 1407 1014 amnem.
1461 973 1626 1015 Penino
1646 973 1800 1014 deinde
1815 983 1834 1010 4

408 1031 503 1072 Βο11
544 1032 844 1096 Lingonesque
885 1030 1139 1087 transgressi,
1181 1046 1314 1086 quum
1359 1031 1442 1071 iam
1487 1031 1598 1072 inter
1635 1030 1802 1073 Padum

406 1097 532 1144 atque
555 1088 688 1145 Alpes
718 1089 860 1129 omnia
890 1096 1145 1139 tenerentur,
1168 1087 1286 1129 Pado
1316 1088 1472 1129 ratibus
1502 1088 1688 1138 traiecto,
1714 1102 1802 1129 non

408 1145 606 1187 Etruscos
642 1145 780 1195 modo,
817 1145 892 1186 sed
927 1145 1053 1186 etiarn
1090 1144 1288 1194 Umbros,
1323 1160 1423 1201 agro
1458 1144 1649 1201 pellunt:

407 1203 687 1268 Apenninum
723 1211 865 1244 tamen
901 1217 988 1243 sese
1026 1211 1210 1243 tenuere

1692 1144 1803 1185 intra

1275 1202 1388 1244 Tum
1422 1201 1623 1252 Senones,
1656 1216 1803 1243 recen-

407 1260 553 1300 tissimi
570 1260 839 1310 advenarum,
859 1260 910 1301 ab
929 1259 1088 1300 Utente
1110 1259 1283 1300 flumine
1306 1274 1439 1315 usque
1461 1259 1515 1300 ad
1533 1259 1680 1300 Aesim
1695 1259 1802 1300 fines
1815 1265 1832 1296 5

407 1317 601 1358 habuere.

406 1375 643 1429 comperio·

651 1317 776 1358 Hanc
795 1326 966 1373 gentem
991 1316 1198 1365 Clusium,
1219 1316 1484 1372 Romamque
1505 1316 1619 1368 inde,
1640 1315 1802 1357 venisse

677 1375 722 1415 id
751 1389 899 1430 parum
930 1382 1091 1416 certum
1123 1382 1198 1423 est,
1225 1373 1423 1423 solamne,
1446 1389 1500 1414 an
1528 1374 1579 1414 ab
1607 1372 1831 1424 omnibus

410 1430 721 1486 Cisalpinorum
747 1430 967 1478 Gallorum
988 1430 1154 1495 populis
1175 1430 1371 1471 adiutam.

467 1487 646 1536 Clusini,
668 1504 777 1529 novo
801 1488 912 1529 bello
937 1487 1137 1537 exterriti,
1160 1503 1293 1543 quum
1318 1487 1646 1538 multitudinem,
1669 1492 1834 1544 quum6

407 1544 557 1584 formas
588 1544 808 1585 hominum
836 1545 1064 1586 invisitatas
1092 1554 1313 1586 cernerent
1343 1553 1385 1586 et
1414 1560 1547 1601 genus
1577 1559 1800 1594 armorum,

407 1601 698 1657 audirentque,
736 1617 857 1657 saepe
894 1602 945 1642 ab
981 1602 1043 1651 iis,
1080 1602 1139 1642 cis
1174 1602 1339 1644 Padum
1375 1602 1579 1657 ultraque,
1616 1601 1803 1658 legiones

411 1658 680 1699 Etruscorum
718 1658 840 1707 fusas,
876 1673 1119 1713 quanquam
1155 1659 1351 1699 adversus
1388 1659 1602 1704 Romanos
1637 1658 1803 1708 nullum

407 1715 456 1755 115
487 1715 551 1755 1115
581 1715 788 1756 societatis
819 1714 1076 1755 amicitiaeve
1109 1723 1208 1763 erat,
1234 1715 1314 1755 nisi
1339 1715 1454 1770 quod
1475 1715 1677 1756 Veientes
1701 1730 1802 1756 con-.

407 1772 658 1827 sanguineos
682 1772 877 1812 adversus
901 1771 1105 1827 populum
1129 1771 1370 1812 Romanum
1394 1787 1482 1812 non
1503 1771 1800 1821 defendissent,

406 1828 563 1884 legatos
586 1829 779 1878 Romam,
803 1828 876 1884 qui
907 1828 1110 1869 auxilium
1142 1829 1193 1868 ab
1226 1837 1375 1869 senatu
1405 1837 1611 1884 peterent,
1638 1828 1799 1870 misere.

407 1885 475 1926 De
512 1885 669 1926 auxilio
705 1885 811 1925 nihil
846 1885 1140 1941 impetratum:

455 2009 465 2029 1
488 2001 662 2039 Taurinos]
682 2000 797 2030 Gallos
810 2010 866 2038 per
880 2000 996 2029 vallem
1012 1999 1080 2029 Du-

407 2041 472 2071 riae
495 2041 634 2078 maioris,
661 2041 734 2071 hod.
767 2043 833 2071 Vol.
858 2043 1002 2078 dntiostcz,
1028 2042 1080 2071 de-

408 2084 567 2113 scendisse
590 2083 623 2113 in
653 2083 784 2113 Italiam
811 2083 946 2114 Niebhr.
973 2083 1080 2113 existi-

408 2129 486 2162 mat,
511 2129 541 2155 et
567 2125 733 2162 SalassiOS,
759 2127 984 2156 Tauriscorum
1007 2136 1082 2164 gen—

408 2172 485 2207 tem,
502 2167 545 2197 ibi
564 2168 717 2198 mansisse
731 2180 738 2204 ;
763 2169 922 2199 Taurinos
938 2178 1012 2198 vero
1030 2167 1081 2198 Li-

407 2220 498 2248 gures
513 2210 620 2240 fuisse.

462 2262 475 2282 2
512 2253 573 2283 Ula*
606 2263 694 2282 nunc
729 2253 847 2282 Brioeia
883 2263 921 2282 ac
959 2254 1083 2283 Verona

409 2296 500 2325 nrbes
522 2297 615 2332 sunt]
643 2294 884 2324 Illustrissimus
905 2294 952 2324 vir
975 2294 1082 2333 Scipio

409 2336 560 2366 Maffeius
576 2336 656 2366 libro
672 2336 692 2366 i.
710 2336 814 2375 operis
834 2336 949 2366 Italica
975 2336 1083 2375 lingua

408 2378 530 2417 scripti..
543 2378 593 2408 cui
610 2378 725 2408 titulus
741 2382 787 2408 est
805 2379 929 2408 Verona
941 2379 1081 2408 illustra-

408 2421 570 2456 tumultis
582 2421 695 2459 probat
708 2421 871 2450 Veronam
878 2421 1080 2451 Cenomano-

410 2474 477 2492 rum
495 2473 559 2492 non
576 2462 690 2493 fuisse:
715 2473 774 2492 nec
790 2462 976 2501 spernendis
991 2473 1079 2501 argu-

409 2505 526 2534 mentis
541 2505 706 2541 convellit,
719 2504 874 2543 quidquid
888 2515 904 2534 e
923 2504 1081 2534 veteribus

408 2546 615 2585 scriptoribus
644 2547 776 2576 affertur
809 2547 849 2576 ad
881 2546 1080 2576 contribuen-

409 2590 483 2618 dam
497 2589 693 2619 Cenomanis
709 2589 797 2618 illam
816 2589 937 2618 urbem.
980 2588 1081 2618 Hunc

409 2630 575 2669 speciatim
595 2630 677 2661 Livii
702 2631 808 2660 locum
832 2635 959 2667 tractat,
980 2635 1009 2660 et
1035 2641 1079 2660 re<

410 2673 595 2711 fingendum
620 2677 726 2702 censet
749 2683 787 2702 ex
810 2672 894 2702 Plin.
914 2673 957 2702 H.
977 2672 1019 2702 N.
1037 2672 1078 2702 iii.

415 2724 459 2753 19·
477 2715 530 2753 qui
550 2715 693 2744 Brixiam
715 2719 745 2744 et
765 2715 958 2745 Cremonam
977 2714 1079 2745 Ceno-

410 2757 511 2785 manis
529 2756 685 2792 attribuit,
703 2757 866 2786 Veronam
886 2756 998 2786 Raetis
1015 2756 1078 2786 Eu-

407 2798 524 2834 ganeis.
572 2798 638 2828 Hie
657 2798 752 2837 igitur
772 2798 882 2829 itidem
909 2799 1078 2835 legendum

409 2842 512 2875 putat..
537 2841 590 2868 uhi
617 2851 702 2870 nunc
725 2842 842 2870 Brixia
866 2846 896 2871 el
923 2842 1079 2871 Cremona

409 2880 501 2909 urbes
515 2886 600 2910 sunt.
647 2881 715 2916 Qui
736 2892 802 2911 rem
824 2883 963 2920 penitius
983 2883 1078 2921 inspi—

408 2930 478 2949 cere
495 2921 744 2958 cupient,a‹leat
759 2923 862 2961 ipsum
878 2924 990 2954 Maffei
1007 2925 1077 2954 doc-

1181 1885 1307 1941 legati
1344 1894 1426 1926 tres
1460 1885 1522 1933 M.
1547 1885 1665 1926 Fabii
1695 1886 1834 1937 Am-7

1125 1998 1284 2029 tissimum
1302 2009 1392 2038 opus.
1417 1998 1523 2029 CREV.

1170 2051 1187 2080 3
1203 2042 1316 2079 Libui]
1331 2041 1421 2071 Gens
1433 2040 1597 2080 Ligurum.
1615 2040 1654 2071 cf.
1664 2039 1799 2075 Niebhr.

1126 2082 1144 2113 i.
1162 2093 1193 2122 p.
1215 2081 1281 2113 161.
1327 2085 1459 2119 Laevos,
1475 2093 1516 2112 sc.
1535 2082 1589 2121 qui
1609 2080 1721 2112 urbem
1739 2082 1800 2112 Pa-

1127 2125 1224 2162 viam,
1237 2126 1295 2155 sub
1308 2125 1438 2155 nomine
1449 2124 1566 2162 Ticini,
1577 2123 1800 2155 condiderunt.

1128 2167 1213 2197 Plin.
1232 2167 1276 2197 H.
1292 2168 1335 2197 N.
1353 2167 1396 2197 iii.
1410 2177 1459 2198 21,

1169 2222 1188 2247 4
1211 2211 1355 2248 Penino]
1376 2210 1466 2248 Iugo.
1503 2209 1602 2239 Unde
1614 2218 1732 2239 nomen
1744 2209 1800 2239 Al-

1128 2252 1222 2290 pibus
1244 2251 1384 2282 inditum
1408 2251 1447 2281 sit
1463 2252 1613 2289 Penim's,
1629 2251 1723 2281 docet
1747 2250 1800 2281 Li-

1128 2294 1197 2323 vius
1213 2293 1278 2324 xxi.
1292 2295 1340 2333 38.
1365 2294 1470 2324 Cam:
1503 2293 1625 2330 Hodie,
1642 2294 1670 2324 le
1686 2293 1802 2323 Grand

1127 2337 1171 2366 St.
1188 2337 1347 2366 Bernard.

1172 2386 1188 2417 5
1212 2380 1338 2416 Aesim]
1371 2377 1460 2408 Olim
1474 2378 1629 2408 Athesim.
1665 2376 1799 2407 Correx-

1126 2420 1150 2450 it
1195 2420 1353 2459 Sigonius,
1385 2419 1436 2450 cui
1481 2419 1675 2458 astipulatur
1718 2418 1798 2448 anti-

1126 2462 1297 2500 quissimus
1320 2473 1337 2492 e
1358 2461 1472 2491 nostris
1495 2462 1587 2491 codd.
1612 2460 1725 2491 ceteris
1748 2470 1799 2491 eo-

1126 2505 1198 2533 dem
1215 2504 1444 2534 alludentibus.
1489 2505 1583 2534 Aesis
1604 2514 1622 2533 a
1642 2503 1799 2533 Strabone

1128 2557 1153 2575 v.
1178 2546 1295 2576 dicitur
1316 2545 1458 2576 divisisse
1482 2545 1625 2576 Galliam
1650 2555 1669 2574 a
1694 2548 1800 2575 cetera

1128 2588 1235 2618 Italia.
1252 2588 1271 2618 i.
1289 2599 1316 2618 e.
1334 2588 1478 2618 Senonas
1492 2598 1511 2617 a
1530 2587 1659 2617 Piceno.
1682 2587 1788 2618 (ἷκεν.

1172 2629 1191 2659 6
1218 2631 1482 2668 iisultz'tudinem]
1523 2629 1670 2669 Triginta
1695 2628 1798 2658 millia

1125 2672 1156 2701 in
1180 2672 1249 2702 ’1010
1273 2672 1443 2702 G‘illorum
1467 2671 1565 2702 fuisse
1587 2670 1695 2701 scribit
1719 2670 1797 2700 Dio-

1125 2715 1190 2745 dor.
1207 2714 1270 2744 xiv.
1293 2724 1349 2744 11
1333 2734 1360 2753 ὸ

1176 2765 1191 2795 7
1220 2758 1333 2796 Leyuli
1358 2757 1438 2793 tre-s]
1479 2756 1556 2786 Non
1583 2759 1619 2785 ut
1645 2753 1795 2784 iniuriam

1125 2798 1266 2829 Clusinis
1287 2799 1546 2838 depmcamntur,
1561 2796 1659 2832 missi,
1675 2795 1700 2825 si
1717 2795 1794 2826 Dio-

1125 2841 1190 2871 dor.
1208 2841 1357 2877 audieris,
1374 2841 1429 2870 sed
1451 2844 1487 2870 ut
1503 2839 1633 2878 quinam
1649 2837 1796 2868 homines

1125 2888 1154 2912 et
1172 2884 1283 2922 quales
1299 2886 1401 2913 essent
1420 2883 1449 2912 G
1453 2881 1521 2917 alli,
1537 2879 1763 2919 perspicerent.
