1934 3211
563 168 689 210 LIB.
723 167 803 209 III.
851 168 997 209 CAP.
1032 173 1098 210 33.
1457 172 1533 210 181

109 272 128 305 5
199 258 329 299 Anno
365 257 659 298 trecentesimo
699 256 843 306 altero,
877 272 1005 312 quam
1041 256 1214 298 condita
1254 257 1393 298 Roma
1432 266 1533 308 erat,
1552 268 1596 300 U.
1614 268 1652 300 c.
1671 278 1741 311 302.

139 314 293 356 iterum
309 322 497 355 mutatur
507 314 641 355 forma
661 314 852 364 civitatis,
867 314 918 355 ab
940 313 1180 355 consulibus
1193 314 1247 354 ad
1263 314 1534 364 decemviros,
1549 312 1588 342 A.
1613 311 1651 343 C.
1669 320 1741 351 450·

139 371 498 436 quemadmodum
521 372 573 412 ab
594 371 763 436 regi-bus
784 379 881 412 ante
904 370 958 412 ad
979 370 1171 412 consules
1191 379 1377 420 venerat,
1400 380 1534 413 trans-
1550 410 1582 440 D
1619 356 1686 394 33·

137 426 262 468 lato
250 428 440 484 lmperio.
505 428 688 469 Minus
677 427 866 493 insignis,
890 428 990 484 quia
1009 443 1097 469 non
1122 427 1336 477 diuturna,
1359 429 1536 470 mutatio
1550 409 1738 484 crggsimviri

137 483 235 525 fuit:
266 484 376 526 laeta
388 485 501 526 enim
514 485 721 541 principia
737 485 1001 550 magistratus
1014 485 1104 526 eius
1117 485 1242 526 nimis
1258 484 1450 526 luxuriav
1439 500 1534 526 ere.

139 539 205 582 Eo
221 541 344 583 citius
365 542 480 598 lapsa
491 557 556 583 res
572 551 646 592 est,
665 543 991 607 repetitumque,
1006 542 1170 583 duobus
1188 543 1250 584 uti
1267 542 1538 584 mandaretur

105 598 360 640 6consulum
396 614 553 641 nomen
593 600 917 656 imperlumque.
994 599 1238 641 Decemviri
1279 599 1407 640 creati
1448 599 1533 656 Ap.

109 654 360 706 7Claudius‚
388 657 438 698 T.
466 656 699 706 Genucius,
723 657 770 698 P.
798 656 970 706 Sestius,
994 656 1043 698 L.
1068 656 1285 707 Veturius,
1311 656 1361 698 C.
1387 655 1533 706 Iulius,

138 712 193 754 A.
218 712 419 763 Manlius,
445 713 531 755 Ser.
560 713 783 770 Sulpicius,
806 714 854 755 P.
882 713 1110 764 Curiatius,
1135 714 1186 756 T.
1212 714 1435 763 Romilius,
1461 713 1531 770 Sp.

137 769 392 811 Postumius.
458 770 640 813 Claudio
669 780 712 812 et
739 771 948 820 Genucio,
976 772 1077 827 quia
1107 771 1314 827 designati
1342 771 1534 812 consules

136 826 182 867 in
222 842 320 868 eum
357 843 515 869 annum
545 829 724 877 fuerant,
758 843 834 884 pro
871 828 1029 870 honore
1066 828 1200 870 honos
1235 828 1447 869 redditus:
1492 837 1535 869 et

139 882 276 925 Sestio
301 884 422 926 alteri
443 885 662 926 consulum
684 885 832 941 prioris
858 885 970 934 anni,
994 885 1109 950 quod
1135 901 1226 926 eam
1256 900 1345 926 rem
1374 885 1536 941 collega

136 940 270 982 invito
292 941 345 982 ad
366 941 513 983 Patres
541 942 751 983 retulerat.
816 941 897 983 His
925 943 1107 998 proximi
1128 942 1261 983 habiti
1287 942 1414 998 legati
1437 951 1531 992 tres,
1549 950 1592 983 U.
1611 951 1648 984 C.
1668 962 1738 992 303-

136 998 211 1054 qui
234 998 426 1040 Athenas
454 999 615 1040 ie1·:ant
650 998 774 1040 simul
796 1008 841 1040 ut
863 1014 939 1055 pro
960 999 1170 1055 legatione
1194 1009 1278 1040 tam
1301 994 1586 1055 longinquaA·
1611 994 1648 1025 (
1667 1005 1738 1035 449·

136 1056 323 1110 praemio
339 1064 448 1097 esset
469 1056 624 1098 honos:
659 1056 783 1097 simul
804 1057 959 1112 peritos
980 1056 1121 1113 legum
1143 1057 1459 1112 peregrinarum
1481 1057 1535 1097 ad

134 1112 359 1154 condenda
378 1128 488 1155 nova
507 1114 598 1154 iura
614 1114 707 1155 usui
728 1114 815 1155 fore
833 1113 1072 1155 credebant.
1128 1113 1314 1170 Supplex
1317 1129 1387 1154 ere
1405 1114 1534 1155 ceteri

135 1183 371 1212 numerum.
429 1170 590 1212 Graves
612 1186 781 1226 quoque
805 1180 940 1212 aetate
963 1171 1118 1212 electos
1134 1171 1368 1212 nowsfflmis
1388 1171 1532 1212 suffra-

135 1226 246 1323 {iis
235 1226 388 1277 ferunt,
404 1243 489 1292 q¹¹.⁰
511 1229 649 1268 minus
670 1228 864 1269 ferociter
877 1228 1052 1270 aliorum
1073 1228 1186 1269 scitis
1200 1228 1531 1269 adversarentur.

181 1283 350 1339 egimen
392 1285 519 1326 totius
560 1285 824 1341 magistratus
842 1300 990 1350 'penes
1031 1285 1224 1341 Appium
1265 1293 1355 1326 erat
1393 1285 1533 1326 favore
1549 1288 1720 1319 Decemvi-

135 1339 291 1395 plebis:
325 1341 516 1398 adeoque
543 1357 699 1383 novum
732 1342 810 1383 sibi
839 1342 1059 1397 ingenium
1087 1341 1294 1391 induerat,
1325 1350 1373 1382 ut
1399 1341 1535 1397 plebi-
1547 1341 1653 1404 “3ng
1670 1341 1725 1362 ³¹¹·

135 1396 228 1438 cola
257 1407 430 1463 repente
463 1399 685 1463 omnisque
712 1414 835 1440 aurae
861 1399 1075 1455 popularis
1103 1407 1294 1454 captator
1323 1398 1534 1448 evaderet,
1645 1397 1652 1404 ’

103 1466 211 1509 8pro
245 1455 352 1496 truci
384 1470 592 1511 saevoque
635 1456 884 1496 insectatore
927 1455 1071 1511 plebis.
1136 1454 1318 1496 Decimo
1359 1455 1429 1496 die
1471 1455 1535 1496 ius

134 1511 291 1567 populo
315 1512 469 1568 singuli
494 1512 741 1553 reddebant.
807 1512 871 1553 Eo
897 1512 965 1553 die
995 1527 1124 1568 penes
1152 1512 1444 1568 praefectum
1434 1512 1535 1553 iuris

132 1627 242 1660 issent.
283 1628 405 1660 Nescio
420 1639 460 1659 an
477 1639 561 1659 nova
581 1629 721 1668 quadam
740 1630 811 1668 lege
857 1629 1020 1660 morandis
1057 1629 1150 1660 annis
1188 1629 1285 1660 fuisse
1318 1628 1461 1667 Livium,
1500 1634 1535 1660 ut

133 1670 279 1701 tribunos
302 1671 406 1710 plebis
424 1671 533 1702 invitis
549 1671 696 1711 patribus
712 1671 810 1702 creari
857 1671 966 1702 omnia
982 1671 1041 1702 sibi
1060 1673 1157 1711 plane
1173 1675 1205 1702 et
1225 1673 1266 1702 ad
1288 1671 1441 1702 amussim
1460 1681 1533 1702 con-

132 1712 331 1752 prohibitum
348 1713 453 1744 fuerit.
858 1714 998 1745 veniant.
1045 1713 1140 1744 Nihil
1157 1717 1266 1744 tamen
1284 1713 1485 1744 mutavimus
1501 1714 1533 1744 in

176 1763 194 1795 5
217 1757 316 1787 Anno
331 1757 548 1787 trecentesimo
559 1757 678 1794 altero]
706 1755 810 1786 Henr.
854 1756 948 1786 annis
971 1756 1025 1795 qui
1052 1756 1093 1786 ad
1121 1756 1297 1795 marginem
1324 1760 1535 1794 apponuntur

134 1796 294 1829 Dodwell.
307 1798 393 1829 Diss.
405 1798 445 1828 de
463 1798 562 1838 cyclis
577 1798 812 1834 Romanorum,

131 1849 163 1870 x.
181 1839 233 1878 86,
249 1839 301 1870 hic
317 1841 417 1872 altero
439 1840 575 1880 exponit
589 1842 737 1877 secundo,
754 1851 810 1880 pu-

132 1885 244 1921 tatque
259 1882 459 1913 decemviros
477 1893 562 1913 anno
582 1883 808 1913 trecentesimo

131 1925 274 1954 secundo
289 1929 428 1956 exeunte
445 1925 628 1964 designatos
647 1935 726 1961 esse,
742 1935 807 1956 ma-

130 1966 297 2006 gistratum
320 1967 452 2006 gessisse
474 1978 559 1997 anno
582 1967 808 1998 trecentesimo

131 2009 236 2040 tertio.
282 2009 345 2040 Sed
377 2020 440 2040 non
470 2009 595 2040 videtur
626 2009 691 2048 pati
719 2009 805 2039 Lati-

131 2050 227 2087 nium,
251 2055 287 2081 ut
313 2052 552 2082 trecentesimus
578 2052 661 2081 ulter
688 2050 805 2081 intelli-

131 2097 226 2131 gatur
240 2095 478 2125 trecentesima
500 2094 668 2124 secundus.
713 2094 808 2124 Alter

132 2135 263 2174 quidem
296 2135 380 2165 idern
412 2140 460 2166 est
497 2135 657 2165 interdum
693 2145 731 2165 nc
762 2146 808 2165 se-

131 2178 270 2215 cundus,
285 2178 340 2208 sed
358 2177 402 2207 itn
419 2182 454 2207 ut
470 2187 622 2207 numerus
637 2177 690 2215 qui
708 2177 808 2216 desig-

133 2223 228 2250 natur
249 2230 306 2259 per
323 2230 432 2250 vocem
454 2221 548 2255 alter,
566 2219 711 2259 proxime
728 2230 807 2249 scm-

134 2272 191 2301 per
205 2267 358 2301 sequntur
373 2272 446 2292 eum
469 2272 636 2292 numerum
660 2261 710 2291 cui
734 2272 807 2292 con·

132 2303 283 2344 iungitur.
330 2305 383 2336 Sic
407 2305 490 2335 nltrr
513 2305 553 2334 ab
578 2305 644 2339 illo,
668 2315 756 2334 mum
778 2310 808 2335 et

114 2348 225 2378 ,altera
271 2346 324 2377 Sic
355 2347 437 2377 infra
468 2346 509 2377 ix.
539 2356 587 2385 34.
635 2348 690 2376 En
721 2348 810 2377 illins

131 2390 236 2429 Appii
271 2391 453 2429 proqenies,
486 2390 541 2429 (μα’
579 2390 736 2419 ch’cernvir
774 2391 809 2419 ιἰι

131 2442 257 2462 annum
283 2437 424 2469 creatus,
447 2433 548 2462 altero
572 2442 658 2461 αιιιιο
683 2442 716 2462 se
742 2433 810 2471 ipse

132 2475 275 2510 creavit,·
311 2476 417 2510 lertio,
446 2485 503 2505 neo
533 2475 573 2504 ab
603 2485 647 2510 se,
677 2484 735 2504 nec
768 2475 808 2503 ab

132 2516 199 2546 ullo
223 2520 352 2547 creatus
378 2522 439 2547 etc.
488 2516 591 2554 Igitur
616 2526 720 2546 annus
746 2521 807 2547 tro:-

132 2559 322 2588 cenleet'miu
342 2559 435 2595 alter,
451 2559 517 2588 aive
539 2560 622 2589 ulter
645 2570 665 2588 (ι
689 2563 807 2589 trecen-

133 2601 252 2637 Ιεσὶηιο,
288 2604 336 2630 ent
378 2601 521 2639 profecto
565 2600 809 2630 trecenta-simun

134 2642 265 2681 primun.
314 2642 355 2672 Et
372 2643 486 2673 frustra
508 2642 598 2672 nobis
618 2642 810 2673 obiit-eretur

135 2684 272 2714 tutione-s
282 2694 437 2714 annorum
450 2689 685 2720 cxuct‹›rum,ct
697 2695 805 2715 corum

134 2726 188 2765 qui
205 2731 393 2765 sequuntur,
404 2726 492 2756 aliud
508 2728 679 2766 postulare.
715 2727 806 2756 l’nw-

134 2773 279 2808 terqunm
303 2769 387 2807 quod
414 2768 498 2798 enim
527 2768 556 2798 in
583 2779 620 2798 cn
644 2779 676 2798 rc
698 2768 806 2807 aliqua

134 2817 182 2842 eut
210 2811 394 2845 ‹lirin-ulum,
423 2816 457 2840 ut
487 2810 593 2840 vidi-rc
624 2809 727 2848 quirin
755 2820 806 2849 po-

135 2853 221 2890 terit,
240 2863 403 2892 nunqnam
431 2852 522 2883 nobis
547 2851 809 2891 pernundcbiinun

134 2895 180 2927 ita
205 2895 391 2933 diligente-m
421 2900 451 2925 vt
481 2895 661 2931 n-linioaum
692 2894 721 2924 in
752 2905 805 2925 nn-

855 1809 895 1829 ex
934 1798 1094 1829 sententia
1133 1798 1308 1835 Dodwelli‚
1346 1808 1386 1828 ne
1430 1802 1531 1829 totam

856 1841 1081 1881 chronologiae
1125 1840 1194 1871 eius
1237 1840 1407 1878 rationem,
1451 1851 1533 1880 quae

853 1883 997 1922 alioquin
1026 1887 1074 1913 sat
1102 1883 1189 1913 belle
1216 1892 1249 1913 se
1276 1883 1384 1920 habet,
1409 1888 1531 1922 pertur-

853 1926 1011 1956 baremus.
1035 1926 1141 1956 (ἷκεν.
1202 1926 1349 1956 Secundo
1395 1926 1532 1964 probant

854 1968 989 1998 Nicblir.
1007 1972 1039 1998 et
1057 1968 1189 1998 Arnold.

894 2009 914 2040 6
937 2012 1001 2049 Ap.
1019 2011 1193 2047 Claudius]
1226 2009 1265 2039 In
1291 2009 1318 2039 F
1321 2019 1418 2048 ragin.
1445 2009 1531 2040 Fast.

851 2051 960 2090 Capit.
1008 2053 1066 2082 Av.
1084 2052 1270 2087 Ctmnws,
1287 2052 1345 2081 ΛΡ.
1366 2052 1402 2082 F.
1421 2051 1468 2082 M.
1487 2051 1531 2082 N.

852 2094 969 2124 Cimss.
991 2094 1157 2123 lxmam..
1176 2094 1319 2123 Snmws
1338 2093 1386 2123 11.
1405 2093 1532 2131 legitur,

853 2146 948 2174 quem
976 2135 1173 2173 Burghesius
1198 2134 1265 2164 Atti
1290 2134 1400 2165 Clausi
1427 2134 1529 2165 filium

853 2188 933 2212 case,
971 2177 1033 2207 iam
1074 2181 1180 2207 aetate
1220 2182 1419 2215 provectum,
1457 2187 1529 2207 con-

854 2220 968 2250 tendit.
1016 2220 1158 2259 Appium
1185 2230 1313 2258 quoquc
1345 2219 1450 2255 illum,
1475 2219 1528 2258 qui

856 2262 936 2292 viam
971 2272 1066 2292 innam
1093 2262 1316 2292 dissolvendae
1340 2261 1530 2292 tribuniciae

855 2305 1022 2344 potcstatis
1048 2304 1191 2343 patribus
1214 2303 1367 2341 ostendit,
1392 2314 1480 2343 supr.
1497 2304 1527 2335 ii.

855 2359 904 2385 ⁴⁴-
930 2347 1034 2386 ipsum
1054 2348 1166 2377 Attum
1185 2347 1340 2377 Clausum
1358 2356 1426 2376 esse
1442 2346 1526 2376 idem

855 2390 1035 2420 confirmat.
1084 2389 1120 2419 In
1141 2389 1210 2418 cius
1231 2388 1423 2418 sententium
1442 2398 1526 2427 pror-

853 2442 907 2461 nua
921 2431 1046 2462 accedit
1064 2431 1200 2461 Niebhr.
1218 2431 1249 2461 ii.
1267 2435 1331 2461 not.
1352 2439 1420 2469 754.

899 2482 914 2513 7
938 2476 1158 2511 J,.1'etnr·'u.-1
1182 2472 1527 2511 1‘r‹›l.m·ioinl·'mgm.

854 2516 944 2547 ant.
962 2516 1072 2555 Cupit.
1089 2517 1245 2555 Spurium
1269 2515 1414 2552 legimus.
1429 2520 1528 2555 utque

853 2568 904 2597 up.
946 2558 1125 2588 Diodorum
1165 2568 1302 2597 quoquc.
1354 2557 1528 2597 Dionysius

857 2602 959 2631 Titum
976 2600 1094 2630 neribit.

897 2646 915 2671 Η
941 2644 1069 2672 havium
1099 2643 1165 2680 die-J
1203 2641 1295 2672 Alius
1321 2647 1418 2681 utque
1444 2641 1527 2672 nlius

855 2684 884 2714 in
912 2685 1006 2719 vim-n,
1022 2690 1118 2723 atquc
1142 2684 1195 2722 qui
1222 2684 1269 2713 iun
1292 2684 1431 2720 ‹lim-but,
1451 2695 1524 2715 mox

852 2728 1035 2766 prm-savem
1058 2728 1139 2756 n'um'x
1165 2727 1358 2765 appellatur.
1384 2728 1525 2758 Snurru.

857 2769 974 2798 Nom-io
1011 2779 1050 2798 nn
1081 2780 1179 2808 penes
1207 2769 1407 2808 proneseelum
1438 2771 1526 2799 urbis

856 2811 1024 2847 ivm-ndum
1050 2810 1102 2847 nit,
1127 2818 1160 2842 ut
1188 2811 1321 2842 Nieblir.
1346 2811 1528 2852 suspicatur

855 2862 884 2883 ιι.
903 2864 931 2883 n.
953 2862 1020 2892 715.
