1934 3211
566 174 693 218 LIB.
728 173 804 214 VI.
853 172 998 214 CAP.
1034 177 1100 215 35.
1453 179 1535 218 385

134 277 183 311 ut
212 268 370 316 liceret,
403 263 696 312 tetenderant3
740 262 816 304 sed
847 277 901 304 ne
933 261 987 303 ad
1019 262 1207 318 plebeios
1238 264 1412 319 quidem
1446 280 1532 307 ma-
1549 280 1591 312 U.
1609 281 1646 311 c,
1666 283 1737 320 378·

132 326 328 382 gistratus
362 320 639 378 capessendos
673 319 964 377 petendosque
1001 319 1075 360 ulli
1117 319 1205 361 viro
1240 321 1325 361 acri
1365 324 1532 378 experi-
1546 324 1585 354 A.
1608 324 1646 354 C.
1666 333 1737 363 374-

131 381 305 437 entique
338 378 504 421 animus
540 387 674 420 esset:
708 377 1098 434 possessionemque
1129 376 1312 427 honoris,
1345 380 1533 435 usurpati

131 438 259 480 modo
279 452 305 478 a
323 436 446 493 plebe
471 451 548 492 per
571 450 726 492 paucos
751 450 896 484 annos,
918 449 1184 491 recuperasse
1209 435 1253 475 in
1278 445 1532 491 perpetuum

130 495 278 538 Patres
297 493 553 535 viderentur.
617 492 687 534 Ne
716 492 761 534 id
788 492 913 533 nimis
940 491 1097 533 laetum
1125 492 1233 548 parti
1261 492 1380 534 alteri
1409 503 1530 543 esset,

129 567 269 618 parva,
295 560 343 593 ut
371 551 622 608 plerumque
654 550 772 600 solet,
801 564 891 591 rem
922 550 1139 606 ingentem
1170 549 1378 591 moliundi
1408 565 1532 592 causa

129 609 370 651 intervenit.
434 608 497 650 M.
522 607 642 649 Fabii
673 607 887 657 Ambusti,
918 607 1104 663 potentis
1133 606 1224 657 viri,
1254 623 1387 663 quum
1419 607 1532 650 inter
1543 620 1717 652 Fabiarum

128 667 194 708 sui
223 666 408 723 corporis
438 666 643 715 homines,
670 674 761 706 tum
793 665 921 706 etiam
954 664 1007 705 ad
1038 663 1220 720 plebem,
1249 665 1366 721 quod
1396 664 1530 707 haud·
1542 673 1696 710 sororum.

159 739 342 781 uaquam
370 724 482 765 inter
508 723 552 764 id
576 738 710 779 genus
737 730 1003 778 contemptor
1031 722 1120 763 eius
1150 721 1394 772 habebatur,
1418 723 1528 765 filiae
1542 708 1729 737 aemulam.

127 739 236 824 duae
259 789 429 838 nuptae,
454 780 541 822 Ser.
564 780 750 836 Sulpicio
775 779 919 829 maior,
942 779 1080 821 minor
1103 778 1154 820 C.
1174 779 1341 820 Licinio
1365 779 1528 822 Stoloni

127 848 230 889 erat,
270 838 422 880 illustri
468 838 643 895 quidem
684 837 786 886 viro,
829 845 971 878 tamen
1013 836 1205 893 plebeio:
1259 852 1393 892 eaque
1438 838 1529 894 ipsa

128 897 307 938 affinitas
337 896 453 938 haud
480 904 620 952 spreta
646 895 822 952 gratiam
845 893 974 935 Fabio
1003 894 1057 935 ad
1081 893 1254 950 vulgum
1277 895 1524 950 quaesierat.

129 953 255 996 Forte
281 954 340 995 ita
363 953 526 1002 incidit,
549 961 609 1003 ut,
632 953 674 993 in
701 951 787 994 Ser.
809 950 985 1008 Sulpicii
1011 951 1170 993 tribuni
1196 951 1378 993 militurn
1400 952 1527 994 domo

128 1026 290 1053 sorores
318 1010 470 1052 Fabiae
499 1025 631 1066 quum
662 1010 773 1050 inter
804 1024 861 1058 se,
896 1017 943 1050 ut
975 1009 1036 1059 fit,
1066 1010 1328 1051 sermonibus
1361 1019 1528 1066 tempus

129 1077 328 1118 tererent,
361 1068 482 1109 lictor
518 1066 706 1123 Sulpicii,
741 1081 873 1123 quum
906 1066 940 1107 is
973 1066 1026 1108 de
1059 1066 1149 1108 foro
1182 1082 1224 1108 se
1256 1066 1430 1108 domum
1462 1082 1527 1109 re—

128 1126 300 1183 ciperet,
323 1125 469 1174 forem,
492 1134 539 1166 ut
560 1139 648 1166 mos
670 1133 745 1173 est,
767 1124 884 1180 virga
904 1132 1156 1180 percuteret.
1223 1123 1369 1172 Quum
1391 1124 1446 1165 ad
1470 1124 1526 1175 id,

97 1196 116 1227 s
129 1183 254 1224 moris
275 1183 365 1224 eius
386 1183 563 1231 insueta,
586 1181 823 1238 expavisset
843 1181 980 1222 minor
1000 1180 1139 1230 Fabia,
1162 1181 1263 1223 risui
1284 1182 1413 1223 sorori
1435 1181 1527 1232 fuit,

128 1240 297 1282 miranti
330 1241 522 1296 ignorare
557 1239 600 1280 id
633 1253 829 1280 sororem.
894 1238 1098 1279 Ceterum
1132 1239 1166 1279 is
1201 1239 1307 1280 risus
1338 1239 1529 1281 stimulos

127 1298 265 1354 parvis
298 1297 441 1338 mobili
475 1298 599 1338 rebus
632 1296 773 1337 animo
805 1295 1000 1336 muliebri
1033 1295 1246 1337 subdidit:
1289 1296 1529 1352 frequentia

127 1370 299 1411 quoque
333 1354 679 1411 prosequentium
709 1353 1047 1409 rogantiumque,
1087 1353 1321 1409 ‘numquid
1352 1353 1528 1395 vellet?'

126 1412 253 1454 credo
286 1412 544 1453 fortunatum
577 1411 891 1452 matrimonium
925 1410 964 1451 ei
997 1410 1146 1451 sororis
1179 1410 1340 1459 visum3
1375 1411 1525 1466 suique

95 1470 260 1527 6ipsam
282 1469 391 1511 malo
408 1470 592 1518 arbitrio,
609 1484 693 1524 quo
715 1483 740 1509 a
760 1467 962 1523 proximis
979 1467 1157 1523 quisque
1180 1467 1353 1508 minime
1375 1468 1526 1509 anteiri

126 1527 230 1578 vult,
252 1527 519 1584 poenituisse.
585 1525 817 1568 Confusam
845 1539 938 1565 eam
964 1539 1017 1565 ex
1047 1524 1205 1565 recenti
1230 1539 1371 1565 morsu
1396 1525 1526 1566 animi

128 1600 261 1642 quum
294 1594 414 1641 pater
448 1584 553 1625 forte
589 1583 772 1632 vidisset,
805 1590 1114 1638 percunctatus,
1158 1581 1306 1622 ‘satin'
1341 1582 1526 1623 salvae?'

97 1659 115 1690 7
128 1651 386 1684 avertentem
407 1656 575 1683 causam
597 1639 752 1681 doloris
772 1639 951 1695 (quippe
973 1653 1052 1679 nec
1077 1638 1175 1680 satis
1196 1639 1308 1695 piam
1330 1639 1528 1681 adversus

125 1714 324 1749 sororem,
367 1714 445 1741 uec
496 1697 724 1739 admodum
776 1697 820 1737 in
866 1696 1001 1737 virum
1047 1695 1343 1752 honorificam)
1383 1696 1528 1739 elicuit

125 1757 302 1799 comiter
331 1755 596 1806 sciscitando,
619 1764 666 1796 ut
689 1754 903 1804 fateretur,
926 1769 1019 1795 eam
1047 1769 1136 1795 esse
1164 1769 1331 1796 causam
1357 1753 1526 1804 doloris,

125 1814 242 1872 quod
262 1815 406 1856 iuncta
430 1814 581 1870 impari
602 1821 722 1862 esset,
744 1821 879 1868 nupta
904 1812 949 1852 in
971 1811 1110 1862 domo,
1134 1826 1262 1868 quam
1289 1827 1368 1853 nec
1394 1812 1528 1853 honos

125 1887 204 1914 nec
224 1873 359 1929 gratia
378 1872 532 1913 intrare
554 1879 705 1927 posset.
762 1868 998 1911 consolans
1019 1869 1118 1910 inde
1141 1868 1268 1910 filiam
1293 1869 1528 1911 Ambustus

124 1929 284 1972 bonum
320 1930 508 1971 animum
546 1929 699 1970 habere
736 1927 881 1968 iussit:
927 1925 1098 1968 eosdem
1131 1926 1377 1983 propediem
1411 1926 1526 1968 domi

124 1987 306 2029 visuram
327 1987 520 2036 honores,
543 2000 650 2041 quos
670 1984 785 2040 apud
805 1998 989 2025 sororem
1010 1983 1161 2025 videat.
1225 1983 1331 2025 Inde
1353 1984 1528 2025 consilia

124 2044 233 2086 inire
263 2059 360 2086 cum
391 2058 548 2099 genero
576 2042 729 2097 coepit,
751 2040 941 2081 adhibito
970 2040 1019 2080 L.
1047 2039 1204 2089 Sextio,
1227 2049 1400 2082 strenuo
1424 2041 1525 2082 ado-

126 2101 324 2151 lescente,
342 2110 385 2142 et
401 2101 521 2141 cuius
540 2099 630 2155 spei
652 2097 758 2139 nihil
775 2106 940 2153 praeter
955 2111 1090 2152 genus
1106 2097 1328 2153 patricium
1345 2097 1521 2139 deesset.

128 2157 306 2201 Occasio
341 2157 561 2198 videbatur
596 2170 736 2196 rerum
772 2153 1061 2195 novandarum
1116 2163 1272 2210 )ropter
1308 2154 1523 2210 ingentem

126 2216 211 2258 vim
239 2215 345 2257 aeris
377 2214 530 2262 alieni;
564 2213 683 2254 cuius
715 2211 907 2253 levamen
938 2210 1037 2252 mali
1071 2169 1228 2267 plebes,
1257 2211 1335 2251 nisi
1364 2211 1449 2252 suis
1480 2212 1522 2252 in

125 2288 290 2315 summo
323 2272 498 2328 imperio
535 2270 692 2318 locatis,
726 2268 890 2310 nullum
926 2277 1123 2325 speraret.
1199 2268 1523 2324 Accingendum

125 2331 180 2373 ad
227 2345 319 2374 eam
365 2329 663 2386 cogitationem
709 2342 809 2369 esse.

170 2517 187 2546 5
214 2508 317 2537 Mori»
332 2508 401 2537 eius
419 2506 562 2542 insueta]
596 2504 668 2533 Hm·
689 2512 799 2542 purum

129 2549 305 2589 probabile,
315 2549 390 2588 quin
405 2553 495 2587 puter
504 2547 572 2577 eim«
582 2550 696 2584 ‹mm-tn
706 2550 800 2574 ειιιίιέι

126 2602 212 2622 anno
242 2591 309 2630 ipsc
339 2591 485 2620 tribunus
518 2589 655 2619 militum
688 2588 800 2617 sut-rat.

130 2634 227 2665 Hanc
264 2633 475 2663 nnrmtioncm
508 2632 648 2661 sabulum
681 2630 798 2659 unilvm

127 2687 195 2706 cmc
215 2675 348 2705 Nicbhr.
366 2674 408 2705 iii.
427 2685 456 2704 n.
476 2683 502 2703 2.
523 2678 643 2707 censet,
666 2672 694 2702 ἰιΙ
716 2672 799 2710 qum!

133 2717 297 2748 Perizonio
313 2722 345 2746 et
365 2716 550 2746 Iit-anfioni«,
573 2714 705 2753 placuit,
723 2713 800 2743 nihil

127 2761 213 2791 enim
239 2759 268 2789 in
292 2769 380 2789 mom
399 2762 478 2793 vnn,
494 2768 557 2796 quo
575 2756 680 2786 minua
696 2757 733 2787 C.
755 2755 803 2785 Li-

127 2802 231 2833 einim·
257 2803 348 2833 Stolo
377 2801 524 2830 tribunum
551 2799 690 2828 militum
719 2808 804 2827 cons.

129 2849 193 2885 pot.
217 2849 389 2877 crearetur,
413 2848 448 2872 ut
475 2843 566 2872 cuiun
592 2840 726 2877 gentile·
750 2839 801 2869 tri-

128 2888 203 2918 buni
222 2887 361 2918 militum
376 2894 532 2923 nnn.355.
549 2883 802 2928 35³⁴.377.'1‘.('.

128 2930 273 2965 fuissent,
288 2935 386 2967 utque
414 2930 455 2957 itu
480 2929 579 2957 lunum
603 2932 632 2955 vt
656 2926 753 2960 lgrxssin
772 2935 801 2953 ιιι

186 2984 283 3012 VOL.
310 2985 334 3011 1.

890 2325 1100 2368 Conando
1145 2325 1394 2383 agendoque
1441 2326 1521 2369 iam

847 2503 977 2530 «luxuum
997 2499 1389 2530 minori„1·‘.=¹›i..‹›i1.tr.2rt·
1407 2506 1520 2539 pamel.

890 2543 909 2572 6
936 2545 1026 2573 Malo
1049 2544 1200 2580 nrba‘lrivl
1242 2543 1301 2572 l‘vr
1326 2542 1414 2571 illam
1443 2542 1520 2573 iudi-

847 2586 939 2615 caudi
957 2591 989 2615 et
1005 2586 1161 2615 semia-mli
1183 2595 1252 2623 prm
1263 2591 1385 2619 nutem,
1401 2596 1463 2623 qun
1475 2609 1482 2615 .
1495 2610 1500 2616 .
1514 2609 1521 2615 .

893 2637 907 2666 7
926 2630 1129 2657 Armua-nemu
1147 2638 1275 2656 ‘'nu-mm
1293 2628 1425 2664 doloris!
1446 2628 1522 2658 er.

848 2675 968 2700 tenu-111
985 2670 1050 2698 nli«.
1065 2681 1101 2698 m·
1119 2669 1373 2698 ‹it-ainnmhuumn
1392 2681 1520 2699 (ἐιιιιαυιι

848 2712 977 2746 doloris,
993 2713 1100 2741 vlu-uit
1120 2717 1152 2740 ut
1162 2713 1340 2748 fateretur,
1358 2711 1374 2741 i.
1392 2723 1419 2742 c.
1437 2723 1520 2742 cum-

852 2755 934 2793 pulit
951 2754 1050 2785 sant-ri.
1097 2753 1149 2783 sic
1166 2755 1279 2783 (neem
1296 2754 1336 2783 dt-
1353 2756 1407 2784 Or.
1425 2754 1454 2785 ii.
1477 2764 1522 2793 13.

854 2799 899 2827 'l'u
916 2807 1007 2836 quem
1024 2808 1080 2835 eyn
1096 2819 1102 2826 .
1115 2819 1121 2826 .
1135 2819 1141 2825 .
1161 2808 1178 2825 n
1185 2807 1325 2836 unquam
1342 2797 1455 2829 elicere
1468 2808 1522 2836 po·

849 2841 895 2868 lui
912 2840 955 2868 ml
969 2839 1210 2877 disputandum.
1257 2838 1298 2868 Et
1317 2844 1423 2869 noster
1438 2849 1522 2879 supr.

851 2891 898 2918 51.
949 2882 990 2910 (Ὗ
1006 2881 1122 2911 hostem
1142 2881 1268 2911 rliecrre
1289 2882 1331 2910 m!
1352 2887 1522 2912 certunm-n.

849 2927 953 2953 (Ὶιπκ.

1225 2980 1248 3005 C
1269 2982 1291 3006 C
