1934 3211
247 772 313 810 33.

180 894 311 926 Bellum

180 947 253 985 cum
270 937 356 969 Lati-

178 990 237 1012 ms,

179 1187 360 1218 Aventinus

180 1239 272 1261 mons
288 1230 375 1261 addi-

178 1276 241 1305 tus.

184 1992 367 2025 Ianiculum

391 166 447 203 40
904 156 1050 205 TITI
1087 164 1265 205 LIVII

394 260 405 278 ‘
422 254 652 302 Quiritium
678 256 879 306 fecerunt,
905 256 1184 312 deliquerunt,
1214 255 1327 311 quod
1353 255 1532 321 populus
1554 256 1800 301 Romanuss

395 318 406 336 ‘
423 312 652 360 Quiritium
671 313 828 355 bellum
849 329 943 355 cum
963 314 1106 370 priscis
1127 313 1290 354 Latinis
1316 314 1434 354 iussit
1460 328 1561 364 esse,
1583 322 1770 355 senatus-

395 375 500 425 ‘que
521 371 665 426 populi
687 371 867 412 Romani
887 371 1117 420 Quiritium
1132 371 1304 421 censuit,
1323 371 1542 420 consensit,
1557 371 1768 421 conscivit,

395 433 465 468 ‘ut
494 427 649 469 bellum
680 444 776 470 cum
807 429 950 485 priscis
985 429 1146 470 Latinis
1176 429 1318 477 fieret3
1357 429 1409 469 ob
1445 444 1537 469 eam
1571 444 1660 469 rem
1692 443 1770 485 ego

394 491 407 509 ‘
418 485 681 542 populusque
703 486 916 527 Romanus
937 486 1100 543 populis
1119 487 1347 542 priscorum
1370 486 1615 527 Latinorum
1635 486 1772 527 homi-

395 543 624 598 ‘nibusque
653 544 796 600 priscis
818 544 978 585 Latinis
1007 544 1162 585 bellum
1183 544 1323 584 indico
1352 543 1567 598 facioque.'
1626 543 1678 584 Id
1697 543 1770 584 ubi

393 600 576 650 dixisset,
598 601 757 642 hastam
777 602 822 642 in
842 602 946 642 fines
967 617 1110 643 eorum
1131 601 1358 642 emittebat.
1420 600 1515 642 Hoc
1537 609 1626 641 tum
1646 601 1771 642 modo

394 658 444 699 ab
476 658 638 699 Latinis
665 659 862 715 repetitae
894 674 971 709 res,
1003 674 1050 700 ac
1079 658 1235 700 bellum
1265 658 1495 699 indictum:
1529 673 1770 714 moremque

394 731 491 756 eum
511 716 664 772 posteri
685 725 945 772 acceperunt.

451 774 608 824 Ancus,
659 773 908 815 demandata
956 789 1054 815 cura
1101 789 1308 815 sacrorum
1356 773 1592 814 flaminibus
1640 787 1773 814 sacer-

395 831 643 886 dotibusque
679 830 780 881 aliis,
813 832 1000 872 exercitu
1032 847 1141 873 novo
1171 831 1403 887 conscripto
1437 831 1657 887 profectus,
1690 830 1774 871 Po-

393 888 590 938 litorium,
624 889 769 929 urbem
802 888 1061 954 Latinorum,
1090 890 1131 930 vi
1162 890 1298 945 cepit3
1333 898 1581 944 secutusque
1614 903 1774 929 morem

394 960 539 1010 regum
565 945 764 1001 priorum,
796 947 867 1002 qui
895 962 983 987 rem
1014 946 1249 988 Romanam
1279 954 1480 988 auxerant
1514 946 1700 987 hostibus
1728 945 1775 986 in

395 1003 603 1044 civitatem
640 1003 902 1059 accipiendis,
935 1004 1246 1045 multitudinem
1282 1019 1448 1045 omnem
1482 1003 1662 1044 Romam
1692 1012 1774 1044 tra-

395 1060 526 1101 duxit.
590 1060 658 1110 Et,
681 1076 811 1116 quum
832 1061 940 1102 circa
959 1061 1179 1111 Palatium,
1208 1061 1350 1102 sedem
1377 1070 1565 1103 veterum
1587 1061 1775 1102 Roman-

395 1132 526 1167 orum,
562 1093 705 1159 Sabini
738 1117 993 1173 Capitolium
1025 1127 1148 1173 atque
1180 1133 1328 1168 arcem,
1363 1117 1555 1159 Coelium
1588 1127 1775 1159 montem

396 1175 553 1216 Albani
579 1174 841 1231 implessent3
877 1175 1136 1216 Aventinum
1165 1191 1297 1216 novae
1328 1175 1587 1216 multitudini
1616 1176 1771 1216 datum.
1786 1192 1807 1220 4

396 1232 547 1274 Additi
583 1233 731 1273 eodem
766 1232 879 1273 haud
918 1233 976 1274 ita
1011 1232 1141 1273 multo
1175 1244 1281 1289 post,
1318 1232 1504 1274 Tellenis
1538 1232 1774 1289 Ficanaque

396 1290 538 1346 captis,
560 1290 657 1331 novi
678 1290 797 1331 cives.
860 1290 1108 1331 Politorium
1131 1290 1228 1331 inde
1250 1305 1388 1331 rursus
1408 1290 1517 1332 bello
1537 1291 1775 1346 repetitum,

396 1347 510 1403 quod
525 1363 702 1388 vacuum
719 1357 1022 1403 occupaverant
1040 1348 1164 1404 prisci
1185 1348 1349 1389 Latini:
1373 1363 1504 1404 eaque
1526 1363 1649 1389 causa
1663 1347 1778 1389 diru-

397 1405 529 1446 endae
551 1405 663 1446 urbis
684 1405 771 1446 eius
791 1405 869 1446 fuit
891 1405 1103 1455 Romanis,
1126 1421 1178 1446 ne
1206 1406 1387 1447 hostium
1408 1420 1572 1462 semper
1591 1414 1778 1462 recepta-

397 1462 537 1504 culum
578 1471 694 1503 esset.
757 1462 986 1512 Postremo,
1028 1463 1141 1504 omni
1180 1463 1292 1505 bello
1333 1463 1486 1504 Latino
1527 1463 1778 1504 Medulliam

397 1519 622 1575 compulso,
664 1520 920 1575 aliquamdiu
958 1520 1016 1561 ibi
1057 1519 1194 1561 Marte
1231 1521 1402 1570 incerto,
1443 1520 1556 1561 varia
1593 1521 1776 1570 victoria,

397 1586 629 1634 pugnatum
650 1586 733 1618 est:
759 1593 856 1618 nam
878 1586 920 1618 et
939 1579 1036 1619 uibs
1053 1587 1142 1619 tuta
1158 1578 1470 1627 munitionibus,
1484 1578 1777 1642 praesidioque

397 1635 559 1676 firmata
587 1635 724 1676 valido
753 1643 851 1685 erat,
873 1644 927 1685 et,
959 1635 1101 1677 castris
1127 1636 1171 1676 in
1202 1644 1343 1691 aperto
1372 1635 1528 1700 positis,
1560 1635 1779 1691 aliquoties

399 1693 606 1734 exercitus
627 1693 802 1734 Latinus
830 1693 1018 1734 cominus
1045 1708 1140 1734 cum
1163 1693 1364 1734 Romanis
1391 1693 1508 1748 signa
1534 1693 1776 1734 contulerat.

400 1750 471 1791 Ad
492 1750 698 1800 ultimum,
727 1751 919 1792 omnibus
946 1751 1074 1807 copiis
1095 1751 1300 1800 connisus,
1323 1750 1469 1791 Ancus
1490 1750 1576 1791 acie
1597 1750 1779 1806 primum

398 1808 548 1849 vincit:
591 1808 702 1857 inde,
739 1808 899 1864 ingenti
934 1808 1088 1864 praeda
1118 1808 1286 1864 potitus,
1321 1808 1500 1849 Romam
1530 1807 1651 1857 redit,
1688 1816 1779 1849 tum

399 1880 567 1921 quoque
600 1865 740 1906 multis
770 1865 950 1907 millibus
983 1865 1229 1906 Latinorum
1259 1866 1300 1906 in
1333 1865 1542 1906 civitatem
1573 1866 1775 1922 acceptis3
1791 1883 1809 1914 5

400 1923 562 1978 quibus,
604 1931 651 1963 ut
695 1923 938 1979 iungeretur
977 1923 1137 1964 Palatio
1178 1923 1452 1972 Aventinum,
1494 1922 1547 1964 ad
1587 1922 1810 1964 Murciae6

399 1980 519 2021 datae
555 1980 683 2021 sedes.
760 1980 993 2021 Ianiculum
1029 1996 1195 2036 quoque
1232 1980 1467 2029 adiectum3
1514 1995 1598 2021 non
1639 1980 1811 2036 inopia?

444 2120 461 2149 3
489 2112 636 2150 Populus
672 2112 836 2141 Romanus
875 2112 1066 2148 Quiritium]

400 2163 442 2183 sc.
456 2154 600 2192 Populus
613 2154 780 2184 Romanus
790 2158 821 2183 et
833 2154 978 2193 Populus
989 2153 1068 2189 Qui-

400 2195 516 2226 ritium.
542 2196 580 2226 cf.
600 2195 733 2227 Niebhr.
753 2196 772 2226 i.
790 2207 820 2236 p.
839 2197 908 2227 288.
931 2200 963 2226 et
986 2196 1069 2226 Bris-

400 2248 466 2268 son.
478 2239 518 2268 de
532 2239 672 2268 Formul.
684 2238 703 2269 i.
712 2249 742 2278 p.
753 2238 802 2269 61.
817 2238 1068 2277 quiparticulam

401 2281 635 2311 coniunctivam
651 2285 681 2311 et
695 2280 727 2310 in
748 2291 839 2311 usum
863 2291 931 2312 sero
948 2281 1069 2311 venisse

401 2322 518 2353 scribit.
532 2324 569 2353 cf.
583 2333 667 2362 supr.
686 2333 712 2362 3.
744 2325 929 2360 Quiritium,
945 2323 964 2354 i.
976 2334 1002 2353 e.
1017 2324 1070 2353 Sa-

1114 2111 1215 2150 plebs,
1233 2110 1315 2141 Anci
1333 2111 1453 2141 scilicet
1465 2111 1615 2150 populus,
1627 2109 1780 2151 originem

1113 2153 1234 2184 habuit.
1260 2154 1393 2184 Niebhr.
1411 2153 1429 2184 i.
1448 2164 1479 2193 p.
1498 2163 1567 2193 349.
1595 2153 1682 2184 “Sis
1703 2163 1780 2193 quo—

1114 2206 1251 2235 cumque
1280 2196 1336 2226 tibi
1367 2197 1474 2236 placet
1497 2196 1615 2226 Sancta
1639 2196 1781 2234 nomine,

1112 2240 1302 2279 Romulique
1314 2241 1472 2279 Anczque,
1488 2241 1523 2268 ut
1538 2238 1632 2268 solita
1644 2249 1687 2276 es,
1697 2239 1781 2269 bona

1112 2281 1245 2320 sospites
1267 2291 1328 2320 ope
1347 2282 1509 2321 gentem.”
1535 2281 1655 2312 Catuli.
1671 2281 1780 2312 xxxiv.

1115 2323 1153 2353 cf.
1173 2323 1259 2363 Virg.
1277 2324 1357 2354 Aen.
1375 2323 1414 2353 vi.
1428 2322 1498 2354 816.
1520 2323 1604 2354 Enn.
1626 2323 1668 2354 iii.
1685 2333 1716 2363 p.
1730 2332 1780 2363 53.

402 2365 559 2403 binorum,
586 2366 640 2405 qui
667 2375 739 2396 cum
770 2366 885 2396 “faece
911 2366 1071 2396 Romuli”

403 2408 596 2438 coaluerant.

445 2463 465 2489 4
488 2452 702 2488 Aventinum]
732 2452 752 2466 ‘⁶
767 2449 832 2486 Qui
850 2461 922 2480 cum
939 2450 1071 2481 Latinos

403 2494 489 2523 bello
512 2493 689 2529 devicisset,
712 2493 845 2523 adscivit
868 2503 921 2523 eos
943 2493 975 2523 in
997 2492 1071 2523 civi-

403 2540 515 2573 tatem,
527 2540 622 2575 atque
637 2535 722 2565 idem
736 2535 931 2566 Aventinum
948 2540 979 2566 et
991 2536 1070 2566 Coe—

406 2578 484 2608 lium
497 2583 639 2608 montem
656 2578 802 2608 adiunxit
817 2578 921 2609 urbi.''
945 2578 1014 2609 Cic.
1031 2578 1071 2608 (10

406 2621 489 2660 Rep.
505 2621 589 2652 ii.18.
611 2621 829 2651 “Aventinum
846 2625 877 2651 et
890 2620 1072 2651 Ianiculum

406 2663 473 2692 urbi
489 2663 622 2701 addidit,
638 2674 720 2693 nova
739 2663 866 2693 moenia
881 2662 999 2702 oppido
1016 2663 1072 2693 cir-

406 2706 603 2736 cumdedit.”
626 2706 702 2737 Aur.
720 2706 806 2736 Vict.
828 2707 867 2736 de
884 2705 951 2736 Vir.
970 2705 1022 2736 Ill.
1044 2714 1071 2745 5.

406 2747 584 2777 Aventinus
603 2752 711 2778 tamen
733 2759 825 2778 mons
840 2752 929 2778 extra
945 2758 1072 2787 pomoe-

407 2788 488 2818 rium
496 2790 668 2826 mansit,A.
677 2790 835 2821 Ge11.'xiii.
848 2801 892 2829 14.
906 2791 1072 2822 Waehsm.

410 2841 440 2869 p.
462 2830 527 2869 163.
551 2841 650 2870 usque
665 2834 705 2863 ad
722 2833 849 2864 Claudii
868 2833 1074 2873 Imperatoris

409 2877 556 2903 aetatem.

453 2923 469 2954 5
486 2916 602 2945 Multis
614 2917 750 2946 millibus
762 2919 966 2955 Latinorum]
986 2918 1073 2948 Hinc

1116 2366 1242 2396 Lucret.
1258 2365 1409 2405 111.1038.

1156 2407 1175 2438 6
1197 2409 1252 2438 Ad
1265 2409 1433 2446 Murciae]
1465 2407 1560 2439 Circa
1581 2408 1693 2438 aedem
1720 2408 1781 2439 Ve-

1114 2450 1196 2480 neris
1209 2450 1361 2481 Murciae.
1391 2452 1526 2481 Murcia
1535 2450 1624 2489 quasi
1635 2452 1679 2480 M
1679 2455 1780 2482 urtea.

1114 2494 1156 2522 M
1158 2498 1248 2523 urtea
1263 2497 1371 2523 autem
1388 2493 1489 2532 primo
1505 2493 1591 2523 dicta
1604 2493 1718 2531 fuerat,
1731 2494 1781 2524 vel

1115 2535 1190 2574 quia
1212 2539 1333 2575 myrtus
1350 2535 1468 2565 Veneri
1483 2545 1582 2572 sacra,
1599 2536 1648 2566 vel
1664 2546 1684 2566 a
1698 2546 1781 2576 myr-

1114 2581 1181 2607 teto
1197 2588 1296 2617 prope
1313 2578 1396 2608 hanc
1412 2578 1523 2608 aedem
1541 2578 1671 2609 consito.
1715 2579 1782 2609 Alii

1115 2621 1278 2651 ,Murciam
1293 2620 1431 2650 desidiae
1443 2621 1535 2650 deam
1551 2620 1648 2651 fuisse
1660 2621 1782 2659 volunt,

1116 2673 1197 2702 quae
1220 2662 1364 2693 homines
1386 2664 1552 2700 mua-eidos,
1567 2663 1632 2694 sive
1653 2663 1783 2703 ignavos

1115 2706 1241 2736 faceret.
1266 2706 1370 2737 CnEv.
1387 2706 1425 2737 cf.
1444 2705 1528 2736 Plin.
1546 2706 1590 2736 H.
1603 2706 1646 2737 N.
1663 2716 1714 2737 xv.
1731 2715 1781 2746 29.

1118 2748 1204 2778 Plut.
1223 2748 1287 2783 Qu.
1306 2748 1400 2779 Rom.
1417 2747 1447 2779 ii.
1465 2759 1495 2787 p.
1513 2747 1582 2779 268.

1162 2798 1177 2829 7
1200 2792 1400 2828 Ianiculum]
1438 2790 1489 2821 Sic
1516 2790 1648 2828 dictum,
1673 2790 1738 2821 sive
1763 2800 1782 2820 a

1118 2833 1210 2868 Iano,
1226 2832 1279 2872 qui
1295 2833 1338 2863 ibi
1354 2834 1403 2863 vel
1427 2833 1466 2863 sit
1488 2834 1642 2872 sepultus,
1658 2833 1707 2862 vel
1726 2832 1780 2862 ha-

1117 2875 1261 2906 bitaverit
1275 2888 1282 2912 ;
1312 2875 1387 2913 sive,
1410 2879 1539 2906 auctore
1565 2876 1671 2912 Festo,
1696 2875 1781 2913 quod

1117 2928 1174 2959 per
1189 2922 1437 2957 eum,tanquam
1454 2928 1510 2957 per
1523 2919 1666 2954 ianuam,
1682 2927 1780 2956 popu—
