1934 3211
566 154 695 196 LIB.
729 154 809 196 IX.
852 154 994 197 CAP.
1028 158 1096 199 37.
1451 162 1532 200 541

131 246 274 297 fessus,
306 246 507 301 brevique
543 245 686 286 omnia
715 254 831 287 certa
862 245 1098 287 allaturum.
1164 245 1300 288 Caere
1333 248 1538 291 educatus
1552 263 1597 296 U.
1614 262 1653 294 c,
1670 273 1744 302 444·

131 303 245 361 apud
265 302 464 359 hospites,
489 301 678 344 Etruscis
706 302 806 344 inde
834 302 967 344 literis
992 303 1183 345 eruditus
1204 312 1306 354 erat,
1328 305 1538 361 linguam·
1551 307 1592 338 A·
1615 306 1654 338 C.
1672 306 1745 346 308·

103 372 214 417 7que
237 359 459 401 Etruscam
480 360 610 416 probe
632 369 820 402 noverat.
883 360 1036 402 Habeo
1063 369 1268 411 auctores,
1291 361 1418 419 vulgo
1448 372 1540 405 tum

132 418 349 460 Romanos
380 432 547 474 pueros,
581 418 690 460 sicut
722 433 838 460 nunc
874 417 1062 468 Graecis,
1094 418 1154 459 ita
1185 417 1374 461 Etruscis
1406 419 1538 462 literis

131 474 288 517 erudiri
316 474 470 517 solitos.
536 475 621 517 Sed
648 476 821 532 propius
848 485 911 517 est
935 491 1047 526 vero,
1073 476 1350 533 praecipuum
1378 477 1542 533 aliquid

129 532 257 574 fuisse
279 532 325 573 in
345 547 409 582 eo,
433 532 506 589 qui
528 548 571 574 se
593 542 680 574 tam
702 533 851 574 audaci
876 533 1144 575 simulatione
1170 533 1360 575 hostibus
1382 534 1542 575 immis-

131 589 277 632 cuerit.
344 589 497 632 Servus
525 591 564 632 ei
590 591 746 632 dicitur
771 606 912 633 comes
940 607 1050 633 unus
1070 592 1210 641 fuisse,
1233 592 1416 633 nutritus
1442 607 1540 641 una,

131 662 268 704 eoque
293 646 409 688 haud
434 648 604 705 ignarus
628 648 798 705 linguae
821 649 1037 690 eiusdem:
1071 664 1151 690 nee
1173 649 1401 705 quiequam
1427 649 1544 691 aliud

131 704 458 762 proficiscentes,
477 721 604 762 quam
621 706 862 748 summatim
880 707 1075 763 regionis,
1094 722 1203 763 quae
1225 706 1424 748 intranda
1439 715 1542 757 erat,

131 770 326 804 naturam
348 778 395 804 ac
417 764 590 805 nomina
610 764 852 820 principum
874 764 918 805 in
939 764 1107 820 populis
1130 779 1354 820 accepere3
1387 780 1441 806 ne
1460 780 1545 820 qua

131 819 243 861 inter
262 820 473 876 colloquia
493 821 649 877 insigni
669 830 770 863 nota
790 821 1045 863 haesitantes
1066 821 1329 878 deprehendi
1357 831 1541 878 possent.

132 876 227 919 Iere
263 878 461 934 pastorali
497 878 657 928 habitu,
696 879 928 935 agrestibus
965 878 1071 928 telis,
1105 879 1281 920 falcibus
1321 880 1542 936 gaesisque

130 935 243 977 binis
271 936 430 977 armati.
497 935 583 977 Sed
610 951 750 992 neque
780 936 1081 977 commercium
1110 936 1294 986 linoruae,
1317 952 1396 978 nec
1418 938 1544 979 vestis

132 1007 395 1034 armorumve
417 993 585 1035 habitus
610 994 668 1034 sic
695 1008 765 1035 eos
787 994 907 1042 texit,
931 1009 1059 1049 quam
1081 971 1199 1050 quod
1219 994 1470 1036 abhorrebat
1491 995 1543 1036 ab

132 1049 232 1100 fide,
273 1066 532 1106 quemquam
574 1060 800 1092 externum
845 1050 1054 1092 Ciminios
1099 1051 1227 1093 saltus
1273 1052 1542 1094 intraturum.

135 1107 284 1164 Usque
307 1108 361 1150 ad
385 1107 606 1149 Camertes
629 1108 814 1150 Umbros
836 1117 1075 1164 penetrasse
1098 1109 1310 1150 dicuntur.
1365 1108 1444 1159 Ibi,
1470 1110 1545 1166 qui

133 1173 286 1215 essent,
308 1165 429 1207 fateri
457 1165 700 1207 Romanum
732 1181 907 1208 ausum:
942 1166 1316 1223 introductumque
1349 1167 1393 1207 in
1423 1182 1545 1209 sena-

135 1231 226 1264 tum
253 1223 439 1265 consulis
460 1224 597 1265 verbis
626 1224 758 1280 egisse
785 1224 838 1265 de
861 1224 1060 1265 socictate
1083 1224 1379 1280 amicitiaque:
1415 1233 1543 1281 atque

101 1280 234 1322 Sinde
268 1281 379 1322 comi
412 1281 595 1337 hospitio
631 1292 866 1338 acceptum,
901 1282 1096 1323 nuntiare
1133 1281 1338 1323 Romanis
1371 1282 1542 1332 iussum,

133 1347 416 1380 commeatum
449 1339 653 1380 exercitui
686 1339 852 1381 dierum
888 1339 1061 1395 triginta
1093 1348 1258 1396 praesto
1290 1340 1393 1389 fore,
1427 1340 1461 1380 si
1495 1355 1545 1381 ea

134 1395 227 1437 loca
259 1396 480 1446 intrasset3
519 1397 870 1453 iuventutemque
907 1396 1171 1438 Camertium
1207 1397 1465 1438 Umbrorum
1499 1397 1543 1438 in

134 1453 260 1495 armis
280 1463 466 1510 paratam
489 1454 667 1510 imperio
689 1454 885 1496 futuram.
931 1454 1052 1496 Haec
1074 1470 1207 1511 quum
1228 1455 1360 1496 relata
1380 1455 1543 1495 consuli

134 1520 286 1556 essent.
324 1511 640 1568 impedimentis
675 1513 811 1569 prima
844 1512 986 1568 vigilia
1022 1513 1271 1568 praemissis,
1306 1512 1544 1568 legionibus

165 1578 230 1610 ost
251 1569 555 1626 impedimenta
576 1570 636 1611 ire
659 1570 791 1620 iussis,
811 1570 898 1626 ipse
921 1570 1107 1611 substitit
1127 1585 1224 1610 cum
1246 1570 1461 1625 equitatu:
1486 1579 1544 1620 et,

134 1584 228 1668 ihce
251 1636 354 1676 orta,
378 1637 545 1683 postero
566 1627 636 1668 die
659 1627 920 1683 obequitavit
941 1627 1192 1668 stationibus
1213 1627 1411 1677 hostium,
1435 1643 1544 1683 quae

134 1693 255 1726 extra
271 1684 423 1725 saltum
445 1684 671 1741 dispositae
697 1693 842 1726 erant:
877 1693 931 1735 et,
955 1699 1088 1741 quum
1117 1685 1215 1726 satis
1236 1685 1311 1726 diu
1340 1685 1545 1726 tenuisset

134 1741 312 1792 hostem,
346 1742 391 1783 in
425 1751 559 1784 eastra
591 1758 680 1784 sese
714 1743 901 1799 recepit3
936 1751 1143 1799 portaque
1177 1742 1308 1784 altera
1341 1758 1542 1799 egressus,

134 1808 233 1841 ante
261 1809 432 1841 noctem
460 1815 613 1856 agmen
641 1801 888 1857 assequitur.
952 1800 1128 1842 Postero
1156 1801 1240 1850 die,
1268 1800 1360 1842 luce
1392 1801 1542 1857 prima,

135 1857 235 1914 iuga
257 1856 434 1899 Ciminii
456 1859 611 1900 montis
632 1859 815 1900 tenebat.
870 1857 990 1907 Inde,
1013 1858 1323 1915 contemplatus
1344 1858 1546 1914 opulenta

137 1914 331 1957 Etruriae
354 1930 464 1966 arva,
486 1915 640 1957 milites
665 1916 832 1957 emittit.
897 1915 1065 1970 Ingenti
1094 1916 1177 1956 iam
1203 1916 1349 1957 abacta
1373 1915 1542 1971 praeda,

136 1972 435 2014 tumultuariae
477 1973 704 2038 agrestium
743 1972 1016 2014 Etruscorum
1057 1972 1263 2021 cohortes,
1305 1981 1479 2028 repente
1520 1988 1545 2014 a

137 2029 398 2086 principibus
433 2030 616 2084 regionis
648 2030 738 2071 cius
773 2030 1020 2078 concitatae,
1058 2029 1261 2071 Romanis
1302 2039 1542 2079 occurrunt,

137 2086 245 2129 adeo
267 2086 583 2144 incompositae,
607 2096 652 2128 ut
674 2087 862 2128 vindices
884 2087 1134 2143 praedarum
1162 2102 1293 2143 prope
1322 2087 1401 2143 ipsi
1423 2102 1541 2143 prac-

138 2144 217 2186 dae
248 2144 417 2186 fuerint.
484 2144 630 2186 Caesis
662 2145 899 2201 fugatisque
935 2145 995 2193 iis,
1029 2144 1109 2185 late
1141 2144 1398 2201 depopulato
1429 2160 1542 2201 agro,

138 2202 272 2244 victor
311 2202 542 2251 Romanus,
579 2202 888 2259 opulentusque
927 2217 1065 2243 reruni
1103 2202 1292 2243 omnium
1329 2202 1462 2258 copia,
1500 2203 1543 2243 in

107 2269 273 2310 9castra
293 2260 431 2302 rediit.
488 2260 551 2301 Eo
572 2261 678 2301 forte
701 2261 890 2317 quinque
915 2260 1039 2314 legati
1061 2275 1157 2301 cum
1179 2260 1344 2301 duobus
1366 2260 1545 2301 tribunis

139 2318 274 2376 plebis
315 2327 530 2367 venerant,
574 2318 870 2359 denuntiatum
920 2317 1048 2359 Fabio
1089 2326 1258 2359 senatus
1299 2318 1447 2367 verbis,
1490 2333 1544 2359 ne

139 2376 291 2418 saltum
329 2375 565 2417 Ciminium
604 2376 807 2417 transiret.
873 2375 1035 2417 Lactati
1075 2376 1205 2416 scrius
1241 2391 1297 2424 sc,
1335 2391 1460 2431 quam
1499 2385 1545 2416 ut

140 2434 347 2491 impedire
379 2434 535 2475 bellum
570 2443 752 2490 possent,
774 2434 949 2482 venisse,
973 2434 1111 2474 nuntii
1138 2434 1334 2474 victoriae
1365 2433 1542 2474 Romam

141 2501 418 2534 revertuntur.

201 2548 295 2591 Hac
324 2550 596 2606 expeditione
625 2549 806 2590 consulis
835 2559 993 2590 motum
1026 2549 1149 2589 latius
1177 2558 1276 2597 erat,
1301 2564 1427 2605 quam
1450 2564 1546 2605 pro·
1631 2553 1697 2592 37.

193 2707 209 2738 7
247 2701 346 2738 ΓιιΙμο
383 2705 449 2729 turn
487 2701 646 2730 li'nmmmn
685 2701 818 2739 pru-rou]
871 2700 1027 2730 l'mbrizu·
1046 2701 1216 2740 populum,
1234 2701 1361 2732 iunctos
1376 2702 1547 2734 cernimus.

145 2742 313 2782 Principes
340 2742 475 2778 scilicet,
502 2744 541 2773 cf.
564 2743 631 2772 (Yic.
657 2743 697 2772 ιΙι·
727 2743 820 2779 Lem.
868 2743 938 2773 infr.
959 2744 1067 2774 xxxiii.
1087 2754 1136 2782 ⁴5·

143 2784 175 2815 ii.
199 2795 228 2825 9.
261 2786 464 2825 Iz'trurinqrm
489 2786 655 2825 principa«
681 2786 821 2825 :lia-cipli-
909 2797 929 2825 «)
953 2788 1032 2815 Fam
1057 2787 1179 2816 duobus
1203 2788 1359 2826 tribunae]
1388 2787 1455 2824 Qui
1474 2799 1547 2819 con-

143 2838 219 2858 num
235 2828 350 2858 docem.
378 2827 512 2858 Nivbhr.
531 2827 549 2858 i.
568 2838 596 2857 n.
616 2830 690 2866 428.
869 2829 929 2858 nuli
950 2829 1077 2859 rim-uin
1095 2829 1304 2865 minarentur.
1322 2829 1378 2860 nini
1405 2830 1435 2862 in
1458 2842 1548 2862 sena-

186 2871 206 2900 8
223 2871 374 2910 Hospitio
389 2872 572 2910 acceptum!
591 2871 760 2901 (tr-morton
772 2880 821 2900 nc-
870 2876 921 2901 tun
938 2872 1032 2902 verbu
1050 2871 1255 2906 consentiret,
1272 2874 1312 2904 cf.
1329 2883 1415 2913 supr.
1433 2875 1462 2905 8.

144 2923 208 2952 quo
236 2913 364 2943 medere
392 2923 464 2942 vum
498 2913 665 2947 Romanis,
693 2913 822 2943 unicum
