1934 3211
610 133 737 176 LIB.
770 133 826 175 X.
874 133 1019 175 CAP.
1051 138 1120 175 40.
1482 136 1564 174 603

178 223 262 266 iam
291 239 366 266 sua
399 232 547 280 sponte
582 224 736 265 milites
765 223 1036 272 disseruisset,
1068 221 1191 263 simul
1223 222 1388 264 divinae
1420 223 1566 264 huma·
1581 231 1624 263 U.
1641 232 1679 262 C.
1696 239 1771 271 459·

179 297 344 338 naeque
371 282 460 338 spei
486 281 614 338 pleni,
636 281 815 322 clamore
843 280 1122 321 consentienti
1149 294 1333 335 pugnam
1361 290 1538 336 poscunt
1554 297 1564 322 ε
1580 276 1620 306 A.
1643 276 1682 306 C.
1699 282 1771 314 293-

179 340 369 396 poenitet
393 340 437 379 in
459 347 672 395 posterum
694 338 808 379 diem
830 337 1007 379 dilatum
1032 346 1270 378 certamen:
1304 352 1461 379 moram
1483 338 1568 380 diei

179 397 398 452 noctisque
419 396 609 438 oderunt.
672 396 818 438 Tertia
836 395 978 452 vigilia
1001 395 1147 444 noctis,
1170 394 1253 435 iam
1280 394 1419 435 relatis
1439 395 1570 437 literis

148 464 205 496 Sa
223 454 394 511 collega,
412 454 604 511 Papirius
623 453 789 496 silentio
810 453 953 510 surgit,
971 461 1014 494 et
1027 452 1252 509 pullarium
1274 452 1318 492 in
1339 453 1569 508 auspicium

180 512 321 554 mittit.
384 511 563 554 Nullum
593 520 682 554 erat
710 527 843 568 genus
874 511 1093 553 hominum
1124 510 1168 550 in
1196 510 1339 551 castris
1366 509 1569 550 intactum

181 569 411 626 cupiditate
432 585 621 627 pugnae:
654 570 806 611 summi
833 569 1052 625 infimique
1081 583 1214 624 aeque
1243 566 1396 609 intenti
1423 576 1566 608 erant:

181 627 270 669 dux
309 628 502 678 militum,
539 627 658 670 miles
693 627 811 669 ducis
850 627 1042 668 ardorem
1076 625 1299 682 spectabat.
1373 624 1415 666 Is
1449 625 1572 666 ardor

181 685 371 727 omnium
403 686 530 727 etiam
560 685 614 727 ad
645 701 729 736 eos,
757 685 831 742 qui
863 684 1047 741 auspicio
1080 684 1321 733 intererant,
1350 682 1567 739 pervenit:

182 758 293 793 nam,
331 759 461 800 quum
502 743 607 800 pulli
642 759 728 785 non
767 751 1058 800 pascerentur,
1088 740 1301 798 pullarius,
1339 741 1571 797 auspicium

151 802 352 851 9mentiri
396 817 531 852 ausus,
577 801 808 858 tripudium
853 800 1100 841 solistimum
1145 798 1306 840 consuli
1351 798 1568 840 nuntiavit.

186 858 349 901 Consul
369 859 513 909 laetus,
536 859 767 916 auspicium
792 858 1008 915 egregium
1032 872 1133 907 esse,
1156 866 1199 898 et
1219 856 1310 898 deis
1335 856 1573 898 auctoribus

183 932 273 958 rem
307 927 507 974 gesturos,
545 917 814 973 pronuntiat3
861 916 1112 973 signumque
1154 930 1321 971 pugnae
1362 914 1571 971 proponit.

186 974 374 1017 Exeunti
394 976 476 1016 iam
492 975 597 1016 forte
619 975 663 1016 in
684 975 816 1016 aciem
833 974 1000 1015 nuntiat
1015 972 1200 1030 perfuga,
1217 972 1366 1029 viginti
1383 972 1575 1013 cohortes

157 1046 169 1068 1
188 1032 439 1075 Samnitium
464 1032 859 1089 (quadringenariae
886 1032 1016 1073 ferme
1047 1033 1186 1086 erant)
1210 1030 1453 1071 Cominium
1479 1045 1575 1086 pro-

183 1090 323 1132 fectas.
400 1090 528 1140 Quod
568 1106 621 1132 ne
662 1091 872 1146 ignoraret
911 1088 1084 1145 collega,
1126 1088 1338 1145 extemplo
1379 1088 1575 1128 nuntium

184 1148 339 1190 mittit:
388 1148 475 1206 ipse
510 1149 629 1205 signa
663 1148 778 1190 ocius
811 1147 984 1204 proferri
1024 1147 1153 1196 iubet,
1189 1146 1456 1202 subsidiaque
1492 1145 1576 1186 suis

185 1222 379 1264 quaeque
411 1207 523 1256 locis,
546 1216 588 1249 et
615 1206 846 1263 praefectos
873 1204 1066 1247 subsidiis
1093 1204 1348 1246 attribuerat.
1413 1203 1576 1245 Dextro

186 1280 318 1307 cornu
346 1264 395 1306 L.
411 1264 701 1313 Volumnium,
730 1264 896 1305 sinistro
924 1263 973 1304 L.
995 1262 1248 1318 Scipionem,
1277 1261 1488 1317 equitibus
1518 1260 1578 1302 le-

186 1332 304 1422 ῗιῐοε
324 1323 439 1373 alios,
460 1322 586 1364 Caios
605 1321 853 1364 Caedicium
875 1329 916 1362 et
938 1319 1211 1369 Trebonium,
1229 1319 1439 1376 praefecit.
1505 1318 1575 1375 Sp.

156 1397 175 1420 α
211 1431 218 1436 ·
235 1381 396 1423 autium
417 1381 564 1430 mulos,
587 1380 782 1422 detractis
802 1378 978 1428 clitellis,
1001 1393 1096 1420 cum
1118 1377 1357 1419 cohortibus
1378 1376 1513 1418 alariis
1534 1377 1578 1417 iu

188 1439 398 1481 tumulum
431 1447 701 1495 conspectum
736 1452 911 1494 propere
944 1435 1256 1478 circumducere
1289 1435 1417 1484 iubet,
1451 1444 1578 1490 atque

188 1496 288 1539 inde
329 1497 439 1538 inter
477 1497 609 1553 ipsam
645 1495 970 1543 dimicationem,
1007 1503 1166 1550 quanto
1206 1493 1387 1534 maxime
1427 1500 1578 1549 posset,

189 1564 304 1597 moto
325 1554 494 1612 pulvere
516 1554 747 1596 ostendere.
800 1553 918 1594 Dum
939 1552 1004 1593 his
1024 1551 1212 1592 intentus
1232 1550 1457 1607 imperator
1477 1558 1579 1599 erat,

189 1612 404 1655 altercatio
440 1613 549 1654 inter
583 1611 780 1669 pullarios
815 1620 905 1652 orta
939 1609 992 1651 de
1028 1608 1214 1665 auspicio
1249 1608 1338 1649 eius
1372 1607 1470 1658 diei,
1507 1623 1583 1649 ex-

189 1670 416 1727 auditaque
445 1671 497 1712 ab
518 1670 730 1726 equitibus
753 1667 980 1710 Romanis:
1015 1667 1101 1723 qui,
1124 1681 1211 1708 rem
1239 1666 1352 1707 haud
1380 1680 1583 1722 spernen-

190 1728 288 1770 dam
318 1728 409 1778 rati‚
435 1729 504 1784 Sp.
524 1727 692 1784 Papirio
721 1726 856 1768 fratris
884 1725 970 1767 filio
1002 1724 1195 1774 consulis,
1217 1724 1371 1780 ambigi
1402 1723 1455 1765 de
1488 1739 1582 1764 aus-

190 1786 314 1843 picio,
336 1786 692 1828 renuntiaverunt.
756 1784 938 1833 Iuvenis,
961 1792 1057 1824 ante
1083 1782 1315 1823 doctrinam
1340 1781 1442 1823 deos
1469 1796 1582 1838 sper-

192 1854 362 1886 nentem
395 1853 529 1894 natus‚
552 1859 640 1885 rem
672 1842 926 1898 inquisitam,
954 1856 1006 1881 nc
1038 1839 1141 1896 quid
1174 1840 1478 1896 incompertum
1509 1839 1583 1880 dc-

192 1902 319 1944 fcrret
342 1902 395 1944 ad
420 1901 647 1949 consulem,
670 1899 833 1941 detulit.
899 1898 983 1939 Cui
1012 1897 1093 1946 illc,
1126 1903 1138 1921 ‘
1156 1897 1225 1938 Tu
1247 1897 1418 1952 quidem
1448 1907 1582 1938 macte

195 1966 206 1983 ‘
222 1960 376 2001 virtute
397 1959 698 2015 diligentiaque
727 1966 841 1998 esto:
875 1965 1061 1996 ceterum
1083 1955 1156 2010 qui
1185 1954 1369 2010 auspicio
1398 1954 1527 2003 adest,
1549 1954 1583 1995 si

195 2017 327 2074 ‘quid
367 2017 456 2058 falsi
497 2016 676 2064 nuntiat,
714 2015 758 2055 in
794 2022 925 2055 semet
963 2013 1098 2068 ipsum
1139 2011 1383 2068 religionem
1424 2011 1584 2068 recipit.

1584 746 1774 796 Auspicium

1583 794 1739 822 mentitur

1585 833 1752 874 pullarius.

238 2161 257 2191 8
279 2159 429 2197 Silentia]
462 2157 536 2188 Vid.
555 2161 618 2187 not.
635 2156 675 2186 sid
694 2155 756 2186 viii.
777 2164 823 2193 23.

237 2213 258 2244 9
285 2203 475 2242 Tripudinm
501 2201 703 2237 solistimum]
753 2197 866 2237 Auspi-

196 2246 280 2277 cium
303 2258 321 2277 e
346 2244 443 2285 pullis
459 2254 584 2274 summa
601 2242 751 2281 religione
767 2252 786 2271 a
804 2241 866 2271 Ro-

197 2289 300 2320 manis
315 2288 516 2328 captabatur,
532 2286 591 2316 linc
610 2286 713 2315 modo.
758 2283 868 2313 Pullos

196 2332 228 2363 in
242 2342 339 2363 cavea
354 2330 557 2361 asservabant
575 2328 672 2367 ii.qni
690 2337 728 2356 ex
745 2337 783 2356 eo
801 2326 807 2355 i
814 2336 869 2365 pso

196 2375 387 2406 dicebantur
398 2374 545 2413 pullarii.
580 2371 642 2401 llis
654 2371 748 2410 igitur
761 2369 869 2408 puilia.

197 2418 327 2458 quando
349 2415 507 2456 auspicari
530 2425 611 2454 opus
633 2418 712 2449 erat,
730 2413 801 2452 puls
821 2411 869 2442 vcl

197 2461 262 2491 offa.
287 2459 505 2490 obiiciebatur.
559 2457 592 2487 Si
622 2456 699 2496 pulli
729 2468 745 2485 e
772 2465 868 2485 cavea

197 2503 311 2544 egressi
329 2513 389 2533 non
404 2505 586 2537 esscnnaut
604 2498 755 2539 progressi
771 2497 866 2527 offam

199 2557 261 2578 non
281 2546 470 2585 attigissent,
487 2544 561 2574 inde
584 2542 795 2581 colligebatur
819 2550 869 2579 pe-

199 2589 335 2620 riculum
352 2587 529 2618 imminere.
566 2586 620 2616 Sin
638 2590 744 2615 autem
765 2594 869 2623 pusce-

199 2636 318 2668 rentur,
343 2632 461 2661 bonum
487 2628 653 2667 augurium
683 2627 871 2660 habebatur,

201 2674 399 2715 praesertim,
419 2673 443 2703 iii
469 2673 505 2703 iia
530 2670 727 2702 vescentibus
749 2667 868 2707 aliquid

200 2728 239 2749 ex
267 2728 321 2748 ore
347 2715 534 2748 decidium:
571 2713 666 2753 idque
692 2712 869 2751 tripudium

199 2762 384 2792 solistimum
400 2758 635 2798 appellabatur.
671 2756 755 2792 Quia
772 2753 869 2787 enim,

201 2803 304 2843 inquit
324 2803 438 2833 (ficei-0
459 2801 498 2831 (lc
521 2799 628 2830 Dixin.
653 2798 682 2829 ii.
709 2806 754 2836 72.
772 2807 869 2837 quum

200 2851 381 2887 pascuntur
410 2843 501 2883 pulli.
531 2853 649 2873 ncces-*c
677 2845 721 2871 cst
747 2839 871 2879 aliquid

911 2165 950 2184 m·
973 2164 1026 2185 ore
1048 2154 1172 2186 cadere.
1187 2157 1217 2182 c!
1240 2157 1356 2183 terram
1379 2153 1504 2192 pavire,
1521 2151 1540 2182 i.
1556 2163 1584 2183 c.

913 2196 1016 2231 ferire,
1032 2197 1243 2235 terripavium
1266 2196 1382 2235 primo,
1404 2206 1473 2225 mos
1493 2195 1584 2225 terri-

909 2240 1046 2278 pudium
1066 2239 1184 2268 ‹lic-lum
1205 2243 1270 2269 est:
1294 2239 1351 2267 Ιιοι*
1372 2239 1497 2278 quidem
1522 2239 1585 2267 iam

912 2283 1089 2322 tripudium
1106 2282 1234 2311 dicitur.
1266 2282 1458 2310 Soli-*timum
1475 2286 1584 2310 nutem

913 2324 1081 2354 dicebatur
1095 2334 1113 2353 n
1129 2324 1203 2358 solo,
1215 2324 1299 2362 quud
1318 2323 1449 2353 feriebat
1466 2323 1528 2352 offii
1544 2333 1583 2353 ex

913 2378 966 2397 ore
984 2366 1063 2407 pulli
1080 2366 1242 2396 decidens.
1266 2367 1372 2396 (uim.

962 2419 970 2440 1
991 2410 1294 2448 Qeuulrinyenariae
1301 2409 1407 2447 ser-me
1421 2409 1532 2446 erant]
1545 2408 1585 2439 cs.

915 2455 1007 2492 Supr.
1026 2452 1075 2482 vii.
1096 2461 1121 2490 7.
1159 2452 1208 2481 lui
1225 2457 1259 2481 ut
1276 2451 1336 2481 lme
1352 2451 1498 2481 cohortes
1513 2457 1586 2480 octo

914 2495 1018 2526 millia
1036 2494 1173 2524 militum
1189 2495 1394 2528 conticerent.
1407 2498 1527 2533 purtem
1540 2493 1586 2523 ‹li-

916 2538 1047 2568 midiani
1059 2537 1262 2567 Samnitium.
1280 2538 1319 2567 cs.
1333 2546 1417 2576 supr.
1431 2538 1479 2574 38.
1518 2536 1588 2566 llus

916 2581 995 2611 duas
1012 2580 1150 2619 legiones
1166 2580 1260 2610 fuim-
1277 2585 1385 2610 censct
1404 2578 1537 2610 Niebhr.
1555 2578 1587 2610 ii.

916 2634 945 2654 n.
968 2633 1033 2662 ¹72.

959 2676 973 2696 2
992 2668 1070 2695 Γηηι
1087 2666 1265 2695 mlum-tibur
1280 2665 1409 2702 alarii-n]
1437 2663 1587 2704 lntcllige

915 2708 1061 2739 cohortes
1075 2708 1217 2738 not-inies.
1251 2709 1345 2737 :uam
1358 2707 1442 2737 enim
1460 2707 1586 2747 proprie

913 2758 944 2782 ct
968 2752 1090 2788 signam·
1113 2751 1153 2781 ‹lc
1178 2750 1269 2780 sociis
1296 2750 1325 2780 in
1354 2750 1496 2780 cxcrvitu
1522 2750 1584 2781 dici

914 2795 1036 2832 egregie
1061 2794 1170 2832 probat
1197 2792 1322 2833 Lipsius
1338 2793 1377 2823 (lc
1399 2793 1470 2824 Mil.
1490 2793 1586 2824 Rom.

916 2838 933 2868 i.
955 2837 1040 2868 Dial.
1062 2846 1086 2872 ῖ.
