1934 3211
409 199 490 237 206
925 195 1073 237 ΤΙΤΙ
1116 195 1293 237 LIVII

195 291 237 321 U.
256 291 294 322 C.
312 288 382 329 306.

194 334 232 363 A.
256 333 293 365 C·
311 332 382 371 446·
411 345 484 400 qui
530 359 675 385 eorum
722 344 917 399 cuiquam
960 345 1162 393 nocuerit,
1205 358 1367 384 sacrum
1410 342 1571 383 sanciri.
1653 339 1821 395 Itaque.
1858 366 1861 369 ·

413 401 592 442 aedilem
614 401 819 456 prehendi
837 401 1067 457 duciqne‘a
1087 402 1311 442 maioribus
1333 399 1664 455 magistratibus:
1690 396 1806 452 quod

411 459 488 499 etsi
510 473 596 498 non
618 458 706 498 iure
730 458 802 498 fiat
822 458 984 508 (noceri
1006 459 1118 499 enim
1141 459 1192 507 ei,
1216 458 1281 498 cui
1311 458 1389 498 hac
1417 457 1508 513 lege
1538 471 1624 496 non
1644 452 1806 507 liceat,)

412 524 551 563 tamen
560 511 853 571 argumentum
865 530 965 564 esse,
976 531 1061 555 non
1077 515 1221 555 haberi
1235 530 1310 570 pro
1324 522 1585 554 sacrosancto
1600 511 1778 552 aedilem
1793 526 1802 550 ε

412 573 602 613 tribunos
623 581 763 612 vetere
790 572 1058 613 iureiurando
1083 572 1229 627 plebis,
1253 586 1384 626 quum
1410 571 1592 626 primum
1618 584 1709 609 eam
1730 583 1806 624 po-

413 637 605 670 testatem
626 629 793 678 creavit,
817 637 1099 668 sacrosanctos
1121 643 1221 668 esse.
1285 627 1432 675 Fuere,
1457 627 1529 681 qui
1557 627 1806 680 interpreta-

412 695 569 735 rentur,
612 685 758 726 eadem
799 685 876 725 hac
920 685 1097 725 Horatia
1141 685 1233 740 lege
1277 683 1517 725 consulibus
1558 697 1727 738 quoque
1763 689 1806 722 et

412 743 683 798 praetoribus,
719 742 819 797 quia
850 741 999 782 iisdem
1034 742 1239 797 auspiciis,
1273 741 1425 796 quibus
1456 739 1660 788 consules,
1693 753 1808 780 crea-

412 808 568 848 rentur,
606 806 776 839 cautum
813 814 926 839 esse:
973 799 1157 839 iudicem
1193 799 1306 839 enim
1344 797 1557 838 consulem
1593 795 1838 852 appellari.3

417 856 537 904 Quae
560 855 764 896 refellitur
785 856 1086 911 interpretatio,
1111 856 1225 911 quod
1251 855 1315 895 his
1338 855 1595 910 temporibus
1616 853 1807 894 nondum

413 912 627 953 consulem
668 912 865 961 iudicem,
903 913 975 953 sed
1016 921 1265 969 praetorem,
1303 911 1503 968 appellari
1544 926 1634 952 mos
1668 910 1804 950 fuerit.

415 969 509 1010 Hae
542 969 778 1010 consulares
809 969 921 1025 leges
951 970 1078 1011 fuere.
1142 969 1387 1010 Institutum
1418 969 1545 1009 etiam
1575 969 1627 1009 ab
1658 967 1839 1012 iisdem4

413 1026 667 1076 consulibus,
691 1034 737 1067 ut
758 1027 1117 1068 senatusconsulta
1144 1027 1188 1067 in
1217 1027 1364 1068 aedem
1389 1025 1557 1067 Cereris
1578 1025 1632 1066 ad
1652 1024 1808 1065 aediles

414 1083 548 1139 plebis
579 1084 868 1132 deferrentur,
902 1100 1009 1140 quae
1041 1092 1165 1124 antea
1196 1084 1365 1125 arbitrio
1397 1083 1615 1124 consulum
1646 1081 1809 1138 suppri-

415 1141 639 1182 mebantur
678 1141 1029 1197 vitiabanturque.
1112 1140 1173 1181 M.
1206 1140 1375 1181 Duilius
1415 1139 1569 1180 deinde
1616 1139 1809 1180 tribunus

415 1198 549 1253 plebis
569 1198 737 1254 plebem
759 1199 932 1254 rogavit,
954 1198 1182 1254 plebesque
1206 1198 1325 1238 scivit
1343 1214 1350 1238 :
1387 1203 1398 1221 ⁶
1418 1197 1505 1245 Qui
1530 1196 1697 1252 plebem
1718 1196 1807 1237 sine
1822 1210 1838 1241 5

418 1260 429 1278 ⁶
445 1255 623 1296 tribunis
643 1255 892 1310 reliquisset,
912 1256 1069 1310 quique
1092 1255 1380 1310 magistratum
1401 1254 1489 1295 sine
1511 1253 1808 1310 provocatione

417 1317 636 1361 ‘creasset,
678 1320 796 1368 tergo
837 1328 884 1353 ac
924 1313 1059 1368 capite
1100 1312 1346 1368 puniretur.’
1422 1311 1541 1352 Haec
1582 1310 1724 1351 omnia
1763 1317 1810 1350 ut

414 1369 568 1418 invitis,
610 1369 667 1410 ita
706 1384 793 1409 non
834 1370 1160 1418 adversantibus,
1202 1369 1386 1425 patriciis
1427 1376 1658 1416 transacta3
1711 1367 1811 1423 quia

415 1425 605 1465 nondum
627 1426 671 1465 in
694 1441 950 1482 quemquam
973 1442 1104 1466 unum
1127 1426 1398 1467 saeviebatur.

475 1482 668 1522 Fundata
683 1483 838 1523 deinde
856 1493 898 1524 et
915 1492 1119 1539 potestate
1138 1484 1373 1532 tribunicia,
1392 1492 1434 1523 et
1450 1483 1583 1539 plebis
1603 1481 1807 1531 libertate,

416 1547 507 1579 tum
529 1539 687 1579 tribuni
716 1540 887 1594 aggredi
915 1540 1100 1595 singulos
1129 1549 1267 1580 tutum
1296 1548 1591 1596 maturumque
1613 1539 1696 1579 iam
1716 1538 1808 1587 rati,

417 1604 699 1636 accusatorem
720 1597 903 1651 primum
920 1597 1163 1651 virginium
1186 1606 1227 1637 et
1251 1597 1441 1652 Appium
1463 1612 1581 1638 reum
1603 1595 1806 1652 deligunt.

420 1652 566 1700 Quum
592 1653 704 1693 diem
732 1653 876 1709 Appio
898 1652 1115 1708 Virginius
1147 1654 1332 1702 dixisset,
1364 1663 1406 1694 et
1428 1654 1606 1709 Appius,
1636 1653 1811 1708 stipatus

415 1709 600 1764 patriciis
641 1710 874 1759 iuvenibus,
911 1710 955 1750 in
991 1710 1127 1750 forum
1168 1710 1478 1759 descendisset3
1526 1710 1812 1765 redintegrata

418 1766 631 1822 extemplo
682 1775 744 1807 est
794 1767 987 1808 omnibus
1034 1767 1235 1808 memoria
1273 1767 1535 1808 foedissimae
1580 1766 1809 1822 potestatis,

419 1839 549 1878 quum
579 1823 716 1879 ipsum
745 1824 1027 1879 satellitesque
1054 1824 1143 1864 eius
1164 1824 1377 1878 vidissent.
1442 1824 1554 1865 Tum
1577 1823 1810 1879 Virginius,

421 1886 432 1903 ⁶
448 1880 621 1930 Oratio,’
642 1881 793 1936 inquit,
828 1886 839 1904 ⁶
855 1882 978 1922 rebus
1000 1881 1137 1922 dubiis
1166 1881 1338 1922 inventa
1362 1890 1436 1922 est.
1499 1880 1648 1936 Itaque
1671 1895 1810 1936 neque

422 1943 432 1961 ⁶
449 1953 527 1993 ego
556 1938 790 1978 accusando
811 1938 924 1994 apud
945 1954 1017 1979 vos
1045 1953 1142 1978 eum
1172 1946 1336 1993 tempus
1365 1946 1508 1987 teram,
1532 1953 1556 1978 a
1579 1937 1697 1978 cuius
1718 1953 1812 1978 cru-

422 2000 433 2018 ⁶
449 1995 619 2035 delitate
640 2004 799 2035 vosmet
821 1996 899 2051 ipsi
921 1995 1044 2035 armis
1065 1995 1327 2036 vindicastis:
1359 2010 1436 2036 nec
1458 1995 1584 2035 istum
1605 1994 1659 2035 ad
1674 2002 1812 2035 cetera

422 2052 605 2092 ‘scelera
640 2052 945 2107 impudentiam
981 2053 1026 2092 in
1062 2052 1330 2093 defendendo
1367 2067 1408 2093 se
1450 2051 1629 2092 adiicere
1665 2052 1809 2107 patiar.

423 2115 433 2131 ⁶
454 2108 657 2149 Omnium
689 2109 816 2165 igitur
852 2109 940 2159 tibi,
964 2109 1047 2165 Ap.
1071 2109 1238 2158 Claudi,
1271 2125 1378 2165 quae
1411 2109 1538 2165 impie
1569 2108 1811 2165 nefarieque

422 2172 523 2221 ‘per
558 2166 776 2207 biennium
817 2166 899 2207 alia
938 2182 1063 2222 super
1098 2166 1179 2207 alia
1219 2182 1262 2207 es
1299 2181 1433 2216 ausus,
1470 2165 1645 2222 gratiam
1679 2166 1844 2211 facio:6

421 2229 431 2246 ⁶
450 2223 574 2263 unius
607 2232 769 2264 tantum
804 2224 990 2264 criminis
1016 2224 1061 2263 ni
1094 2223 1276 2264 iudicem
1309 2224 1433 2272 dices,
1464 2232 1504 2264 te
1538 2223 1589 2263 ab
1621 2222 1811 2264 libertate

423 2280 494 2320 ‘in
542 2281 783 2321 servitutem
831 2288 978 2321 contra
1018 2280 1132 2336 leges
1174 2280 1376 2321 vindicias
1420 2295 1506 2321 non
1547 2280 1723 2329 dedisse,
1767 2280 1812 2320 in

423 2337 616 2378 ‘vincula
644 2346 685 2378 te
728 2338 825 2378 duci
859 2337 1011 2378 iubeo?
1072 2337 1166 2378 Nec
1199 2338 1244 2377 in
1278 2337 1501 2378 tribunicio
1534 2336 1690 2377 auxilio
1721 2337 1813 2393 Ap-

202 1884 329 1924 Appius
344 1895 393 1914 ac-

202 1931 340 1957 cusatur.

410 287 659 342 interpretes
680 295 836 342 negant
852 302 1109 343 quemquam
1130 294 1438 328 sacrosanctum
1461 299 1572 326 esse:
1598 283 1672 324 sed
1693 297 1803 331 eum,
1858 287 1864 292 '
1893 280 1899 282 ”

422 2468 517 2497 quam
535 2462 567 2489 et
585 2459 746 2489 Venerem
769 2469 835 2489 esse
855 2459 977 2489 volunt.
1017 2458 1094 2489 Vid.

423 2500 491 2532 Cic.
509 2501 549 2531 de
567 2502 646 2532 Nat.
665 2501 762 2531 Deor.
779 2501 810 2531 ii.
828 2500 876 2531 62.
903 2502 1008 2532 Cnssv.

467 2553 484 2581 3
500 2545 652 2574 Nondum
664 2545 837 2580 consulem]
853 2544 884 2573 N
889 2544 1009 2573 ondum
1023 2553 1096 2573 con-

424 2585 471 2614 sul
489 2587 605 2616 iudicis
622 2596 751 2624 nomen,
767 2587 821 2616 sed
835 2587 995 2624 praetoris
1010 2595 1095 2624 gere—

424 2628 487 2657 bat.
534 2628 685 2658 Ceterum
709 2628 793 2658 hanc
810 2628 892 2658 Livii
912 2627 1096 2666 opinionem

425 2668 593 2708 impugnat
632 2670 828 2705 Perizonius,
861 2674 893 2700 et
932 2670 1097 2700 contendit

425 2713 571 2742 consules
609 2712 673 2742 iam
704 2723 723 2742 a
752 2711 863 2751 primis
900 2712 1098 2751 temporibus

425 2753 566 2783 iudicum
607 2754 737 2784 nomine
775 2754 940 2793 insignitos
977 2754 1073 2784 fuisse
1091 2767 1097 2790 ;

426 2802 520 2836 quem
540 2795 610 2825 vidc
627 2797 666 2826 de
685 2797 827 2827 Praetor.
839 2797 859 2826 i.
874 2804 899 2835 7.
918 2797 1023 2828 Cumv.
1056 2797 1094 2826 cf.

427 2834 550 2864 Festus.
570 2846 595 2865 r.
615 2840 795 2869 Praetoria.
821 2838 889 2869 Cic.
909 2840 948 2869 de
962 2839 1038 2878 ch.
1052 2838 1095 2869 iii.

428 2885 455 2914 3.
481 2876 596 2907 Zonar.
614 2879 665 2908 vii.
687 2889 732 2918 κ).

469 2930 488 2955 4
512 2920 551 2948 In
570 2921 674 2950 aedem
693 2922 834 2958 ‘'ereris]
871 2923 936 2952 Ubi
963 2922 1097 2960 pecunia

1139 2458 1243 2498 plebis
1280 2460 1511 2496 asservabatur,
1541 2462 1573 2489 et
1604 2458 1654 2488 cui
1692 2458 1813 2490 aediles

1140 2500 1257 2540 plebeii
1275 2500 1495 2540 invigilabant.

1185 2551 1201 2582 5
1228 2545 1462 2582 Alcimi-tratum
1482 2545 1551 2575 sine
1570 2545 1810 2583 provocatione]

1142 2585 1291 2616 Dictator
1320 2590 1440 2622 tamen,
1464 2589 1500 2616 ut
1525 2586 1579 2624 qui
1609 2586 1813 2626 magistratus

1141 2631 1232 2657 extra
1248 2627 1391 2657 ordinem
1414 2630 1434 2643 ‘⁶
1448 2628 1491 2662 rei
1513 2628 1674 2668 gerundae
1690 2630 1814 2658 causa”

1141 2680 1204 2699 non
1235 2670 1375 2709 amplius
1405 2680 1501 2709 quam
1536 2670 1569 2700 in
1602 2680 1657 2700 sex
1688 2680 1814 2701 menses

1144 2716 1278 2749 creatu&
1294 2712 1354 2742 hac
1372 2713 1441 2752 lege
1456 2712 1563 2752 excipi
1579 2712 1713 2743 videtur.

1185 2754 1204 2785 6
1227 2755 1273 2784 Ni
1289 2756 1423 2785 indicem
1439 2756 1538 2792 dices]
1568 2755 1616 2786 Ut
1638 2764 1812 2794 provocan—

1140 2796 1180 2826 tis
1199 2796 1338 2827 iudicem
1355 2798 1459 2835 ferre,
1478 2797 1523 2827 ita
1545 2796 1709 2836 provocati
1732 2795 1811 2826 iudi-

1142 2849 1211 2868 cem
1235 2840 1347 2870 dicere.
1375 2840 1536 2869 RASCHIG.
1582 2840 1684 2869 Doces
1705 2839 1811 2876 legen-

1143 2882 1219 2910 dum
1242 2885 1349 2911 censet
1366 2881 1500 2911 Niebhr.
1517 2884 1549 2910 et
1564 2879 1809 2911 ciceronianum

1143 2924 1300 2953 doeendus
1315 2928 1361 2953 est
1375 2924 1472 2953 ‘iudea‘
1487 2922 1608 2951 recitat.
