1934 3211
576 179 702 221 LIB.
734 179 790 219 X.
836 179 981 220 CAP.
1005 185 1044 221 4.
1429 185 1507 223 561

127 271 302 314 nuerim.
355 270 572 311 Profectus
592 270 770 311 dictator
790 284 886 310 eum
907 270 1095 310 exercitu
1116 270 1273 325 proelio
1295 286 1379 311 uno
1397 271 1512 313 Mar·
1527 279 1570 310 U.
1587 279 1624 309 (Σ
1642 288 1713 317 45¹·

126 343 192 370 sos
210 327 359 369 fundit.
415 327 654 384 Compulsis
670 327 824 368 deinde
847 327 890 367 in
907 327 1030 368 urbes
1047 327 1239 376 munitas,
1259 326 1509 379 Milioniam,
1525 323 1563 352 A.
1588 322 1625 352 C.
1644 329 1714 358 30¹·

125 385 368 434 Plestinam,
386 384 612 435 Fresiliam,
636 385 745 426 intra
765 385 854 426 dies
882 399 1036 441 paucos
1058 384 1193 440 cepit:
1225 393 1267 425 et
1287 394 1403 441 parte
1424 388 1511 442 agri

124 442 310 484 multatis
330 441 484 484 Marsis
503 442 650 484 foedus
670 442 861 485 restituit.
924 442 1036 483 Tum
1061 442 1105 482 in
1130 441 1327 483 Etruscos
1347 458 1511 484 versum
1526 453 1697 483 Etruscum

124 499 307 542 bellum:
360 508 416 550 et,
457 516 588 557 quum
633 500 812 542 dictator
861 500 1138 556 auspiciorum
1188 500 1512 556 repetendorum
1526 496 1657 526 bellum.

124 572 249 599 causa
286 558 496 615 profectus
534 558 713 600 Romam
754 567 874 608 esset,
911 558 1107 614 magister
1142 558 1345 614 equitum,
1381 559 1514 614 pabu-

123 615 255 657 latum
276 631 477 672 egressus,
495 632 548 658 ex
569 616 729 658 insidiis
750 616 1097 665 circumvenitur3
1120 615 1332 672 signisque
1354 616 1513 673 aliquot

123 673 294 724 amissis,
315 674 439 715 foeda
466 674 646 716 militum
675 673 802 716 caede
831 689 877 715 ac
899 674 997 730 fuga
1021 673 1065 714 in
1090 682 1222 714 eastra
1242 682 1305 715 est
1325 674 1514 730 compul-

92 746 203 778 5SUS.
269 730 356 780 Qui
384 740 515 773 terror
542 748 627 773 non
655 747 705 774 eo
733 741 895 773 tantum
917 747 940 772 a
962 731 1089 772 Fabio
1111 731 1317 781 abhorret,
1340 731 1455 787 quod
1479 732 1513 773 si

124 803 209 846 qua
228 789 308 830 alia
328 798 414 831 arte
431 805 665 846 cognomen
686 805 808 831 suum
825 789 1031 845 aequavit,
1049 798 1139 830 tum
1156 789 1335 830 maxime
1353 789 1514 831 bellicis

123 846 341 889 laudibus:
379 847 453 888 sed
489 848 627 898 etiam,
662 847 790 904 quod,
827 862 987 888 memor
1022 846 1268 904 Papirianae
1305 847 1512 897 saevitiae,

123 920 356 961 nunquam,
378 914 425 946 ut
449 905 661 947 dictatoris
688 906 847 947 iniussu
869 904 1098 954 dimicaret,
1121 904 1273 946 adduci
1298 905 1510 961 potuisset.

125 962 335 1004 Nuntiata
363 978 412 1004 ea
441 963 579 1004 clades
612 963 792 1004 Romam
822 963 1034 1012 maiorem,
1057 977 1183 1018 quam
1215 977 1279 1004 res
1308 972 1409 1013 erat,
1432 973 1513 1005 ter-
1609 966 1648 1003 4.

124 1035 260 1062 rorem
288 1021 452 1062 excivit.
516 1020 642 1071 Nam,
664 1031 711 1062 ut
739 1021 927 1062 exercitu
954 1020 1106 1070 deleto,
1128 1020 1187 1061 ita
1215 1020 1417 1062 iustitium
1448 1022 1513 1062 in-

93 1078 308 1128 6dietum;
331 1078 543 1120 custodiae
566 1079 609 1119 in
630 1079 772 1135 portis,
790 1077 954 1135 vigiliae
975 1078 1143 1120 vicatim
1165 1088 1358 1127 exactac;
1387 1094 1511 1128 arma,

124 1135 209 1178 tela
237 1136 282 1177 in
313 1151 452 1177 muros
479 1147 687 1193 congesta.
752 1136 961 1178 Omnibus
993 1136 1225 1178 iunioribus
1257 1147 1514 1178 sacramento

123 1193 293 1244 adactis,
315 1193 504 1244 dictator,
527 1195 580 1236 ad
602 1195 833 1236 exercitum
860 1194 1019 1243 missus,
1043 1194 1183 1235 omnia
1210 1209 1282 1250 spe
1311 1194 1514 1251 tranquil-

124 1251 228 1294 liora
243 1261 285 1293 et
305 1253 536 1308 composita
556 1252 741 1309 magistri
761 1252 952 1308 equitum
973 1267 1084 1301 cura,
1102 1261 1234 1293 castra
1254 1252 1297 1292 in
1319 1252 1512 1294 tutiorem

124 1309 263 1352 locum
284 1309 463 1360 redacta,
487 1310 690 1360 cohortes,
709 1325 816 1366 quae
837 1310 956 1366 signa
976 1309 1210 1359 amiserant,
1228 1319 1346 1351 extra
1360 1310 1513 1351 vallum

124 1367 214 1410 sine
237 1367 425 1409 tentoriis
441 1368 661 1409 destitutas
683 1367 867 1417 invenit3
891 1367 1120 1409 exercitum
1142 1367 1310 1409 avidum
1332 1383 1512 1424 pugnae,

125 1440 210 1482 quo
255 1425 456 1467 maturius
506 1426 736 1482 ignominia
780 1425 1024 1467 aboleretur.
1103 1424 1250 1482 Itaque
1295 1426 1513 1467 confestim

125 1492 259 1525 castra
282 1483 380 1524 inde
406 1483 449 1524 in
475 1499 621 1539 agrum
644 1483 920 1525 Rusellanum
948 1484 1165 1540 promovit.
1229 1482 1293 1524 Eo
1313 1492 1356 1524 et
1376 1483 1514 1524 hostes

125 1541 280 1583 secuti:
304 1550 347 1582 et
368 1556 609 1598 quanquam
626 1557 679 1583 ex
696 1542 803 1583 bene
824 1550 940 1598 gesta
960 1556 1003 1582 re
1024 1555 1229 1582 summam
1251 1550 1294 1582 et
1309 1541 1353 1581 in
1370 1549 1514 1597 aperto

124 1598 350 1641 certamine
376 1599 524 1640 virium
553 1614 670 1656 spem
700 1599 936 1646 habebant;
969 1607 1109 1639 tamen
1140 1598 1300 1639 insidiis
1330 1613 1513 1655 quoquc,

124 1672 228 1713 quas
243 1656 417 1698 feliciter
433 1658 594 1713 experti
617 1666 747 1706 erant,
765 1657 928 1698 hostem
946 1665 1121 1697 tentant.
1165 1655 1298 1697 Tecta
1318 1656 1514 1698 semiruta

124 1714 218 1765 vici,
245 1729 321 1771 per
347 1715 619 1756 vastationem
648 1729 842 1772 agrorum
869 1714 1019 1764 deusti,
1051 1713 1164 1755 haud
1197 1713 1342 1771 procul
1373 1715 1515 1756 castris

126 1771 414 1814 Romanorum
445 1772 627 1814 aberant.
690 1771 755 1814 Ibi
791 1772 942 1814 abditis
972 1772 1152 1821 armatis,
1183 1787 1311 1829 pecus
1342 1772 1385 1813 in
1416 1788 1515 1814 eon-

125 1838 272 1888 spectu
298 1829 493 1887 praesidii
516 1830 713 1880 Romani,
735 1830 803 1871 cui
832 1838 1019 1887 praeerat
1042 1829 1122 1872 Cn.
1144 1829 1313 1871 Fulvius
1340 1829 1512 1886 legatus,

125 1903 200 1946 pro
232 1888 379 1929 ulsum.
443 1888 515 1929 Ad
543 1902 669 1944 quam
698 1887 936 1929 illecebram
964 1903 1097 1944 quum
1127 1897 1364 1929 moveretur
1390 1903 1514 1929 nemo

125 1946 178 1988 ab
200 1903 393 1988 Romana
424 1946 614 1995 statione,
641 1955 851 2002 pastorum
886 1960 1006 1994 unuS,
1033 1960 1271 2001 progressus
1303 1945 1380 1986 sub
1408 1945 1515 2001 ipsas

127 2003 393 2052 munitiones,
417 2002 612 2044 inclamat
637 2003 750 2051 alios,
772 2011 1018 2043 cunctanter
1045 2002 1096 2043 ab
1125 2002 1255 2043 ruinis
1279 2002 1359 2043 vici
1389 2017 1515 2058 pecus

127 2060 424 2117 propellentes,
456 2066 467 2083 ‘
484 2060 587 2116 quid
607 2069 827 2108 cessarent,
882 2074 982 2100 uum
1010 2074 1086 2116 per
1113 2060 1252 2101 media
1275 2068 1407 2100 castra
1430 2059 1516 2101 Ro-

129 2124 141 2142 ‘
158 2133 281 2160 mana
308 2127 398 2159 tuto
429 2132 550 2174 agere
582 2118 800 2174 possent?'
851 2075 979 2158 ‹lIaec
1008 2132 1138 2173 quum
1168 2117 1304 2174 legato
1328 2116 1517 2159 Caerites

128 2176 299 2233 quidam
327 2176 711 2231 interpretarentur,
734 2185 775 2216 et
802 2190 876 2232 per
902 2190 1047 2215 omncs
1075 2174 1309 2232 manipulos
1336 2174 1515 2216 militum

98 2233 362 2291 7indignatio
392 2233 539 2289 ingens
570 2242 689 2283 esset,
720 2248 797 2274 nec
829 2243 968 2274 tamen
997 2233 1155 2273 iniussu
1190 2247 1355 2273 movere
1389 2232 1517 2274 aude-

128 2301 248 2341 rent3
286 2292 402 2333 iubet
434 2291 588 2347 peritos
621 2290 786 2346 linguae
824 2290 1040 2332 attendere
1073 2291 1273 2339 animum,
1304 2299 1516 2346 pastorum

128 2364 264 2392 sermo
288 2349 451 2415 agresti,
473 2364 526 2389 an
556 2349 726 2394 urbano,
750 2349 917 2405 propior
945 2358 1062 2389 esset.
1129 2347 1274 2397 Quum
1303 2347 1515 2397 referrent,

128 2422 278 2450 sonum
306 2407 487 2462 linguae,
510 2416 552 2448 et
572 2422 791 2463 corporum
814 2406 1017 2454 habitum,
1044 2416 1085 2447 et
1114 2406 1304 2454 nitorem,
1327 2405 1516 2452 cultiora,

129 2480 255 2522 quam
277 2465 508 2523 pastoralia.
526 2480 613 2505 esse
632 2480 640 2506 :
677 2471 686 2487 ‘
706 2465 759 2504 ite
784 2465 921 2517 igitur,
943 2464 1096 2510 dieite,’
1120 2464 1270 2520 inquit,
1295 2470 1305 2486 ‘
1320 2463 1513 2519 detegant

131 2604 315 2635 obscuritas.
341 2604 414 2635 Vid.
429 2604 533 2641 Sigon.
549 2604 578 2633 ln
597 2604 679 2633 Fam.
695 2603 801 2643 s'apit.

131 2651 163 2677 et
182 2646 285 2687 Pighii
303 2647 459 2678 Annales:
485 2647 537 2686 qni
560 2647 655 2676 ambo
671 2656 709 2675 ex
731 2646 802 2676 Fa*

130 2695 235 2720 torum
256 2690 441 2729 fragmentis
464 2689 664 2720 inserendum
684 2688 734 2718 hic
750 2699 803 2718 un-

131 2742 209 2763 nurn
221 2742 320 2763 unum
332 2738 543 2772 cennent,quo
553 2732 726 2762 dictatores
735 2731 802 2762 sinc

130 2774 318 2807 consulibua
345 2776 462 2806 fuerint
491 2774 592 2814 primo
616 2776 658 2809 Q„
687 2773 803 2804 Fabius

132 2816 309 2856 Maximus,
321 2818 437 2850 deinde
452 2819 497 2848 M.
510 2816 658 2847 Valerius
670 2818 801 2847 (fforrun.

132 2860 239 2892 (ἷκεν.

176 2911 194 2943 5
209 2904 245 2934 Si
256 2915 321 2945 qua
332 2905 398 2934 alia
411 2904 497 2941 ariel
517 2902 658 2937 Scilicet,
670 2902 694 2932 si
708 2912 803 2942 quam

132 2945 245 2982 aliam,
277 2950 345 2978 tum
382 2946 537 2985 imprimis
571 2945 720 2975 bellicum
758 2956 803 2975 ar-

193 3001 291 3030 vot„
317 3002 343 3030 1.

848 2604 1109 2641 tom,cngnnmini
1122 2615 1177 2634 suo
1189 2605 1446 2643 respondentem,
1455 2604 1484 2636 h.
1493 2615 1520 2636 e.

849 2648 1030 2681 nim-imam,
1049 2657 1121 2686 prae
1138 2657 1170 2676 se
1187 2646 1271 2677 tulit.

891 2687 911 2717 6
943 2690 1075 2728 Viffl‘lim·
1100 2690 1225 2719 vicatim
1247 2691 1396 2728 esaeiae]
1433 2691 1519 2722 Vica-

847 2733 914 2766 tim,
923 2731 1046 2762 Graeca
1062 2732 1169 2769 lingua
1181 2731 1260 2761 κατὰ
1272 2732 1424 2769 redimant
1435 2744 1519 2774 supr.

848 2773 889 2804 ix.
907 2783 951 2812 ¹3-
983 2774 1048 2804 nive
1063 2775 1249 2805 rtutcllatim
1266 2785 1351 2815 supr.
1369 2775 1420 2807 vii.
1435 2775 1484 2816 36.

885 2825 901 2856 7
913 2817 1060 2857 Movere]
1074 2817 1204 2856 Vulgati
1218 2817 1337 2849 hubent
1348 2829 1468 2851 movere
1476 2831 1520 2854 se,

849 2859 902 2889 ned
923 2859 1016 2907 MSS.
1032 2864 1099 2900 opt.
1117 2871 1250 2897 movere,
1263 2866 1294 2891 et
1312 2861 1372 2892 hoc
1390 2863 1518 2893 verbum

849 2912 1033 2941 mtepmnme
1049 2913 1141 2933 sensu
1165 2902 1364 2934 intransitu-o
1380 2914 1399 2935 a
1415 2910 1521 2935 nostro

852 2950 1037 2985 innui-patum
1055 2956 1122 2975 csse
1139 2950 1248 2976 monet
1266 2946 1366 2978 Dmk.

1201 3003 1273 3028 00
