1934 3211
194 297 238 328 U.
255 298 293 329 C.
311 305 383 336 412.

192 341 232 371 A.
255 340 293 371 C.
311 350 382 380 540.

262 1036 330 1074 31.

193 1328 339 1367 Negatur

190 1370 350 1400 auxilium

190 1414 204 1442 (
213 1413 377 1451 'sampania

190 2408 357 2448 Accipitur

190 2452 318 2481 illorum
333 2451 385 2481 (le-

188 2494 277 2524 ditio.

410 212 494 250 432
922 210 1070 254 TITI
1112 209 1291 253 LIVII

413 292 424 311 ‘
440 289 678 346 conscripti,
701 298 853 331 nutum
873 305 1119 347 numenque
1141 300 1325 332 vestrum
1343 289 1546 330 invictum
1566 285 1807 342 Campanis,

413 349 425 368 ‘
441 354 484 386 et
504 347 646 388 iubete
667 362 845 403 sperare,
869 347 1123 389 incolumem
1149 348 1342 403 Capuam
1363 346 1557 387 futuram.
1609 344 1709 392 Qua
1727 343 1810 384 fre-

413 404 615 458 ‘quentia
645 405 835 446 omnium
865 420 1069 460 generum
1100 404 1383 446 multitudinis
1410 409 1690 459 prosequente
1719 415 1810 441 cre-

413 465 425 483 ‘
442 460 539 502 ditis
567 476 643 502 nos
670 461 785 503 illinc
813 462 1053 517 profectos?
1085 477 1212 517 quain
1243 461 1384 502 omnia
1404 468 1595 501 votorum
1619 457 1810 499 lacrima—

413 522 618 573 ‘rumque
650 518 776 574 plena
803 519 1050 574 reliquisse?
1081 519 1125 558 in
1147 534 1231 573 qua
1261 533 1374 558 nunc
1402 515 1716 572 exspectatione
1745 528 1810 555 se-

413 579 424 597 ‘
440 585 586 615 natum
636 575 925 631 populumque
975 574 1256 630 Campanum,
1308 574 1520 628 coniuges,
1570 572 1808 627 liberosque

414 636 425 654 ‘
442 641 602 673 nostros
642 633 764 672 esse?
835 631 951 672 Stare
994 646 1163 672 ornnem
1206 630 1521 671 multitudinem
1563 629 1617 669 ad
1655 637 1807 684 portas,

414 690 551 729 ‘viam
587 688 686 729 hinc
719 688 924 728 ferentem
959 696 1285 743 prospectantes,
1323 695 1483 727 certum
1519 686 1667 734 habeo,
1704 685 1810 741 quid

414 746 521 786 ‘illis
542 760 629 794 nos,
652 744 798 785 Patres
819 744 1058 799 conscriptI,
1081 744 1266 785 sollicitis
1295 759 1342 784 ac
1370 742 1654 799 pendentibus
1680 742 1810 782 animi

413 803 681 842 ‘renuntiare
710 802 900 842 iubeatis.
964 801 1162 842 Alterum
1189 816 1436 857 responsum
1467 799 1656 849 salutem,
1678 799 1810 840 victo-

415 859 559 908 ‘riam,
596 859 747 908 lucem,
785 873 832 899 ac
872 859 1136 907 libertatem3
1188 858 1365 899 alterum
1416 857 1593 898 ominari
1643 856 1807 906 horreo,

413 922 424 938 ‘
439 931 548 971 quae
568 916 683 956 ferat.
746 915 931 957 Proinde
961 924 1008 956 ut
1036 924 1107 956 aut
1128 915 1181 956 de
1202 916 1347 956 vestris
1368 914 1517 955 futuris
1538 913 1660 955 sociis
1681 922 1806 969 atque

413 978 424 996 ⁶
439 973 595 1022 amicis,
619 982 691 1013 aut
708 988 917 1029 nusquam
938 972 1033 1014 ullis
1054 973 1204 1014 futuris
1224 973 1357 1021 nobis,
1381 971 1611 1013 consulite.’

472 1029 701 1071 Summotis
721 1030 876 1071 deinde
905 1030 1063 1086 legatis,
1086 1045 1218 1085 quum
1248 1029 1463 1070 consultus
1490 1036 1658 1070 senatus
1685 1036 1806 1078 esset,

410 1087 487 1128 etsi
521 1102 694 1143 magnae
728 1087 836 1143 parti
870 1088 967 1128 urbs
1001 1088 1185 1128 maxima
1217 1086 1617 1142 opulentissimaque
1647 1085 1806 1136 Italiae,

410 1145 644 1186 uberrimus
669 1160 767 1200 ager
792 1144 980 1200 marique
1006 1145 1271 1200 propinquus
1299 1144 1353 1185 ad
1373 1143 1594 1185 varietates
1615 1158 1806 1184 annonae

409 1201 606 1243 horreum
627 1202 774 1258 populi
797 1201 982 1243 Romani
1002 1202 1090 1243 fore
1111 1202 1358 1251 videbatur3
1392 1212 1533 1242 tamen
1558 1208 1674 1242 tanta
1693 1200 1808 1241 utili-

411 1267 495 1300 tate
517 1259 621 1300 fides
643 1259 856 1315 antiquior
875 1259 966 1309 fuit,
989 1259 1290 1315 responditque
1316 1259 1374 1300 ita
1398 1272 1451 1299 ex
1477 1257 1721 1299 auctoritate
1743 1272 1807 1299 se-

410 1324 532 1358 natus
564 1316 735 1358 consul:
772 1316 976 1358 ‘Auxilio
1008 1332 1093 1366 vos,
1131 1315 1352 1372 Campani,
1386 1315 1536 1372 dignos
1569 1323 1712 1356 censet
1743 1330 1808 1356 se-

412 1379 423 1396 ‘
439 1383 561 1415 natus
578 1390 586 1414 :
620 1374 695 1415 sed
715 1374 774 1415 ita
794 1374 1009 1415 vobiscum
1030 1373 1256 1415 amicitiam
1278 1373 1441 1414 institui
1461 1387 1535 1428 par
1555 1380 1630 1422 est,
1648 1387 1702 1413 ne
1723 1386 1808 1428 qua

412 1436 423 1454 ‘
439 1432 640 1473 vetustior
660 1431 844 1472 amicitia
865 1446 912 1472 ac
934 1431 1108 1473 societas
1123 1430 1314 1472 violetur.
1360 1429 1568 1472 Samnites
1588 1429 1807 1471 nobiscum

412 1488 605 1529 ‘foedere
637 1489 771 1530 iuncti
798 1497 907 1529 sunt.
971 1488 1120 1545 Itaque
1149 1503 1275 1537 arma,
1298 1488 1399 1529 deos
1425 1487 1554 1544 priuS,
1576 1501 1703 1543 quam
1730 1486 1807 1528 ho-

411 1545 585 1595 ‘mines,
607 1545 824 1595 violatura,
847 1546 1043 1587 adversus
1074 1545 1283 1587 Samnites
1303 1545 1420 1587 vobis
1447 1559 1660 1600 negamus,
1723 1543 1807 1585 Le-

411 1607 568 1658 ‘gat0s,
597 1602 705 1642 sicut
734 1602 793 1642 fas
821 1603 969 1657 iusque
1004 1611 1078 1652 est,
1113 1603 1167 1643 ad
1203 1603 1336 1644 socios
1368 1610 1494 1658 atque
1527 1601 1681 1643 amicos
1711 1615 1806 1657 pre-

409 1665 421 1682 ‘
437 1667 577 1700 catum
609 1659 836 1708 mittemus,
860 1674 912 1699 ne
935 1675 1020 1714 qua
1043 1659 1160 1700 vobis
1185 1659 1245 1699 vis
1271 1659 1369 1700 fiat.’
1429 1658 1501 1700 Ad
1532 1673 1581 1699 ca
1610 1658 1806 1714 princeps

408 1715 641 1771 legationis,
668 1715 747 1770 (sic
776 1716 889 1756 enim
915 1715 1041 1756 domo
1072 1715 1318 1756 mandatum
1349 1714 1594 1769 attulerant)
1627 1721 1638 1738 ‘
1658 1714 1805 1762 Quan-

410 1773 694 1828 ‘doquidem,'
721 1772 873 1828 inquit,
908 1777 1076 1813 ‘nostra
1106 1772 1214 1812 tueri
1245 1772 1440 1812 adversus
1467 1771 1550 1812 vim
1582 1779 1708 1827 atque
1739 1771 1804 1812 in-

410 1830 586 1870 ‘iuriam
607 1830 716 1870 iusta
735 1829 776 1869 vi
796 1844 882 1869 non
903 1828 1041 1879 vultis,
1063 1836 1200 1870 vestra
1220 1837 1330 1870 certe
1353 1827 1600 1869 defendetis.
1653 1827 1803 1884 Itaque

410 1892 421 1910 ‘
437 1887 639 1942 populum
665 1885 944 1941 Campanum,
974 1886 1206 1941 urbemque
1241 1886 1446 1941 Capuam,
1475 1900 1607 1941 agrOS,
1630 1885 1805 1927 delubra

410 1949 421 1967 ‘
437 1944 577 1992 deum,
600 1943 743 1984 divina
772 1943 1040 1998 humanaque
1073 1943 1214 1983 omnia
1243 1943 1288 1982 in
1311 1951 1503 1992 vestram,
1526 1941 1672 1983 Patres
1703 1955 1804 1984 con-

409 2001 592 2056 ‘scripti,
625 1999 856 2056 populique
887 1999 1070 2040 Romani
1103 1999 1307 2040 ditionem
1340 1999 1559 2048 dedimus3
1600 1999 1804 2055 quicquid

410 2064 422 2081 ‘
437 2057 591 2098 deinde
613 2057 835 2113 patiemur,
858 2056 1047 2097 dediticii
1067 2056 1193 2097 vestri
1213 2056 1399 2112 passuri.'
1461 2055 1548 2097 Sub
1568 2056 1671 2097 haec
1692 2056 1805 2098 dicta

408 2129 566 2164 omncs,
590 2129 737 2155 manus
768 2113 821 2154 ad
851 2113 1042 2154 consules
1067 2113 1302 2162 tendentes,
1324 2111 1439 2169 pleni
1463 2112 1728 2154 lacrimarum
1758 2113 1803 2154 in

406 2171 613 2213 vestibulo
641 2171 780 2212 euriae
808 2171 1133 2226 procubuerunt.
1199 2169 1413 2211 Commoti
1434 2169 1580 2211 Patres
1601 2170 1690 2212 vice
1721 2170 1803 2212 for-

408 2238 604 2269 tunarum
644 2228 936 2277 humanarum,
967 2227 1000 2267 si
1036 2227 1105 2268 ille
1139 2235 1388 2283 praepotens
1425 2227 1574 2282 opibus
1607 2227 1801 2283 populus,

406 2285 572 2326 luxuria
592 2285 870 2341 superbiaque
888 2284 1035 2333 clarus,
1053 2299 1078 2324 a
1093 2299 1177 2339 quo
1199 2284 1339 2339 paullo
1360 2292 1457 2324 ante
1487 2283 1690 2325 auxilium
1705 2283 1802 2325 fini-

407 2342 498 2382 timi
531 2343 745 2397 petissent,
780 2341 885 2382 adeo
920 2340 1116 2381 infractos
1153 2349 1316 2396 gereret
1350 2341 1523 2389 animos,
1556 2348 1604 2381 ut
1635 2356 1677 2381 se
1711 2341 1799 2396 ipse

407 2414 564 2454 suaque
587 2399 728 2440 omnia
754 2397 971 2454 potestatis
999 2397 1157 2438 alienae
1179 2398 1360 2438 faceret:
1395 2405 1484 2437 tum
1505 2397 1588 2437 iam
1608 2397 1713 2437 fides
1733 2398 1799 2453 agi
1814 2418 1831 2438 2

407 2456 505 2505 visa,
540 2456 704 2497 deditos
739 2470 825 2496 non
860 2454 993 2510 prodi,
1025 2469 1103 2494 nec
1135 2454 1341 2494 facturum
1377 2468 1512 2508 aequa
1549 2453 1800 2495 Samnitium

406 2513 610 2568 populum
642 2513 880 2560 censebant,
911 2512 944 2551 si
977 2525 1123 2565 agrum
1154 2511 1399 2565 urbemque,
1433 2525 1509 2565 per
1539 2509 1800 2552 deditionem

405 2570 555 2610 factam
575 2569 721 2625 populi
743 2568 941 2616 Romani,
970 2575 1272 2623 oppugnarent.
1336 2566 1518 2622 Legatos
1551 2567 1693 2622 itaque
1725 2582 1799 2608 ex-

405 2626 562 2681 templo
602 2625 712 2667 mitti
753 2625 807 2666 ad
850 2623 1057 2665 Samnites
1097 2623 1278 2678 placuit:
1332 2623 1429 2664 data
1468 2623 1677 2672 mandata,
1725 2629 1800 2664 ‘ut

404 2770 522 2806 strum]
549 2768 601 2799 Sic
618 2769 817 2807 compellant
833 2767 994 2806 Campani
1013 2768 1077 2797 Ro·
1122 2778 1235 2803 nuere,
1254 2770 1286 2797 et
1309 2766 1451 2797 divinam
1474 2765 1737 2806 gubernationem
1759 2775 1798 2796 ac

406 2819 517 2839 manos
543 2815 696 2848 tanquam
721 2811 797 2840 deos
819 2810 986 2849 quosdam,
1009 2814 1078 2839 tan-
1123 2810 1325 2839 voluntatem
1342 2810 1484 2839 denotat.
1509 2809 1615 2840 CREV.

406 2860 501 2888 quam
523 2852 632 2881 [ovem
655 2852 773 2891 ipsum,
797 2852 887 2882 cuius
909 2855 990 2881 nutu
1012 2861 1078 2881 ver-
1166 2861 1183 2881 2
1207 2852 1304 2882 Fides
1319 2853 1390 2891 ayi]
1419 2851 1511 2882 Fidei
1528 2851 1678 2882 interesse
1695 2848 1795 2880 visum

406 2896 518 2920 tuntur
543 2902 580 2921 ac
608 2898 759 2930 reguntur
784 2893 901 2923 omnia.
947 2895 1079 2924 Numen
1123 2897 1180 2924 cst.
1205 2893 1311 2923 (ἷκεν.

407 2933 447 2962 ab
468 2933 579 2962 endem
605 2934 723 2970 origine
740 2939 798 2969 cst,
813 2945 832 2964 a
850 2936 945 2963 verbo
962 2945 1079 2973 nempe
