1934 3211
331 431 410 492 T.
474 432 578 494 LI
598 433 753 496 VII
817 434 1362 502 PATAVINI-

571 626 916 680 LIBER
998 629 1100 682 VI.

240 963 368 1005 UAE
390 965 441 1006 ab
458 963 628 1006 condita
647 965 746 1005 urbe
766 963 905 1005 Roma
925 964 979 1005 ad
1001 974 1165 1020 captam
1188 966 1366 1008 eandem
1389 969 1535 1010 urbem
1553 982 1595 1013 U.
1614 983 1651 1014 C.
1671 983 1741 1024 365.

269 1021 452 1062 Romani
485 1022 562 1062 sub
595 1022 763 1077 regibus
795 1022 991 1077 primum,
1026 1023 1266 1064 consulibus
1299 1024 1454 1067 deinde
1488 1041 1535 1067 ac
1551 1025 1589 1055 Α·
1614 1026 1652 1056 C.
1670 1028 1741 1066 387-

133 1078 420 1128 dictatoribus,
435 1078 768 1134 decemvirisque
786 1093 833 1120 ac
852 1079 1030 1120 tribunis
1047 1080 1336 1122 consularibus
1356 1097 1534 1138 gessere,

131 1135 231 1176 foris
265 1135 386 1185 bella,
421 1135 536 1176 domi
573 1134 812 1185 seditiones,
847 1136 1037 1192 quinque
1073 1136 1189 1178 libris
1225 1140 1429 1194 exposui3
1472 1156 1536 1182 res
1551 1153 1675 1184 Rerum
1692 1165 1746 1184 an-

132 1207 265 1248 quum
287 1201 493 1234 vetustate
516 1193 647 1233 nimia
667 1193 874 1242 obscuras,
893 1193 1010 1234 velut
1026 1209 1133 1249 quae
1157 1210 1310 1251 magno
1331 1211 1385 1237 ex
1407 1195 1712 1244 inter,ti‹1uar13m

131 1249 239 1291 vallo
272 1249 353 1291 loci
386 1250 456 1290 vix
490 1260 746 1298 cernuntur3
780 1258 869 1291 tum
904 1250 1020 1306 quod
1052 1266 1202 1306 parvae
1237 1261 1280 1293 et
1312 1268 1426 1295 rarae
1461 1270 1536 1310 pcr
1548 1238 1735 1270 obscumas.

104 1327 116 1348 1
132 1306 281 1348 eadem
303 1315 493 1363 tempora
514 1307 658 1348 literae
681 1308 809 1356 fuere,
833 1322 918 1348 una
939 1308 1129 1349 custodia
1149 1309 1284 1350 fidelis
1309 1313 1533 1353 memoriae

131 1378 270 1404 rerum
306 1374 544 1419 gestarum:
579 1374 620 1405 ct
649 1364 776 1419 quod,
809 1365 971 1405 etiamsi
1003 1380 1110 1420 quae
1146 1366 1189 1406 in
1223 1369 1534 1409 commentariis

132 1420 382 1476 pontificum
404 1421 578 1476 aliisque
604 1419 784 1477 publicis
808 1421 1063 1477 privatisque
1089 1432 1209 1464 erant
1234 1426 1532 1475 monumentis,

102 1477 303 1518 2inccnsa
334 1478 434 1519 urbc
466 1477 691 1534 pleraeque
724 1478 931 1519 interiere.
998 1478 1187 1520 Clariora
1217 1479 1417 1536 deinceps
1445 1497 1534 1523 cer·
1547 1496 1674 1526 Clarior
1689 1497 1752 1527 iam

133 1535 322 1590 tioraquc
344 1535 395 1575 ab
417 1534 602 1576 secunda
623 1535 797 1589 origine,
820 1534 935 1575 velut
960 1535 1012 1575 ab
1037 1536 1234 1591 stirpibus
1259 1536 1407 1578 laetius
1428 1539 1534 1580 fcra-
1547 1539 1726 1586 certiorque

131 1591 306 1647 eiusque
335 1601 503 1632 renatae
533 1591 659 1640 urbis,
681 1600 798 1646 gesta
817 1591 932 1631 domi
961 1591 1221 1648 militiaeque
1250 1604 1529 1650 exponentur.
1548 1580 1699 1653 ῗξζξξζέξζᾶ

134 1648 336 1690 Ceterum
360 1664 444 1704 quo
476 1648 611 1704 primo
642 1647 899 1689 adminiculo
927 1658 1066 1690 erecta
1093 1658 1193 1699 erat,
1217 1650 1367 1692 eodem
1396 1652 1534 1695 innisa
1703 1648 1709 1654 ⁸

132 1704 194 1746 M.
215 1705 341 1746 Furio
361 1705 551 1761 principe
574 1706 714 1746 stetit:
749 1720 888 1761 neque
911 1721 1008 1747 eum
1031 1706 1224 1748 abdicare
1246 1722 1289 1748 se
1311 1708 1531 1759 dictatura,

97 1777 116 1807 3
130 1763 210 1804 nisi
231 1777 343 1804 anno
364 1763 631 1812 circumacto,
655 1763 763 1818 passi
785 1771 893 1803 sunt.
960 1762 1147 1804 Comitia
1171 1764 1215 1804 in
1237 1764 1531 1821 insequentem

129 1834 287 1861 annum
317 1820 507 1861 tribunos
534 1820 703 1869 habere,
727 1835 906 1875 quorum
936 1820 979 1860 in
1009 1821 1253 1876 magistratu
1283 1832 1406 1879 capta
1436 1825 1533 1865 urbs

129 1885 250 1926 esset,
288 1892 374 1918 non
410 1876 593 1933 placuit:
640 1892 705 1918 rcs
746 1877 799 1917 ad
841 1877 1130 1933 interregnum
1171 1879 1307 1920 rediit.
1385 1880 1531 1928 Quum
1546 1896 1589 1931 Q.
1609 1896 1729 1927 Fabius

129 1934 275 1975 civitas
307 1934 350 1974 in
385 1949 510 1990 opere
543 1949 591 1975 ac
622 1933 761 1975 labore
793 1934 960 1975 assiduo
991 1934 1243 1977 reficiendae
1273 1937 1386 1977 urbis
1415 1947 1533 1979 tene·
1545 1943 1726 1986 accusatus,

130 2000 258 2040 retur,
280 1991 449 2033 interim
474 1992 527 2038 Q„
550 1990 691 2039 Fabio,
714 1990 837 2030 simul
866 1991 1049 2046 primum
1077 1992 1321 2047 magistratu
1342 1994 1457 2043 abiit,
1480 1996 1532 2036 ab
1546 1985 1689 2045 niomur.

133 2047 183 2088 C.
209 2047 372 2088 Marcio
404 2048 573 2087 tribuno
607 2047 740 2102 plebis
773 2047 886 2087 dicta
916 2047 1006 2087 dies
1037 2057 1112 2096 cst,
1145 2049 1261 2103 quod
1294 2049 1455 2104 legatus
1489 2052 1532 2092 in

133 2103 291 2153 Gallos,
314 2103 367 2144 ad
389 2118 494 2159 quos
517 2103 665 2143 missus
685 2113 774 2144 crat
795 2112 946 2152 orator,
969 2113 1116 2144 contra
1144 2105 1207 2144 ius
1234 2106 1424 2157 gentium
1454 2122 1532 2163 pu-

129 2170 322 2215 gnassct:
357 2161 424 2202 cui
458 2159 612 2200 iudicio
641 2174 738 2201 eum
770 2174 892 2209 mors,
916 2159 1021 2200 adeo
1043 2170 1292 2216 opportuna,
1318 2172 1360 2202 ut
1384 2163 1531 2205 volun-

853 2316 965 2342 stelur.
991 2311 1061 2341 infr.
1081 2311 1142 2342 viii.
1161 2321 1211 2350 40.

898 2363 915 2392 3
939 2355 1014 2384 Nisi
1035 2364 1122 2383 anno
1136 2355 1344 2392 circumacto]
1373 2355 1460 2391 Non,
1476 2367 1530 2386 nn-

183 2322 192 2342 ι
225 2313 371 2349 Literna]
415 2310 542 2341 Literae
572 2311 705 2350 quacun
735 2315 807 2341 sunt

129 2354 318 2394 scripturae,
331 2359 362 2384 et
376 2353 493 2391 ingenii
509 2358 722 2383 monumenta
735 2364 807 2383 con-

129 2397 249 2436 scripta
265 2396 429 2434 literisque
442 2395 576 2431 tmditzn
594 2400 692 2434 atque
709 2406 807 2435 oppo-

130 2443 252 2468 nuntur
267 2439 361 2468 rebus
376 2439 462 2468 suma
478 2438 615 2471 truditis,
627 2443 725 2476 atquc
748 2438 808 2468 line

131 2480 243 2511 literae
263 2481 378 2510 merito
400 2490 474 2509 mox
492 2479 644 2510 dicuntur
660 2491 726 2509 una
745 2480 763 2510 i.
780 2491 807 2511 e.

131 2521 237 2558 unica,
251 2522 332 2558 solu,
347 2522 490 2553 custodia
505 2523 615 2561 fidelia
633 2532 736 2552 rerum
755 2533 806 2560 gu>

129 2568 261 2594 starum.
287 2564 439 2594 (immor.

174 2615 190 2635 ἰ
214 2606 394 2645 Pleraeque
410 2606 578 2644 interiere]
602 2606 688 2636 llinc
707 2606 806 2645 liquet

129 2657 225 2686 quam
252 2657 364 2686 pamm
388 2648 584 2678 credendum
605 2648 645 2678 uit
669 2648 706 2677 iia
725 2659 807 2686 qum¹

128 2694 205 2719 ante
215 2690 326 2719 urbem
337 2689 500 2719 inec-namn
513 2695 695 2720 narrantur:
713 2690 803 2728 quip-

131 2741 170 2770 pe
201 2730 259 2770 ipsi
293 2731 480 2770 pontificum
511 2732 656 2765 anund-m,
684 2731 805 2761 ratione

129 2779 311 2812 temporum
332 2778 415 2802 retro
437 2774 478 2801 ab
503 2772 562 2802 Ιιυι·
583 2779 700 2803 mcum
721 2784 803 2803 com-

130 2820 255 2855 putum,
271 2816 310 2844 ιΙι-
335 2815 457 2851 integro
476 2814 614 2845 confecti
634 2820 725 2850 nunu
748 2826 804 2845 nec

127 2859 297 2897 quitquam
333 2858 479 2897 aequalia
509 2858 702 2896 temporibus
740 2857 804 2887 iuis

128 2901 264 2939 scriptor
279 2903 394 2933 esseut,
409 2910 471 2939 qun
487 2900 565 2928 mlix
580 2904 664 2929 ento
676 2904 805 2929 urat-lore

839 2399 896 2424 'no
926 2396 1038 2434 elapso
1069 2406 1088 2424 u
1115 2395 1275 2426 dictatura
1303 2403 1449 2436 acceptu,
1476 2400 1529 2429 scd

853 2437 1049 2467 circumacto
1065 2448 1150 2467 anno
1166 2442 1324 2471 currente.
1341 2444 1375 2468 ut
1393 2439 1532 2470 dictator

855 2479 973 2518 pariter
997 2490 1069 2509 cuin
1096 2479 1233 2510 tribunis
1260 2480 1399 2511 militum
1433 2482 1530 2521 ningi-

852 2527 986 2551 ntrntum
1004 2522 1191 2560 deponeret.
1240 2521 1314 2552 Hoc
1340 2524 1475 2562 probunt
1491 2535 1530 2555 cn

856 2564 960 2599 verba,
1008 2574 1090 2602 «lunc
1144 2563 1289 2602 proxime
1342 2572 1528 2604 sequuntur.

852 2606 958 2635 (ῗιικν.
1007 2606 1142 2635 Necnon
1160 2616 1259 2644 quum
1281 2607 1369 2636 Galli
1396 2607 1427 2637 in
1453 2609 1529 2639 urbe

852 2652 975 2686 septem
1009 2657 1134 2677 ment-cn
1173 2653 1241 2686 pont
1273 2654 1401 2687 captum
1439 2650 1546 2681 illum·

851 2689 1052 2723 mansissent.
1086 2689 1197 2728 1'0151».
1236 2689 1266 2720 ii.
1301 2700 1349 2727 22,
1377 2697 1530 2730 quintum·

851 2741 976 2760 meum-n
1013 2737 1043 2760 ct
1074 2730 1257 2770 quintin-im
1293 2731 1361 2763 dien
1390 2739 1529 2764 [nntium-

852 2773 947 2802 nunlo
974 2779 1172 2812 nupt-rerunt,
1195 2773 1311 2812 quibua
1335 2775 1453 2814 clapsis
1475 2787 1528 2807 nn-

850 2825 909 2844 nun
932 2814 1212 2853 circumageretur,
1235 2821 1332 2856 ntquc
1359 2817 1529 2848 Kalendae

851 2855 1028 2892 Quinctilii·
1042 2857 1200 2888 adessent.
