<?xml version="1.0" encoding="UTF-8"?>
<!DOCTYPE html PUBLIC "-//W3C//DTD XHTML 1.0 Transitional//EN"
    "http://www.w3.org/TR/xhtml1/DTD/xhtml1-transitional.dtd">
<html xmlns="http://www.w3.org/1999/xhtml" xml:lang="en" lang="en">
 <head>
  <title>
</title>
<meta http-equiv="Content-Type" content="text/html;charset=utf-8" />
  <meta name='ocr-system' content='tesseract 3.04.00' />
  <meta name='ocr-capabilities' content='ocr_page ocr_carea ocr_par ocr_line ocrx_word'/>
</head>
<body>
  <div class='ocr_page' id='page_1' title='image "./historiarumli01livyuoft_0249.png"; bbox 0 0 1934 3211; ppageno 0'>
   <div class='ocr_carea' id='block_1_1' title="bbox 579 176 1536 222">
    <p class='ocr_par' dir='ltr' id='par_1_1' title="bbox 579 176 1536 222">
     <span class='ocr_line' id='line_1_1' title="bbox 579 176 1536 222; baseline 0.002 -3"><span class='ocrx_word' id='word_1_1' title='bbox 579 176 703 219; x_wconf 90' lang='lat' dir='ltr'><strong>LIB.</strong></span> <span class='ocrx_word' id='word_1_2' title='bbox 738 176 813 218; x_wconf 91' lang='lat' dir='ltr'><strong>IV.</strong></span> <span class='ocrx_word' id='word_1_3' title='bbox 864 176 1008 219; x_wconf 91' lang='lat' dir='ltr'><strong>CAP.</strong></span> <span class='ocrx_word' id='word_1_4' title='bbox 1046 181 1108 218; x_wconf 89' lang='lat' dir='ltr'><strong>ll.</strong></span> <span class='ocrx_word' id='word_1_5' title='bbox 1456 182 1536 222; x_wconf 82' lang='lat'><strong>237</strong></span> 
     </span>
    </p>
   </div>
   <div class='ocr_carea' id='block_1_2' title="bbox 128 266 1764 2745">
    <p class='ocr_par' dir='ltr' id='par_1_2' title="bbox 128 266 1764 2745">
     <span class='ocr_line' id='line_1_2' title="bbox 157 266 1742 327; baseline 0.002 -16"><span class='ocrx_word' id='word_1_6' title='bbox 157 276 169 295; x_wconf 89' lang='lat'>‘</span> <span class='ocrx_word' id='word_1_7' title='bbox 182 285 295 313; x_wconf 81' lang='lat' dir='ltr'><strong>arma</strong></span> <span class='ocrx_word' id='word_1_8' title='bbox 320 269 446 327; x_wconf 82' lang='lat' dir='ltr'><strong>poni,’</strong></span> <span class='ocrx_word' id='word_1_9' title='bbox 472 269 600 317; x_wconf 90' lang='lat' dir='ltr'><strong>iubet,</strong></span> <span class='ocrx_word' id='word_1_10' title='bbox 624 273 635 291; x_wconf 92' lang='lat'>‘</span> <span class='ocrx_word' id='word_1_11' title='bbox 650 266 828 309; x_wconf 85' lang='lat' dir='ltr'><strong>fatentes</strong></span> <span class='ocrx_word' id='word_1_12' title='bbox 855 267 984 309; x_wconf 88' lang='lat' dir='ltr'><strong>victos</strong></span> <span class='ocrx_word' id='word_1_13' title='bbox 1004 282 1047 309; x_wconf 90' lang='lat' dir='ltr'><strong>se</strong></span> <span class='ocrx_word' id='word_1_14' title='bbox 1075 282 1176 317; x_wconf 88' lang='lat' dir='ltr'><strong>esse,</strong></span> <span class='ocrx_word' id='word_1_15' title='bbox 1198 277 1240 310; x_wconf 90' lang='lat' dir='ltr'><strong>et</strong></span> <span class='ocrx_word' id='word_1_16' title='bbox 1270 268 1445 325; x_wconf 87' lang='lat' dir='ltr'><strong>imperio</strong></span> <span class='ocrx_word' id='word_1_17' title='bbox 1465 285 1539 327; x_wconf 87' lang='lat' dir='ltr'><strong>pa·</strong></span> <span class='ocrx_word' id='word_1_18' title='bbox 1553 281 1597 313; x_wconf 83' lang='lat' dir='ltr'><strong>U.</strong></span> <span class='ocrx_word' id='word_1_19' title='bbox 1614 281 1652 314; x_wconf 89' lang='lat' dir='ltr'><strong>c.</strong></span> <span class='ocrx_word' id='word_1_20' title='bbox 1670 292 1742 322; x_wconf 77' lang='lat'><strong>312.</strong></span> 
     </span>
     <span class='ocr_line' id='line_1_3' title="bbox 157 325 1743 381; baseline -0.001 -11"><span class='ocrx_word' id='word_1_21' title='bbox 157 334 291 370; x_wconf 78' lang='lat' dir='ltr'><strong>‘rerez</strong></span> <span class='ocrx_word' id='word_1_22' title='bbox 323 327 453 376; x_wconf 85' lang='lat' dir='ltr'><strong>aliter,</strong></span> <span class='ocrx_word' id='word_1_23' title='bbox 475 335 559 367; x_wconf 90' lang='lat' dir='ltr'><strong>tam</strong></span> <span class='ocrx_word' id='word_1_24' title='bbox 580 325 840 375; x_wconf 88' lang='lat' dir='ltr'><strong>abeuntibus,</strong></span> <span class='ocrx_word' id='word_1_25' title='bbox 862 340 988 381; x_wconf 88' lang='lat' dir='ltr'><strong>quam</strong></span> <span class='ocrx_word' id='word_1_26' title='bbox 1015 325 1294 375; x_wconf 90' lang='lat' dir='ltr'><strong>manentibus,</strong></span> <span class='ocrx_word' id='word_1_27' title='bbox 1314 341 1358 367; x_wconf 90' lang='lat' dir='ltr'><strong>se</strong></span> <span class='ocrx_word' id='word_1_28' title='bbox 1378 325 1539 368; x_wconf 91' lang='lat' dir='ltr'><strong>hostem</strong></span> <span class='ocrx_word' id='word_1_29' title='bbox 1553 325 1591 356; x_wconf 82' lang='lat' dir='ltr'><strong>A.</strong></span> <span class='ocrx_word' id='word_1_30' title='bbox 1615 325 1653 356; x_wconf 88' lang='lat' dir='ltr'><strong>C.</strong></span> <span class='ocrx_word' id='word_1_31' title='bbox 1669 335 1743 364; x_wconf 77' lang='lat'>⁴40·</span> 
     </span>
     <span class='ocr_line' id='line_1_4' title="bbox 156 382 1541 439; baseline -0.001 -12"><span class='ocrx_word' id='word_1_32' title='bbox 156 391 169 410; x_wconf 95' lang='lat'>‘</span> <span class='ocrx_word' id='word_1_33' title='bbox 183 385 404 434; x_wconf 88' lang='lat' dir='ltr'><strong>infensum,</strong></span> <span class='ocrx_word' id='word_1_34' title='bbox 431 383 644 425; x_wconf 87' lang='lat' dir='ltr'><strong>victoriam</strong></span> <span class='ocrx_word' id='word_1_35' title='bbox 671 382 810 439; x_wconf 90' lang='lat' dir='ltr'><strong>potius</strong></span> <span class='ocrx_word' id='word_1_36' title='bbox 834 397 887 424; x_wconf 85' lang='lat' dir='ltr'><strong>ex</strong></span> <span class='ocrx_word' id='word_1_37' title='bbox 915 382 1091 432; x_wconf 83' lang='lat' dir='ltr'>Volscis,</span> <span class='ocrx_word' id='word_1_38' title='bbox 1120 398 1247 439; x_wconf 86' lang='lat' dir='ltr'><strong>quam</strong></span> <span class='ocrx_word' id='word_1_39' title='bbox 1270 398 1416 439; x_wconf 89' lang='lat' dir='ltr'>pacem</span> <span class='ocrx_word' id='word_1_40' title='bbox 1446 383 1541 425; x_wconf 88' lang='lat' dir='ltr'><strong>infi-</strong></span> 
     </span>
     <span class='ocr_line' id='line_1_5' title="bbox 157 439 1757 497; baseline -0.001 -13"><span class='ocrx_word' id='word_1_41' title='bbox 157 441 290 492; x_wconf 84' lang='lat' dir='ltr'><strong>‘dam,</strong></span> <span class='ocrx_word' id='word_1_42' title='bbox 314 441 493 483; x_wconf 86' lang='lat' dir='ltr'>Romam</span> <span class='ocrx_word' id='word_1_43' title='bbox 514 440 765 482; x_wconf 87' lang='lat' dir='ltr'><strong>relaturum.’</strong></span> <span class='ocrx_word' id='word_1_44' title='bbox 823 439 968 483; x_wconf 86' lang='lat' dir='ltr'>Volsci</span> <span class='ocrx_word' id='word_1_45' title='bbox 988 441 1184 497; x_wconf 83' lang='lat' dir='ltr'><strong>exiguam</strong></span> <span class='ocrx_word' id='word_1_46' title='bbox 1201 455 1318 497; x_wconf 91' lang='lat' dir='ltr'><strong>spem</strong></span> <span class='ocrx_word' id='word_1_47' title='bbox 1338 441 1382 482; x_wconf 93' lang='lat' dir='ltr'><strong>in</strong></span> <span class='ocrx_word' id='word_1_48' title='bbox 1403 441 1539 491; x_wconf 88' lang='lat' dir='ltr'><strong>armis,</strong></span> <span class='ocrx_word' id='word_1_49' title='bbox 1555 450 1654 489; x_wconf 85' lang='lat' dir='ltr'>Victi,</span> <span class='ocrx_word' id='word_1_50' title='bbox 1670 451 1757 482; x_wconf 84' lang='lat' dir='ltr'><strong>dedi-</strong></span> 
     </span>
     <span class='ocr_line' id='line_1_6' title="bbox 155 495 1758 556; baseline 0.001 -15"><span class='ocrx_word' id='word_1_51' title='bbox 155 499 236 542; x_wconf 86' lang='lat' dir='ltr'><strong>alia</strong></span> <span class='ocrx_word' id='word_1_52' title='bbox 254 499 441 556; x_wconf 87' lang='lat' dir='ltr'><strong>undique</strong></span> <span class='ocrx_word' id='word_1_53' title='bbox 455 498 622 548; x_wconf 90' lang='lat' dir='ltr'><strong>abscisa,</strong></span> <span class='ocrx_word' id='word_1_54' title='bbox 640 513 771 554; x_wconf 90' lang='lat' dir='ltr'><strong>quum</strong></span> <span class='ocrx_word' id='word_1_55' title='bbox 789 506 1027 548; x_wconf 86' lang='lat' dir='ltr'><strong>tentassent,</strong></span> <span class='ocrx_word' id='word_1_56' title='bbox 1042 507 1205 555; x_wconf 89' lang='lat' dir='ltr'><strong>praeter</strong></span> <span class='ocrx_word' id='word_1_57' title='bbox 1220 507 1357 540; x_wconf 87' lang='lat' dir='ltr'><strong>cetera</strong></span> <span class='ocrx_word' id='word_1_58' title='bbox 1372 498 1541 540; x_wconf 80' lang='lat' dir='ltr'><strong>adversa</strong></span> <span class='ocrx_word' id='word_1_59' title='bbox 1554 499 1587 542; x_wconf 59' lang='lat'><strong>3⁰</strong></span> <span class='ocrx_word' id='word_1_60' title='bbox 1598 495 1689 531; x_wconf 78' lang='lat' dir='ltr'><strong>duce,</strong></span> <span class='ocrx_word' id='word_1_61' title='bbox 1700 495 1758 542; x_wconf 59' lang='grc' dir='ltr'><strong>ΒΨ)</strong></span> 
     </span>
     <span class='ocr_line' id='line_1_7' title="bbox 155 541 1747 614; baseline -0.001 -15"><span class='ocrx_word' id='word_1_62' title='bbox 155 557 248 600; x_wconf 92' lang='lat' dir='ltr'><strong>loco</strong></span> <span class='ocrx_word' id='word_1_63' title='bbox 279 572 448 614; x_wconf 92' lang='lat' dir='ltr'><strong>quoque</strong></span> <span class='ocrx_word' id='word_1_64' title='bbox 488 556 634 613; x_wconf 89' lang='lat' dir='ltr'><strong>iniquo</strong></span> <span class='ocrx_word' id='word_1_65' title='bbox 674 555 728 597; x_wconf 86' lang='lat' dir='ltr'><strong>ad</strong></span> <span class='ocrx_word' id='word_1_66' title='bbox 766 571 951 612; x_wconf 86' lang='lat' dir='ltr'><strong>pugnam</strong></span> <span class='ocrx_word' id='word_1_67' title='bbox 985 556 1206 613; x_wconf 82' lang='lat' dir='ltr'>congressi,</span> <span class='ocrx_word' id='word_1_68' title='bbox 1243 556 1449 612; x_wconf 76' lang='lat' dir='ltr'>iniquiore</span> <span class='ocrx_word' id='word_1_69' title='bbox 1490 541 1747 611; x_wconf 47' lang='lat' dir='ltr'><strong>adssffissffimst&#39;</strong></span> 
     </span>
     <span class='ocr_line' id='line_1_8' title="bbox 155 613 1544 672; baseline 0 -16"><span class='ocrx_word' id='word_1_70' title='bbox 155 614 309 672; x_wconf 84' lang='lat' dir='ltr'><strong>fugam,</strong></span> <span class='ocrx_word' id='word_1_71' title='bbox 331 629 463 671; x_wconf 89' lang='lat' dir='ltr'><strong>quum</strong></span> <span class='ocrx_word' id='word_1_72' title='bbox 492 614 543 655; x_wconf 91' lang='lat' dir='ltr'><strong>ab</strong></span> <span class='ocrx_word' id='word_1_73' title='bbox 571 613 686 655; x_wconf 90' lang='lat' dir='ltr'><strong>omni</strong></span> <span class='ocrx_word' id='word_1_74' title='bbox 705 622 821 670; x_wconf 91' lang='lat' dir='ltr'><strong>parte</strong></span> <span class='ocrx_word' id='word_1_75' title='bbox 849 613 1132 663; x_wconf 85' lang='lat' dir='ltr'><strong>caederentur,</strong></span> <span class='ocrx_word' id='word_1_76' title='bbox 1154 613 1208 656; x_wconf 88' lang='lat' dir='ltr'><strong>ad</strong></span> <span class='ocrx_word' id='word_1_77' title='bbox 1234 629 1377 670; x_wconf 87' lang='lat' dir='ltr'><strong>preces</strong></span> <span class='ocrx_word' id='word_1_78' title='bbox 1404 629 1429 656; x_wconf 88' lang='lat' dir='ltr'><strong>a</strong></span> <span class='ocrx_word' id='word_1_79' title='bbox 1455 629 1544 656; x_wconf 90' lang='lat' dir='ltr'><strong>cer-</strong></span> 
     </span>
     <span class='ocr_line' id='line_1_9' title="bbox 156 671 1545 729; baseline -0.001 -15"><span class='ocrx_word' id='word_1_80' title='bbox 156 672 311 714; x_wconf 84' lang='lat' dir='ltr'>tamine</span> <span class='ocrx_word' id='word_1_81' title='bbox 331 672 450 722; x_wconf 86' lang='lat' dir='ltr'><strong>versi,</strong></span> <span class='ocrx_word' id='word_1_82' title='bbox 464 671 607 713; x_wconf 90' lang='lat' dir='ltr'><strong>dedito</strong></span> <span class='ocrx_word' id='word_1_83' title='bbox 627 671 873 727; x_wconf 87' lang='lat' dir='ltr'><strong>imperatore</strong></span> <span class='ocrx_word' id='word_1_84' title='bbox 891 671 1133 728; x_wconf 81' lang='lat' dir='ltr'><strong>traditisque</strong></span> <span class='ocrx_word' id='word_1_85' title='bbox 1150 671 1284 722; x_wconf 88' lang='lat' dir='ltr'><strong>armis,</strong></span> <span class='ocrx_word' id='word_1_86' title='bbox 1302 672 1377 713; x_wconf 90' lang='lat' dir='ltr'><strong>sub</strong></span> <span class='ocrx_word' id='word_1_87' title='bbox 1398 672 1545 729; x_wconf 85' lang='lat' dir='ltr'><strong>iugum</strong></span> 
     </span>
     <span class='ocr_line' id='line_1_10' title="bbox 157 729 1545 787; baseline -0.001 -15"><span class='ocrx_word' id='word_1_88' title='bbox 157 730 282 780; x_wconf 87' lang='lat' dir='ltr'><strong>missi,</strong></span> <span class='ocrx_word' id='word_1_89' title='bbox 303 745 401 772; x_wconf 92' lang='lat' dir='ltr'><strong>cum</strong></span> <span class='ocrx_word' id='word_1_90' title='bbox 427 729 601 785; x_wconf 78' lang='lat' dir='ltr'><strong>singulis</strong></span> <span class='ocrx_word' id='word_1_91' title='bbox 625 729 882 771; x_wconf 85' lang='lat' dir='ltr'><strong>vestimentis</strong></span> <span class='ocrx_word' id='word_1_92' title='bbox 908 729 1162 785; x_wconf 85' lang='lat' dir='ltr'>ignominiae</span> <span class='ocrx_word' id='word_1_93' title='bbox 1190 729 1401 786; x_wconf 80' lang='lat' dir='ltr'><strong>cladisque</strong></span> <span class='ocrx_word' id='word_1_94' title='bbox 1429 729 1545 787; x_wconf 90' lang='lat' dir='ltr'><strong>pleni</strong></span> 
     </span>
     <span class='ocr_line' id='line_1_11' title="bbox 157 786 1544 843; baseline 0 -14"><span class='ocrx_word' id='word_1_95' title='bbox 157 787 435 829; x_wconf 87' lang='lat' dir='ltr'><strong>dimittuntur.</strong></span> <span class='ocrx_word' id='word_1_96' title='bbox 499 787 566 837; x_wconf 85' lang='lat' dir='ltr'><strong>Et,</strong></span> <span class='ocrx_word' id='word_1_97' title='bbox 588 802 720 843; x_wconf 88' lang='lat' dir='ltr'><strong>quum</strong></span> <span class='ocrx_word' id='word_1_98' title='bbox 748 786 861 828; x_wconf 89' lang='lat' dir='ltr'><strong>haud</strong></span> <span class='ocrx_word' id='word_1_99' title='bbox 889 786 1033 843; x_wconf 91' lang='lat' dir='ltr'><strong>procul</strong></span> <span class='ocrx_word' id='word_1_100' title='bbox 1061 787 1162 828; x_wconf 87' lang='lat' dir='ltr'><strong>urbe</strong></span> <span class='ocrx_word' id='word_1_101' title='bbox 1184 787 1370 829; x_wconf 88' lang='lat' dir='ltr'><strong>Tusculo</strong></span> <span class='ocrx_word' id='word_1_102' title='bbox 1398 803 1544 829; x_wconf 92' lang='lat' dir='ltr'><strong>conse-</strong></span> 
     </span>
     <span class='ocr_line' id='line_1_12' title="bbox 157 843 1544 901; baseline -0.001 -13"><span class='ocrx_word' id='word_1_103' title='bbox 157 845 326 895; x_wconf 87' lang='lat' dir='ltr'><strong>dissent,</strong></span> <span class='ocrx_word' id='word_1_104' title='bbox 347 854 485 886; x_wconf 88' lang='lat' dir='ltr'><strong>vetere</strong></span> <span class='ocrx_word' id='word_1_105' title='bbox 514 843 847 886; x_wconf 91' lang='lat' dir='ltr'><strong>Tusculanorum</strong></span> <span class='ocrx_word' id='word_1_106' title='bbox 875 844 972 886; x_wconf 91' lang='lat' dir='ltr'><strong>odio</strong></span> <span class='ocrx_word' id='word_1_107' title='bbox 998 844 1177 886; x_wconf 91' lang='lat' dir='ltr'><strong>inermes</strong></span> <span class='ocrx_word' id='word_1_108' title='bbox 1204 845 1388 901; x_wconf 87' lang='lat' dir='ltr'><strong>oppressi</strong></span> <span class='ocrx_word' id='word_1_109' title='bbox 1415 845 1544 887; x_wconf 90' lang='lat' dir='ltr'><strong>dede-</strong></span> 
     </span>
     <span class='ocr_line' id='line_1_13' title="bbox 157 902 1747 960; baseline -0.003 -15"><span class='ocrx_word' id='word_1_110' title='bbox 157 912 257 945; x_wconf 86' lang='lat' dir='ltr'><strong>runt</strong></span> <span class='ocrx_word' id='word_1_111' title='bbox 282 918 449 960; x_wconf 77' lang='lat' dir='ltr'><strong>poenaS,</strong></span> <span class='ocrx_word' id='word_1_112' title='bbox 471 902 541 943; x_wconf 83' lang='lat' dir='ltr'><strong>vix</strong></span> <span class='ocrx_word' id='word_1_113' title='bbox 562 902 720 943; x_wconf 89' lang='lat' dir='ltr'><strong>nuntiis</strong></span> <span class='ocrx_word' id='word_1_114' title='bbox 747 902 884 943; x_wconf 88' lang='lat' dir='ltr'><strong>caedis</strong></span> <span class='ocrx_word' id='word_1_115' title='bbox 904 902 1066 944; x_wconf 90' lang='lat' dir='ltr'><strong>relictis.</strong></span> <span class='ocrx_word' id='word_1_116' title='bbox 1131 902 1348 944; x_wconf 90' lang='lat' dir='ltr'><strong>Romanus</strong></span> <span class='ocrx_word' id='word_1_117' title='bbox 1375 902 1542 945; x_wconf 88' lang='lat' dir='ltr'><strong>Ardeae</strong></span> <span class='ocrx_word' id='word_1_118' title='bbox 1557 912 1682 944; x_wconf 83' lang='lat' dir='ltr'><strong>Ardeae</strong></span> <span class='ocrx_word' id='word_1_119' title='bbox 1698 922 1747 942; x_wconf 73' lang='lat' dir='ltr'><strong>res</strong></span> 
     </span>
     <span class='ocr_line' id='line_1_14' title="bbox 158 955 1761 1017; baseline 0 -15"><span class='ocrx_word' id='word_1_120' title='bbox 158 961 342 1002; x_wconf 86' lang='lat' dir='ltr'><strong>turbatas</strong></span> <span class='ocrx_word' id='word_1_121' title='bbox 371 960 574 1002; x_wconf 91' lang='lat' dir='ltr'><strong>seditione</strong></span> <span class='ocrx_word' id='word_1_122' title='bbox 606 975 682 1009; x_wconf 90' lang='lat' dir='ltr'><strong>res,</strong></span> <span class='ocrx_word' id='word_1_123' title='bbox 713 959 971 1016; x_wconf 90' lang='lat' dir='ltr'><strong>principibus</strong></span> <span class='ocrx_word' id='word_1_124' title='bbox 1000 960 1089 1001; x_wconf 91' lang='lat' dir='ltr'><strong>eius</strong></span> <span class='ocrx_word' id='word_1_125' title='bbox 1120 969 1256 1002; x_wconf 89' lang='lat' dir='ltr'><strong>motus</strong></span> <span class='ocrx_word' id='word_1_126' title='bbox 1286 961 1419 1002; x_wconf 92' lang='lat' dir='ltr'><strong>securi</strong></span> <span class='ocrx_word' id='word_1_127' title='bbox 1449 976 1543 1017; x_wconf 89' lang='lat' dir='ltr'><strong>per·</strong></span> <span class='ocrx_word' id='word_1_128' title='bbox 1555 955 1761 996; x_wconf 75' lang='lat' dir='ltr'><strong>compositae.</strong></span> 
     </span>
     <span class='ocr_line' id='line_1_15' title="bbox 158 1017 1542 1074; baseline 0 -14"><span class='ocrx_word' id='word_1_129' title='bbox 158 1019 298 1068; x_wconf 87' lang='lat' dir='ltr'><strong>cussis,</strong></span> <span class='ocrx_word' id='word_1_130' title='bbox 333 1018 532 1074; x_wconf 89' lang='lat' dir='ltr'>bonisque</span> <span class='ocrx_word' id='word_1_131' title='bbox 568 1032 713 1059; x_wconf 91' lang='lat' dir='ltr'><strong>eorum</strong></span> <span class='ocrx_word' id='word_1_132' title='bbox 743 1017 786 1058; x_wconf 91' lang='lat' dir='ltr'><strong>in</strong></span> <span class='ocrx_word' id='word_1_133' title='bbox 822 1017 1037 1074; x_wconf 91' lang='lat' dir='ltr'><strong>publicum</strong></span> <span class='ocrx_word' id='word_1_134' title='bbox 1073 1017 1322 1060; x_wconf 82' lang='lat' dir='ltr'>Ardeatium</span> <span class='ocrx_word' id='word_1_135' title='bbox 1353 1018 1542 1068; x_wconf 89' lang='lat' dir='ltr'><strong>redactis,</strong></span> 
     </span>
     <span class='ocr_line' id='line_1_16' title="bbox 157 1074 1544 1132; baseline 0 -14"><span class='ocrx_word' id='word_1_136' title='bbox 157 1075 412 1132; x_wconf 80' lang='lat' dir='ltr'>composuit:</span> <span class='ocrx_word' id='word_1_137' title='bbox 464 1075 760 1131; x_wconf 84' lang='lat' dir='ltr'><strong>demptamque</strong></span> <span class='ocrx_word' id='word_1_138' title='bbox 792 1074 985 1116; x_wconf 88' lang='lat' dir='ltr'><strong>iniuriam</strong></span> <span class='ocrx_word' id='word_1_139' title='bbox 1020 1075 1163 1117; x_wconf 91' lang='lat' dir='ltr'><strong>iudicii</strong></span> <span class='ocrx_word' id='word_1_140' title='bbox 1194 1085 1310 1118; x_wconf 90' lang='lat' dir='ltr'><strong>tanto</strong></span> <span class='ocrx_word' id='word_1_141' title='bbox 1340 1076 1544 1119; x_wconf 84' lang='lat' dir='ltr'><strong>beneficio</strong></span> 
     </span>
     <span class='ocr_line' id='line_1_17' title="bbox 158 1132 1545 1190; baseline 0.001 -16"><span class='ocrx_word' id='word_1_142' title='bbox 158 1132 303 1190; x_wconf 89' lang='lat' dir='ltr'><strong>populi</strong></span> <span class='ocrx_word' id='word_1_143' title='bbox 326 1133 508 1175; x_wconf 86' lang='lat' dir='ltr'><strong>Romani</strong></span> <span class='ocrx_word' id='word_1_144' title='bbox 537 1132 742 1174; x_wconf 85' lang='lat' dir='ltr'><strong>Ardeates</strong></span> <span class='ocrx_word' id='word_1_145' title='bbox 763 1132 1012 1182; x_wconf 86' lang='lat' dir='ltr'><strong>credebant3</strong></span> <span class='ocrx_word' id='word_1_146' title='bbox 1045 1133 1207 1175; x_wconf 90' lang='lat' dir='ltr'><strong>senatui</strong></span> <span class='ocrx_word' id='word_1_147' title='bbox 1227 1149 1439 1190; x_wconf 88' lang='lat' dir='ltr'><strong>superesse</strong></span> <span class='ocrx_word' id='word_1_148' title='bbox 1471 1133 1545 1176; x_wconf 86' lang='lat' dir='ltr'><strong>ali—</strong></span> 
     </span>
     <span class='ocr_line' id='line_1_18' title="bbox 157 1190 1545 1248; baseline 0.001 -15"><span class='ocrx_word' id='word_1_149' title='bbox 157 1190 263 1248; x_wconf 91' lang='lat' dir='ltr'>quid</span> <span class='ocrx_word' id='word_1_150' title='bbox 292 1190 346 1232; x_wconf 90' lang='lat' dir='ltr'><strong>ad</strong></span> <span class='ocrx_word' id='word_1_151' title='bbox 376 1190 603 1232; x_wconf 89' lang='lat' dir='ltr'><strong>delendum</strong></span> <span class='ocrx_word' id='word_1_152' title='bbox 632 1190 823 1247; x_wconf 88' lang='lat' dir='ltr'><strong>publicae</strong></span> <span class='ocrx_word' id='word_1_153' title='bbox 855 1191 1047 1232; x_wconf 88' lang='lat' dir='ltr'><strong>avaritiae</strong></span> <span class='ocrx_word' id='word_1_154' title='bbox 1080 1201 1398 1233; x_wconf 90' lang='lat' dir='ltr'>monumentum</span> <span class='ocrx_word' id='word_1_155' title='bbox 1429 1192 1545 1234; x_wconf 88' lang='lat' dir='ltr'><strong>vide-</strong></span> 
     </span>
     <span class='ocr_line' id='line_1_19' title="bbox 128 1247 1543 1304; baseline 0.001 -14"><span class='ocrx_word' id='word_1_156' title='bbox 128 1249 289 1295; x_wconf 83' lang='lat' dir='ltr'><strong>5batur.</strong></span> <span class='ocrx_word' id='word_1_157' title='bbox 354 1247 515 1291; x_wconf 89' lang='lat' dir='ltr'><strong>Consul</strong></span> <span class='ocrx_word' id='word_1_158' title='bbox 546 1247 805 1304; x_wconf 88' lang='lat' dir='ltr'><strong>triumphans</strong></span> <span class='ocrx_word' id='word_1_159' title='bbox 835 1249 879 1289; x_wconf 94' lang='lat' dir='ltr'><strong>in</strong></span> <span class='ocrx_word' id='word_1_160' title='bbox 915 1249 1059 1290; x_wconf 90' lang='lat' dir='ltr'><strong>urbem</strong></span> <span class='ocrx_word' id='word_1_161' title='bbox 1090 1249 1209 1299; x_wconf 90' lang='lat' dir='ltr'><strong>redit,</strong></span> <span class='ocrx_word' id='word_1_162' title='bbox 1243 1248 1406 1292; x_wconf 89' lang='lat' dir='ltr'><strong>Cloelio</strong></span> <span class='ocrx_word' id='word_1_163' title='bbox 1437 1249 1543 1292; x_wconf 89' lang='lat' dir='ltr'><strong>duce</strong></span> 
     </span>
     <span class='ocr_line' id='line_1_20' title="bbox 159 1305 1545 1364; baseline -0.001 -15"><span class='ocrx_word' id='word_1_164' title='bbox 159 1306 409 1349; x_wconf 87' lang='lat' dir='ltr'><strong>Volscorum</strong></span> <span class='ocrx_word' id='word_1_165' title='bbox 437 1315 532 1347; x_wconf 84' lang='lat' dir='ltr'><strong>ante</strong></span> <span class='ocrx_word' id='word_1_166' title='bbox 554 1321 720 1347; x_wconf 85' lang='lat' dir='ltr'><strong>currum</strong></span> <span class='ocrx_word' id='word_1_167' title='bbox 751 1305 890 1356; x_wconf 91' lang='lat' dir='ltr'><strong>ducto,</strong></span> <span class='ocrx_word' id='word_1_168' title='bbox 913 1306 1186 1363; x_wconf 67' lang='lat' dir='ltr'><strong>praebitisque</strong></span> <span class='ocrx_word' id='word_1_169' title='bbox 1217 1307 1369 1363; x_wconf 88' lang='lat' dir='ltr'><strong>spoliis,</strong></span> <span class='ocrx_word' id='word_1_170' title='bbox 1392 1307 1545 1364; x_wconf 91' lang='lat' dir='ltr'><strong>quibus</strong></span> 
     </span>
     <span class='ocr_line' id='line_1_21' title="bbox 159 1363 1329 1420; baseline -0.001 -14"><span class='ocrx_word' id='word_1_171' title='bbox 159 1363 418 1406; x_wconf 86' lang='lat' dir='ltr'><strong>dearmatum</strong></span> <span class='ocrx_word' id='word_1_172' title='bbox 439 1363 668 1405; x_wconf 82' lang='lat' dir='ltr'><strong>exercitum</strong></span> <span class='ocrx_word' id='word_1_173' title='bbox 689 1363 869 1405; x_wconf 88' lang='lat' dir='ltr'><strong>hostium</strong></span> <span class='ocrx_word' id='word_1_174' title='bbox 891 1364 966 1405; x_wconf 92' lang='lat' dir='ltr'><strong>sub</strong></span> <span class='ocrx_word' id='word_1_175' title='bbox 987 1363 1133 1420; x_wconf 86' lang='lat' dir='ltr'><strong>iugum</strong></span> <span class='ocrx_word' id='word_1_176' title='bbox 1153 1364 1329 1405; x_wconf 88' lang='lat' dir='ltr'><strong>miserat.</strong></span> 
     </span>
     <span class='ocr_line' id='line_1_22' title="bbox 217 1420 1545 1479; baseline 0 -16"><span class='ocrx_word' id='word_1_177' title='bbox 217 1422 441 1478; x_wconf 88' lang='lat' dir='ltr'><strong>Aequavit,</strong></span> <span class='ocrx_word' id='word_1_178' title='bbox 464 1420 578 1478; x_wconf 91' lang='lat' dir='ltr'><strong>quod</strong></span> <span class='ocrx_word' id='word_1_179' title='bbox 598 1420 711 1462; x_wconf 90' lang='lat' dir='ltr'><strong>haud</strong></span> <span class='ocrx_word' id='word_1_180' title='bbox 730 1421 849 1462; x_wconf 86' lang='lat' dir='ltr'><strong>facile</strong></span> <span class='ocrx_word' id='word_1_181' title='bbox 870 1429 943 1471; x_wconf 91' lang='lat' dir='ltr'><strong>est,</strong></span> <span class='ocrx_word' id='word_1_182' title='bbox 970 1420 1196 1469; x_wconf 85' lang='lat' dir='ltr'><strong>Quinctius</strong></span> <span class='ocrx_word' id='word_1_183' title='bbox 1216 1421 1361 1463; x_wconf 91' lang='lat' dir='ltr'><strong>consul</strong></span> <span class='ocrx_word' id='word_1_184' title='bbox 1382 1431 1545 1479; x_wconf 83' lang='lat' dir='ltr'><strong>togatus</strong></span> 
     </span>
     <span class='ocr_line' id='line_1_23' title="bbox 160 1478 1545 1537; baseline 0.001 -16"><span class='ocrx_word' id='word_1_185' title='bbox 160 1480 306 1522; x_wconf 80' lang='lat' dir='ltr'><strong>armati</strong></span> <span class='ocrx_word' id='word_1_186' title='bbox 336 1479 508 1537; x_wconf 81' lang='lat' dir='ltr'><strong>gloriam</strong></span> <span class='ocrx_word' id='word_1_187' title='bbox 537 1478 741 1535; x_wconf 85' lang='lat' dir='ltr'><strong>collegae:</strong></span> <span class='ocrx_word' id='word_1_188' title='bbox 774 1478 874 1535; x_wconf 87' lang='lat' dir='ltr'><strong>quia</strong></span> <span class='ocrx_word' id='word_1_189' title='bbox 901 1478 1147 1520; x_wconf 80' lang='lat' dir='ltr'><strong>concordiae</strong></span> <span class='ocrx_word' id='word_1_190' title='bbox 1174 1479 1371 1536; x_wconf 89' lang='lat' dir='ltr'><strong>pacisque</strong></span> <span class='ocrx_word' id='word_1_191' title='bbox 1400 1479 1545 1522; x_wconf 90' lang='lat' dir='ltr'><strong>dome-</strong></span> 
     </span>
     <span class='ocr_line' id='line_1_24' title="bbox 159 1536 1543 1592; baseline 0 -13"><span class='ocrx_word' id='word_1_192' title='bbox 159 1537 305 1579; x_wconf 87' lang='lat' dir='ltr'><strong>sticam</strong></span> <span class='ocrx_word' id='word_1_193' title='bbox 320 1552 474 1587; x_wconf 92' lang='lat' dir='ltr'><strong>curam,</strong></span> <span class='ocrx_word' id='word_1_194' title='bbox 489 1536 578 1577; x_wconf 88' lang='lat' dir='ltr'><strong>iura</strong></span> <span class='ocrx_word' id='word_1_195' title='bbox 594 1536 747 1577; x_wconf 90' lang='lat' dir='ltr'><strong>infimis</strong></span> <span class='ocrx_word' id='word_1_196' title='bbox 763 1536 1017 1592; x_wconf 87' lang='lat' dir='ltr'><strong>summisque</strong></span> <span class='ocrx_word' id='word_1_197' title='bbox 1031 1536 1299 1586; x_wconf 90' lang='lat' dir='ltr'><strong>moderando,</strong></span> <span class='ocrx_word' id='word_1_198' title='bbox 1317 1537 1375 1578; x_wconf 88' lang='lat' dir='ltr'><strong>ita</strong></span> <span class='ocrx_word' id='word_1_199' title='bbox 1395 1538 1543 1588; x_wconf 91' lang='lat' dir='ltr'><strong>tenuit,</strong></span> 
     </span>
     <span class='ocr_line' id='line_1_25' title="bbox 162 1593 1544 1651; baseline 0 -14"><span class='ocrx_word' id='word_1_200' title='bbox 162 1603 209 1637; x_wconf 89' lang='lat' dir='ltr'><strong>ut</strong></span> <span class='ocrx_word' id='word_1_201' title='bbox 229 1610 327 1637; x_wconf 91' lang='lat' dir='ltr'><strong>eum</strong></span> <span class='ocrx_word' id='word_1_202' title='bbox 347 1603 390 1636; x_wconf 91' lang='lat' dir='ltr'><strong>et</strong></span> <span class='ocrx_word' id='word_1_203' title='bbox 416 1594 559 1636; x_wconf 90' lang='lat' dir='ltr'><strong>Patres</strong></span> <span class='ocrx_word' id='word_1_204' title='bbox 588 1608 777 1635; x_wconf 85' lang='lat' dir='ltr'><strong>severum</strong></span> <span class='ocrx_word' id='word_1_205' title='bbox 804 1593 1030 1644; x_wconf 91' lang='lat' dir='ltr'><strong>consulem,</strong></span> <span class='ocrx_word' id='word_1_206' title='bbox 1052 1603 1095 1635; x_wconf 91' lang='lat' dir='ltr'><strong>et</strong></span> <span class='ocrx_word' id='word_1_207' title='bbox 1121 1594 1237 1651; x_wconf 89' lang='lat' dir='ltr'><strong>plebs</strong></span> <span class='ocrx_word' id='word_1_208' title='bbox 1257 1595 1354 1636; x_wconf 87' lang='lat' dir='ltr'><strong>satis</strong></span> <span class='ocrx_word' id='word_1_209' title='bbox 1381 1610 1544 1637; x_wconf 91' lang='lat' dir='ltr'><strong>comem</strong></span> 
     </span>
     <span class='ocr_line' id='line_1_26' title="bbox 129 1650 1545 1709; baseline 0.001 -16"><span class='ocrx_word' id='word_1_210' title='bbox 129 1652 424 1695; x_wconf 83' lang='lat' dir='ltr'><strong>6crediderint.</strong></span> <span class='ocrx_word' id='word_1_211' title='bbox 487 1650 542 1693; x_wconf 91' lang='lat' dir='ltr'><strong>Et</strong></span> <span class='ocrx_word' id='word_1_212' title='bbox 565 1651 759 1693; x_wconf 90' lang='lat' dir='ltr'><strong>adversus</strong></span> <span class='ocrx_word' id='word_1_213' title='bbox 784 1651 971 1694; x_wconf 88' lang='lat' dir='ltr'><strong>tribunos</strong></span> <span class='ocrx_word' id='word_1_214' title='bbox 997 1652 1239 1694; x_wconf 87' lang='lat' dir='ltr'><strong>auctoritate</strong></span> <span class='ocrx_word' id='word_1_215' title='bbox 1260 1652 1392 1709; x_wconf 88' lang='lat' dir='ltr'><strong>plura,</strong></span> <span class='ocrx_word' id='word_1_216' title='bbox 1418 1669 1545 1709; x_wconf 88' lang='lat' dir='ltr'><strong>quam</strong></span> 
     </span>
     <span class='ocr_line' id='line_1_27' title="bbox 160 1709 1544 1768; baseline -0.001 -15"><span class='ocrx_word' id='word_1_217' title='bbox 160 1711 399 1760; x_wconf 85' lang='lat' dir='ltr'><strong>certamine,</strong></span> <span class='ocrx_word' id='word_1_218' title='bbox 415 1710 562 1751; x_wconf 89' lang='lat' dir='ltr'><strong>tenuit.</strong></span> <span class='ocrx_word' id='word_1_219' title='bbox 613 1709 814 1765; x_wconf 85' lang='lat' dir='ltr'><strong>Quinque</strong></span> <span class='ocrx_word' id='word_1_220' title='bbox 831 1709 1082 1760; x_wconf 86' lang='lat' dir='ltr'><strong>consulatus,</strong></span> <span class='ocrx_word' id='word_1_221' title='bbox 1100 1709 1248 1752; x_wconf 90' lang='lat' dir='ltr'><strong>eodem</strong></span> <span class='ocrx_word' id='word_1_222' title='bbox 1266 1719 1408 1753; x_wconf 88' lang='lat' dir='ltr'><strong>tenore</strong></span> <span class='ocrx_word' id='word_1_223' title='bbox 1425 1711 1544 1768; x_wconf 87' lang='lat' dir='ltr'><strong>gesti,</strong></span> 
     </span>
     <span class='ocr_line' id='line_1_28' title="bbox 161 1766 1546 1834; baseline 0 -24"><span class='ocrx_word' id='word_1_224' title='bbox 161 1768 327 1834; x_wconf 78' lang='lat' dir='ltr'><strong>vitaque</strong></span> <span class='ocrx_word' id='word_1_225' title='bbox 362 1768 509 1817; x_wconf 91' lang='lat' dir='ltr'><strong>omnis,</strong></span> <span class='ocrx_word' id='word_1_226' title='bbox 545 1766 815 1809; x_wconf 88' lang='lat' dir='ltr'><strong>consulariter</strong></span> <span class='ocrx_word' id='word_1_227' title='bbox 849 1776 951 1818; x_wconf 90' lang='lat' dir='ltr'><strong>acta,</strong></span> <span class='ocrx_word' id='word_1_228' title='bbox 982 1767 1211 1809; x_wconf 86' lang='lat' dir='ltr'><strong>verendum</strong></span> <span class='ocrx_word' id='word_1_229' title='bbox 1246 1783 1378 1825; x_wconf 90' lang='lat' dir='ltr'><strong>paene</strong></span> <span class='ocrx_word' id='word_1_230' title='bbox 1409 1769 1546 1825; x_wconf 90' lang='lat' dir='ltr'><strong>ipsum</strong></span> 
     </span>
     <span class='ocr_line' id='line_1_29' title="bbox 161 1824 1547 1883; baseline 0 -15"><span class='ocrx_word' id='word_1_231' title='bbox 161 1841 304 1883; x_wconf 80' lang='lat' dir='ltr'><strong>magis,</strong></span> <span class='ocrx_word' id='word_1_232' title='bbox 332 1841 458 1882; x_wconf 89' lang='lat' dir='ltr'><strong>quam</strong></span> <span class='ocrx_word' id='word_1_233' title='bbox 488 1825 702 1875; x_wconf 92' lang='lat' dir='ltr'><strong>honorem,</strong></span> <span class='ocrx_word' id='word_1_234' title='bbox 730 1824 947 1867; x_wconf 83' lang='lat' dir='ltr'><strong>faciebant.</strong></span> <span class='ocrx_word' id='word_1_235' title='bbox 1010 1824 1074 1867; x_wconf 88' lang='lat' dir='ltr'><strong>Eo</strong></span> <span class='ocrx_word' id='word_1_236' title='bbox 1103 1825 1364 1868; x_wconf 89' lang='lat' dir='ltr'><strong>tribunorum</strong></span> <span class='ocrx_word' id='word_1_237' title='bbox 1395 1826 1547 1868; x_wconf 84' lang='lat' dir='ltr'><strong>milita-</strong></span> 
     </span>
     <span class='ocr_line' id='line_1_30' title="bbox 165 1882 1688 1929; baseline 0.002 -3"><span class='ocrx_word' id='word_1_238' title='bbox 165 1883 272 1926; x_wconf 87' lang='lat' dir='ltr'><strong>rium</strong></span> <span class='ocrx_word' id='word_1_239' title='bbox 309 1883 425 1925; x_wconf 86' lang='lat' dir='ltr'><strong>nulla</strong></span> <span class='ocrx_word' id='word_1_240' title='bbox 458 1883 615 1924; x_wconf 91' lang='lat' dir='ltr'><strong>mentio</strong></span> <span class='ocrx_word' id='word_1_241' title='bbox 650 1882 714 1923; x_wconf 84' lang='lat' dir='ltr'><strong>his</strong></span> <span class='ocrx_word' id='word_1_242' title='bbox 748 1882 987 1925; x_wconf 91' lang='lat' dir='ltr'><strong>consulibus</strong></span> <span class='ocrx_word' id='word_1_243' title='bbox 1016 1883 1105 1924; x_wconf 90' lang='lat' dir='ltr'><strong>fuit.</strong></span> <span class='ocrx_word' id='word_1_244' title='bbox 1170 1883 1375 1926; x_wconf 90' lang='lat' dir='ltr'><strong>Consules</strong></span> <span class='ocrx_word' id='word_1_245' title='bbox 1405 1893 1547 1926; x_wconf 88' lang='lat' dir='ltr'><strong>creant</strong></span> <span class='ocrx_word' id='word_1_246' title='bbox 1625 1891 1688 1929; x_wconf 89' lang='lat' dir='ltr'><strong>ll.</strong></span> 
     </span>
     <span class='ocr_line' id='line_1_31' title="bbox 163 1940 1749 1990; baseline 0.003 -8"><span class='ocrx_word' id='word_1_247' title='bbox 163 1940 225 1983; x_wconf 91' lang='lat' dir='ltr'><strong>M.</strong></span> <span class='ocrx_word' id='word_1_248' title='bbox 249 1940 425 1982; x_wconf 89' lang='lat' dir='ltr'><strong>Fabium</strong></span> <span class='ocrx_word' id='word_1_249' title='bbox 446 1940 718 1990; x_wconf 84' lang='lat' dir='ltr'><strong>Vibulanum,</strong></span> <span class='ocrx_word' id='word_1_250' title='bbox 737 1940 984 1982; x_wconf 88' lang='lat' dir='ltr'><strong>Postumum</strong></span> <span class='ocrx_word' id='word_1_251' title='bbox 1007 1941 1238 1982; x_wconf 91' lang='lat' dir='ltr'><strong>Aebutium</strong></span> <span class='ocrx_word' id='word_1_252' title='bbox 1262 1942 1544 1985; x_wconf 89' lang='lat' dir='ltr'><strong>Cornicinem.</strong></span> <span class='ocrx_word' id='word_1_253' title='bbox 1560 1946 1605 1978; x_wconf 89' lang='lat' dir='ltr'><strong>U·</strong></span> <span class='ocrx_word' id='word_1_254' title='bbox 1621 1947 1659 1978; x_wconf 86' lang='lat' dir='ltr'><strong>C·</strong></span> <span class='ocrx_word' id='word_1_255' title='bbox 1678 1956 1749 1986; x_wconf 83' lang='lat'><strong>3¹3·</strong></span> 
     </span>
     <span class='ocr_line' id='line_1_32' title="bbox 163 1990 1748 2062; baseline 0.001 -22"><span class='ocrx_word' id='word_1_256' title='bbox 163 1997 314 2041; x_wconf 82' lang='lat' dir='ltr'><strong>Fabius</strong></span> <span class='ocrx_word' id='word_1_257' title='bbox 333 2007 376 2040; x_wconf 88' lang='lat' dir='ltr'><strong>et</strong></span> <span class='ocrx_word' id='word_1_258' title='bbox 397 1998 605 2040; x_wconf 88' lang='lat' dir='ltr'><strong>Aebutius</strong></span> <span class='ocrx_word' id='word_1_259' title='bbox 620 1997 822 2047; x_wconf 83' lang='lat' dir='ltr'><strong>consules,</strong></span> <span class='ocrx_word' id='word_1_260' title='bbox 837 2013 921 2054; x_wconf 92' lang='lat' dir='ltr'><strong>quo</strong></span> <span class='ocrx_word' id='word_1_261' title='bbox 942 1999 1085 2040; x_wconf 86' lang='lat' dir='ltr'><strong>maiori</strong></span> <span class='ocrx_word' id='word_1_262' title='bbox 1101 1998 1254 2055; x_wconf 86' lang='lat' dir='ltr'><strong>gloriae</strong></span> <span class='ocrx_word' id='word_1_263' title='bbox 1275 2015 1412 2041; x_wconf 91' lang='lat' dir='ltr'><strong>rerum</strong></span> <span class='ocrx_word' id='word_1_264' title='bbox 1433 2000 1546 2041; x_wconf 91' lang='lat' dir='ltr'><strong>domi</strong></span> <span class='ocrx_word' id='word_1_265' title='bbox 1560 1990 1598 2062; x_wconf 44' lang='grc' dir='ltr'><strong>ᾗ·</strong></span> <span class='ocrx_word' id='word_1_266' title='bbox 1620 1990 1748 2062; x_wconf 40' lang='grc' dir='ltr'><strong>ξιξ-39·</strong></span> 
     </span>
     <span class='ocr_line' id='line_1_33' title="bbox 162 2043 1763 2120; baseline -0.001 -23"><span class='ocrx_word' id='word_1_267' title='bbox 162 2055 343 2112; x_wconf 89' lang='lat' dir='ltr'><strong>forisque</strong></span> <span class='ocrx_word' id='word_1_268' title='bbox 370 2064 590 2120; x_wconf 77' lang='lat' dir='ltr'><strong>gestarum,</strong></span> <span class='ocrx_word' id='word_1_269' title='bbox 612 2055 832 2096; x_wconf 85' lang='lat' dir='ltr'><strong>succedere</strong></span> <span class='ocrx_word' id='word_1_270' title='bbox 858 2070 899 2096; x_wconf 89' lang='lat' dir='ltr'><strong>se</strong></span> <span class='ocrx_word' id='word_1_271' title='bbox 921 2056 1158 2105; x_wconf 86' lang='lat' dir='ltr'><strong>cernebant,</strong></span> <span class='ocrx_word' id='word_1_272' title='bbox 1180 2057 1380 2111; x_wconf 85' lang='lat' dir='ltr'><strong>(maxime</strong></span> <span class='ocrx_word' id='word_1_273' title='bbox 1408 2068 1547 2098; x_wconf 87' lang='lat' dir='ltr'><strong>autem</strong></span> <span class='ocrx_word' id='word_1_274' title='bbox 1564 2043 1763 2105; x_wconf 60' lang='lat' dir='ltr'><strong>1²dst.aAei›&#39;u-</strong></span> 
     </span>
     <span class='ocr_line' id='line_1_34' title="bbox 164 2112 1711 2170; baseline 0.001 -16"><span class='ocrx_word' id='word_1_275' title='bbox 164 2112 473 2155; x_wconf 81' lang='lat' dir='ltr'><strong>memorabilem</strong></span> <span class='ocrx_word' id='word_1_276' title='bbox 501 2127 657 2153; x_wconf 82' lang='lat' dir='ltr'><strong>annum</strong></span> <span class='ocrx_word' id='word_1_277' title='bbox 679 2112 789 2168; x_wconf 87' lang='lat' dir='ltr'><strong>apud</strong></span> <span class='ocrx_word' id='word_1_278' title='bbox 821 2112 1019 2153; x_wconf 85' lang='lat' dir='ltr'><strong>finitimos</strong></span> <span class='ocrx_word' id='word_1_279' title='bbox 1046 2113 1177 2154; x_wconf 89' lang='lat' dir='ltr'><strong>socios</strong></span> <span class='ocrx_word' id='word_1_280' title='bbox 1204 2113 1424 2170; x_wconf 87' lang='lat' dir='ltr'><strong>hostesque</strong></span> <span class='ocrx_word' id='word_1_281' title='bbox 1446 2129 1546 2163; x_wconf 90' lang='lat' dir='ltr'><strong>esse,</strong></span> <span class='ocrx_word' id='word_1_282' title='bbox 1560 2116 1606 2146; x_wconf 78' lang='lat' dir='ltr'><strong>tio</strong></span> <span class='ocrx_word' id='word_1_283' title='bbox 1622 2117 1711 2148; x_wconf 79' lang='lat' dir='ltr'><strong>Coss.</strong></span> 
     </span>
     <span class='ocr_line' id='line_1_35' title="bbox 165 2169 1549 2226; baseline 0.001 -15"><span class='ocrx_word' id='word_1_284' title='bbox 165 2169 279 2226; x_wconf 92' lang='lat' dir='ltr'><strong>quod</strong></span> <span class='ocrx_word' id='word_1_285' title='bbox 297 2169 549 2210; x_wconf 84' lang='lat' dir='ltr'><strong>Ardeatibus</strong></span> <span class='ocrx_word' id='word_1_286' title='bbox 565 2169 607 2210; x_wconf 89' lang='lat' dir='ltr'><strong>in</strong></span> <span class='ocrx_word' id='word_1_287' title='bbox 624 2184 666 2210; x_wconf 89' lang='lat' dir='ltr'><strong>rc</strong></span> <span class='ocrx_word' id='word_1_288' title='bbox 683 2169 897 2225; x_wconf 87' lang='lat' dir='ltr'><strong>praecipiti</strong></span> <span class='ocrx_word' id='word_1_289' title='bbox 915 2179 1030 2211; x_wconf 85' lang='lat' dir='ltr'><strong>tanta</strong></span> <span class='ocrx_word' id='word_1_290' title='bbox 1049 2170 1154 2211; x_wconf 84' lang='lat' dir='ltr'><strong>foret</strong></span> <span class='ocrx_word' id='word_1_291' title='bbox 1166 2185 1263 2211; x_wconf 88' lang='lat' dir='ltr'><strong>cura</strong></span> <span class='ocrx_word' id='word_1_292' title='bbox 1279 2171 1549 2226; x_wconf 86' lang='lat' dir='ltr'><strong>subventum)</strong></span> 
     </span>
     <span class='ocr_line' id='line_1_36' title="bbox 165 2226 1549 2284; baseline 0.001 -15"><span class='ocrx_word' id='word_1_293' title='bbox 165 2243 216 2269; x_wconf 91' lang='lat' dir='ltr'><strong>eo</strong></span> <span class='ocrx_word' id='word_1_294' title='bbox 246 2227 484 2284; x_wconf 85' lang='lat' dir='ltr'><strong>impensius,</strong></span> <span class='ocrx_word' id='word_1_295' title='bbox 515 2236 561 2268; x_wconf 91' lang='lat' dir='ltr'><strong>ut</strong></span> <span class='ocrx_word' id='word_1_296' title='bbox 583 2226 771 2268; x_wconf 88' lang='lat' dir='ltr'><strong>delerent</strong></span> <span class='ocrx_word' id='word_1_297' title='bbox 795 2242 959 2283; x_wconf 90' lang='lat' dir='ltr'><strong>prorsus</strong></span> <span class='ocrx_word' id='word_1_298' title='bbox 986 2243 1039 2268; x_wconf 89' lang='lat' dir='ltr'><strong>ex</strong></span> <span class='ocrx_word' id='word_1_299' title='bbox 1066 2228 1214 2269; x_wconf 90' lang='lat' dir='ltr'><strong>animis</strong></span> <span class='ocrx_word' id='word_1_300' title='bbox 1237 2227 1453 2270; x_wconf 91' lang='lat' dir='ltr'><strong>hominum</strong></span> <span class='ocrx_word' id='word_1_301' title='bbox 1483 2229 1549 2270; x_wconf 92' lang='lat' dir='ltr'><strong>in-</strong></span> 
     </span>
     <span class='ocr_line' id='line_1_37' title="bbox 165 2284 1754 2343; baseline -0.002 -17"><span class='ocrx_word' id='word_1_302' title='bbox 165 2284 331 2327; x_wconf 67' lang='lat' dir='ltr'><strong>famiam</strong></span> <span class='ocrx_word' id='word_1_303' title='bbox 371 2284 527 2333; x_wconf 89' lang='lat' dir='ltr'><strong>iudicii,</strong></span> <span class='ocrx_word' id='word_1_304' title='bbox 568 2284 973 2326; x_wconf 87' lang='lat' dir='ltr'><strong>senatusconsultum</strong></span> <span class='ocrx_word' id='word_1_305' title='bbox 1013 2285 1212 2334; x_wconf 86' lang='lat' dir='ltr'><strong>fecerunt,</strong></span> <span class='ocrx_word' id='word_1_306' title='bbox 1255 2295 1312 2335; x_wconf 91' lang='lat' dir='ltr'><strong>ut,</strong></span> <span class='ocrx_word' id='word_1_307' title='bbox 1349 2287 1547 2342; x_wconf 87' lang='lat' dir='ltr'><strong>quoniam</strong></span> <span class='ocrx_word' id='word_1_308' title='bbox 1562 2293 1754 2343; x_wconf 55' lang='lat' dir='ltr'><strong>Ardeatibus</strong></span> 
     </span>
     <span class='ocr_line' id='line_1_38' title="bbox 164 2338 1750 2409; baseline 0.001 -25"><span class='ocrx_word' id='word_1_309' title='bbox 164 2343 307 2385; x_wconf 85' lang='lat' dir='ltr'><strong>civitas</strong></span> <span class='ocrx_word' id='word_1_310' title='bbox 329 2342 576 2384; x_wconf 86' lang='lat' dir='ltr'><strong>Ardeatium</strong></span> <span class='ocrx_word' id='word_1_311' title='bbox 594 2342 790 2384; x_wconf 88' lang='lat' dir='ltr'><strong>intestino</strong></span> <span class='ocrx_word' id='word_1_312' title='bbox 808 2342 990 2385; x_wconf 90' lang='lat' dir='ltr'><strong>tumultu</strong></span> <span class='ocrx_word' id='word_1_313' title='bbox 1011 2343 1176 2385; x_wconf 82' lang='lat' dir='ltr'><strong>redacta</strong></span> <span class='ocrx_word' id='word_1_314' title='bbox 1188 2343 1240 2385; x_wconf 83' lang='lat' dir='ltr'><strong>ad</strong></span> <span class='ocrx_word' id='word_1_315' title='bbox 1262 2359 1414 2400; x_wconf 87' lang='lat' dir='ltr'><strong>paucos</strong></span> <span class='ocrx_word' id='word_1_316' title='bbox 1429 2354 1546 2394; x_wconf 87' lang='lat' dir='ltr'><strong>esset,</strong></span> <span class='ocrx_word' id='word_1_317' title='bbox 1559 2347 1634 2409; x_wconf 61' lang='lat'>{¹8⁰¹</span> <span class='ocrx_word' id='word_1_318' title='bbox 1649 2338 1750 2386; x_wconf 67' lang='lat'>¹⁰}¹‘.¹¹·</span> 
     </span>
     <span class='ocr_line' id='line_1_39' title="bbox 164 2390 1764 2457; baseline 0.001 -15"><span class='ocrx_word' id='word_1_319' title='bbox 164 2399 302 2442; x_wconf 90' lang='lat' dir='ltr'><strong>coloni</strong></span> <span class='ocrx_word' id='word_1_320' title='bbox 341 2415 391 2442; x_wconf 89' lang='lat' dir='ltr'><strong>co</strong></span> <span class='ocrx_word' id='word_1_321' title='bbox 426 2399 618 2457; x_wconf 83' lang='lat' dir='ltr'><strong>praesidii</strong></span> <span class='ocrx_word' id='word_1_322' title='bbox 652 2416 775 2441; x_wconf 84' lang='lat' dir='ltr'><strong>causa</strong></span> <span class='ocrx_word' id='word_1_323' title='bbox 813 2400 1009 2443; x_wconf 84' lang='lat' dir='ltr'><strong>adversus</strong></span> <span class='ocrx_word' id='word_1_324' title='bbox 1049 2401 1221 2443; x_wconf 81' lang='lat' dir='ltr'><strong>Volscos</strong></span> <span class='ocrx_word' id='word_1_325' title='bbox 1260 2402 1546 2444; x_wconf 85' lang='lat' dir='ltr'><strong>scriberentur.</strong></span> <span class='ocrx_word' id='word_1_326' title='bbox 1561 2390 1764 2453; x_wconf 50' lang='grc' dir='ltr'><strong>Ᾱῖἶῖᾇῖῑῖᾈυῃζῑ</strong></span> 
     </span>
     <span class='ocr_line' id='line_1_40' title="bbox 168 2457 1758 2523; baseline 0.001 -23"><span class='ocrx_word' id='word_1_327' title='bbox 168 2457 265 2500; x_wconf 88' lang='lat' dir='ltr'><strong>Hoc</strong></span> <span class='ocrx_word' id='word_1_328' title='bbox 292 2457 427 2523; x_wconf 78' lang='lat' dir='ltr'><strong>palam</strong></span> <span class='ocrx_word' id='word_1_329' title='bbox 457 2457 629 2499; x_wconf 82' lang='lat' dir='ltr'><strong>relatum</strong></span> <span class='ocrx_word' id='word_1_330' title='bbox 662 2458 703 2499; x_wconf 89' lang='lat' dir='ltr'><strong>in</strong></span> <span class='ocrx_word' id='word_1_331' title='bbox 731 2458 900 2507; x_wconf 85' lang='lat' dir='ltr'><strong>tabulas,</strong></span> <span class='ocrx_word' id='word_1_332' title='bbox 925 2468 969 2500; x_wconf 90' lang='lat' dir='ltr'><strong>ut</strong></span> <span class='ocrx_word' id='word_1_333' title='bbox 990 2459 1153 2515; x_wconf 85' lang='lat' dir='ltr'><strong>plebem</strong></span> <span class='ocrx_word' id='word_1_334' title='bbox 1186 2459 1454 2515; x_wconf 87' lang='lat' dir='ltr'><strong>tribunosque</strong></span> <span class='ocrx_word' id='word_1_335' title='bbox 1476 2459 1549 2501; x_wconf 80' lang='lat' dir='ltr'><strong>sal-</strong></span> <span class='ocrx_word' id='word_1_336' title='bbox 1562 2464 1758 2506; x_wconf 75' lang='lat' dir='ltr'><strong>interceptus</strong></span> 
     </span>
     <span class='ocr_line' id='line_1_41' title="bbox 167 2513 1638 2559; baseline 0.001 -2"><span class='ocrx_word' id='word_1_337' title='bbox 167 2515 270 2557; x_wconf 90' lang='lat' dir='ltr'><strong>leret</strong></span> <span class='ocrx_word' id='word_1_338' title='bbox 299 2515 441 2557; x_wconf 77' lang='lat' dir='ltr'><strong>iudicii</strong></span> <span class='ocrx_word' id='word_1_339' title='bbox 473 2515 734 2557; x_wconf 78' lang='lat' dir='ltr'><strong>rescindendi</strong></span> <span class='ocrx_word' id='word_1_340' title='bbox 765 2516 983 2557; x_wconf 86' lang='lat' dir='ltr'><strong>consilium</strong></span> <span class='ocrx_word' id='word_1_341' title='bbox 1016 2517 1175 2558; x_wconf 84' lang='lat' dir='ltr'><strong>initum.</strong></span> <span class='ocrx_word' id='word_1_342' title='bbox 1241 2513 1638 2559; x_wconf 61' lang='lat' dir='ltr'><strong>Consenserantcffl‘·</strong></span> 
     </span>
     <span class='ocr_line' id='line_1_42' title="bbox 167 2572 1549 2631; baseline 0.002 -18"><span class='ocrx_word' id='word_1_343' title='bbox 167 2582 318 2622; x_wconf 87' lang='lat' dir='ltr'><strong>autem,</strong></span> <span class='ocrx_word' id='word_1_344' title='bbox 341 2583 399 2621; x_wconf 88' lang='lat' dir='ltr'><strong>ut,</strong></span> <span class='ocrx_word' id='word_1_345' title='bbox 418 2572 548 2614; x_wconf 89' lang='lat' dir='ltr'><strong>multo</strong></span> <span class='ocrx_word' id='word_1_346' title='bbox 566 2573 718 2614; x_wconf 85' lang='lat' dir='ltr'><strong>maiore</strong></span> <span class='ocrx_word' id='word_1_347' title='bbox 739 2584 854 2630; x_wconf 86' lang='lat' dir='ltr'><strong>parte</strong></span> <span class='ocrx_word' id='word_1_348' title='bbox 879 2573 1131 2615; x_wconf 85' lang='lat' dir='ltr'><strong>Rutulorum</strong></span> <span class='ocrx_word' id='word_1_349' title='bbox 1152 2574 1405 2623; x_wconf 85' lang='lat' dir='ltr'><strong>colonorum,</strong></span> <span class='ocrx_word' id='word_1_350' title='bbox 1423 2591 1549 2631; x_wconf 85' lang='lat' dir='ltr'><strong>quam</strong></span> 
     </span>
     <span class='ocr_line' id='line_1_43' title="bbox 169 2630 1547 2695; baseline 0.001 -24"><span class='ocrx_word' id='word_1_351' title='bbox 169 2630 469 2680; x_wconf 82' lang='lat' dir='ltr'><strong>Romanorum,</strong></span> <span class='ocrx_word' id='word_1_352' title='bbox 490 2631 653 2695; x_wconf 79' lang='lat' dir='ltr'><strong>scripta,</strong></span> <span class='ocrx_word' id='word_1_353' title='bbox 676 2646 752 2672; x_wconf 87' lang='lat' dir='ltr'><strong>nec</strong></span> <span class='ocrx_word' id='word_1_354' title='bbox 774 2646 871 2687; x_wconf 83' lang='lat' dir='ltr'><strong>ager</strong></span> <span class='ocrx_word' id='word_1_355' title='bbox 893 2631 1000 2672; x_wconf 78' lang='lat' dir='ltr'><strong>ullus</strong></span> <span class='ocrx_word' id='word_1_356' title='bbox 1021 2631 1286 2679; x_wconf 85' lang='lat' dir='ltr'><strong>divideretur,</strong></span> <span class='ocrx_word' id='word_1_357' title='bbox 1310 2633 1387 2673; x_wconf 76' lang='lat' dir='ltr'><strong>nisi</strong></span> <span class='ocrx_word' id='word_1_358' title='bbox 1409 2633 1453 2682; x_wconf 83' lang='lat' dir='ltr'><strong>is,</strong></span> <span class='ocrx_word' id='word_1_359' title='bbox 1507 2634 1547 2674; x_wconf 88' lang='lat' dir='ltr'><strong>ui</strong></span> 
     </span>
     <span class='ocr_line' id='line_1_44' title="bbox 139 2649 1548 2745; baseline 0.001 -16"><span class='ocrx_word' id='word_1_360' title='bbox 139 2705 155 2738; x_wconf 86' lang='lat'>7</span> <span class='ocrx_word' id='word_1_361' title='bbox 170 2688 423 2744; x_wconf 82' lang='lat' dir='ltr'><strong>interceptus</strong></span> <span class='ocrx_word' id='word_1_362' title='bbox 451 2687 604 2729; x_wconf 80' lang='lat' dir='ltr'><strong>iudicm</strong></span> <span class='ocrx_word' id='word_1_363' title='bbox 625 2688 767 2729; x_wconf 79' lang='lat' dir='ltr'><strong>infami</strong></span> <span class='ocrx_word' id='word_1_364' title='bbox 789 2698 898 2736; x_wconf 85' lang='lat' dir='ltr'><strong>erat;</strong></span> <span class='ocrx_word' id='word_1_365' title='bbox 932 2704 1008 2730; x_wconf 89' lang='lat' dir='ltr'><strong>nec</strong></span> <span class='ocrx_word' id='word_1_366' title='bbox 1031 2689 1101 2730; x_wconf 88' lang='lat' dir='ltr'><strong>ulli</strong></span> <span class='ocrx_word' id='word_1_367' title='bbox 1130 2690 1243 2745; x_wconf 86' lang='lat' dir='ltr'><strong>prius</strong></span> <span class='ocrx_word' id='word_1_368' title='bbox 1266 2689 1458 2731; x_wconf 80' lang='lat' dir='ltr'><strong>Romano</strong></span> <span class='ocrx_word' id='word_1_369' title='bbox 1476 2649 1548 2739; x_wconf 86' lang='lat' dir='ltr'><strong>il›i‚</strong></span> 
     </span>
    </p>
   </div>
   <div class='ocr_carea' id='block_1_3' title="bbox 169 2816 1550 2977">
    <p class='ocr_par' dir='ltr' id='par_1_3' title="bbox 169 2816 1550 2977">
     <span class='ocr_line' id='line_1_45' title="bbox 213 2816 1550 2860; baseline 0.003 -13"><span class='ocrx_word' id='word_1_370' title='bbox 213 2826 230 2858; x_wconf 80' lang='lat'><strong>5</strong></span> <span class='ocrx_word' id='word_1_371' title='bbox 255 2818 370 2849; x_wconf 76' lang='lat' dir='ltr'><strong>Cloelio</strong></span> <span class='ocrx_word' id='word_1_372' title='bbox 385 2818 480 2855; x_wconf 81' lang='lat' dir='ltr'><strong>duce]</strong></span> <span class='ocrx_word' id='word_1_373' title='bbox 507 2817 546 2847; x_wconf 80' lang='lat' dir='ltr'><strong>cf.</strong></span> <span class='ocrx_word' id='word_1_374' title='bbox 564 2818 656 2856; x_wconf 84' lang='lat' dir='ltr'><strong>Supr.</strong></span> <span class='ocrx_word' id='word_1_375' title='bbox 675 2816 716 2847; x_wconf 85' lang='lat' dir='ltr'><strong>iii.</strong></span> <span class='ocrx_word' id='word_1_376' title='bbox 735 2818 784 2848; x_wconf 81' lang='lat'><strong>28.</strong></span> <span class='ocrx_word' id='word_1_377' title='bbox 929 2824 944 2856; x_wconf 87' lang='lat'>7</span> <span class='ocrx_word' id='word_1_378' title='bbox 968 2818 1037 2848; x_wconf 82' lang='lat' dir='ltr'><strong>Nec</strong></span> <span class='ocrx_word' id='word_1_379' title='bbox 1051 2818 1111 2848; x_wconf 71' lang='lat' dir='ltr'><strong>ullu·</strong></span> <span class='ocrx_word' id='word_1_380' title='bbox 1125 2818 1237 2857; x_wconf 72' lang='lat' dir='ltr'><strong>prius]</strong></span> <span class='ocrx_word' id='word_1_381' title='bbox 1263 2817 1352 2849; x_wconf 81' lang='lat' dir='ltr'><strong>Hinc</strong></span> <span class='ocrx_word' id='word_1_382' title='bbox 1369 2818 1468 2860; x_wconf 80' lang='lat' dir='ltr'><strong>liquet</strong></span> <span class='ocrx_word' id='word_1_383' title='bbox 1486 2819 1550 2851; x_wconf 88' lang='lat' dir='ltr'><strong>Ro-</strong></span> 
     </span>
     <span class='ocr_line' id='line_1_46' title="bbox 211 2859 1550 2901; baseline 0.001 -9"><span class='ocrx_word' id='word_1_384' title='bbox 211 2859 232 2892; x_wconf 86' lang='lat'><strong>6</strong></span> <span class='ocrx_word' id='word_1_385' title='bbox 255 2861 472 2898; x_wconf 57' lang='lat' dir='ltr'><strong>Aut-unitate}</strong></span> <span class='ocrx_word' id='word_1_386' title='bbox 521 2859 584 2891; x_wconf 83' lang='lat' dir='ltr'><strong>Per</strong></span> <span class='ocrx_word' id='word_1_387' title='bbox 618 2859 840 2896; x_wconf 72' lang='lat' dir='ltr'><strong>reverentiam,</strong></span> <span class='ocrx_word' id='word_1_388' title='bbox 884 2868 996 2890; x_wconf 68' lang='lat' dir='ltr'><strong>munos</strong></span> <span class='ocrx_word' id='word_1_389' title='bbox 1015 2860 1110 2890; x_wconf 85' lang='lat' dir='ltr'><strong>modo</strong></span> <span class='ocrx_word' id='word_1_390' title='bbox 1134 2860 1164 2890; x_wconf 84' lang='lat' dir='ltr'><strong>in</strong></span> <span class='ocrx_word' id='word_1_391' title='bbox 1188 2862 1450 2901; x_wconf 73' lang='lat' dir='ltr'><strong>supplementum</strong></span> <span class='ocrx_word' id='word_1_392' title='bbox 1467 2863 1550 2895; x_wconf 83' lang='lat' dir='ltr'><strong>colo-</strong></span> 
     </span>
     <span class='ocr_line' id='line_1_47' title="bbox 169 2901 1217 2977; baseline 0.001 -43"><span class='ocrx_word' id='word_1_393' title='bbox 169 2913 271 2977; x_wconf 49' lang='lat'><strong>‘1³:33</strong></span> <span class='ocrx_word' id='word_1_394' title='bbox 283 2903 312 2934; x_wconf 83' lang='lat' dir='ltr'><strong>ei</strong></span> <span class='ocrx_word' id='word_1_395' title='bbox 329 2913 385 2934; x_wconf 73' lang='lat' dir='ltr'><strong>sua</strong></span> <span class='ocrx_word' id='word_1_396' title='bbox 403 2903 500 2934; x_wconf 70' lang='lat' dir='ltr'><strong>virtus</strong></span> <span class='ocrx_word' id='word_1_397' title='bbox 519 2902 719 2941; x_wconf 63' lang='lat' dir='ltr'><strong>gravitasque</strong></span> <span class='ocrx_word' id='word_1_398' title='bbox 735 2902 838 2933; x_wconf 81' lang='lat' dir='ltr'><strong>conci·</strong></span> <span class='ocrx_word' id='word_1_399' title='bbox 884 2901 955 2933; x_wconf 80' lang='lat' dir='ltr'><strong>niae</strong></span> <span class='ocrx_word' id='word_1_400' title='bbox 970 2902 1126 2943; x_wconf 60' lang='lat' dir='ltr'><strong>ascriptos</strong></span> <span class='ocrx_word' id='word_1_401' title='bbox 1140 2914 1217 2935; x_wconf 75' lang='lat' dir='ltr'><strong>esse.</strong></span> 
     </span>
    </p>
   </div>
  </div>
 </body>
</html>
