1934 3211
447 199 529 238 354

233 290 277 321 U·
295 290 334 321 C·
353 288 423 328 367·
451 287 543 327 fuit.

453 359 529 400 per
567 344 782 393 invidiam,
820 344 949 385 adimi
984 352 1158 400 poterat.

234 334 273 363 A.
297 333 335 364 C.
354 333 425 371 385.

236 374 391 414 Capitolii

238 416 443 448 substructio.

326 578 364 616 5.

240 642 351 674 Tribb.
366 643 416 673 Pl.

240 685 435 716 molitiones,

247 1549 290 1579 U.
308 1549 345 1580 C.
365 1547 435 1587 368.

246 1591 285 1621 A.
309 1592 345 1622 C.
365 1592 435 1630 384.

246 1633 283 1663 L.
296 1633 439 1672 Papirio,

244 1678 304 1706 etc.
313 1675 449 1707 Tr.Mi1.

965 196 1114 238 TITI
1156 196 1336 238 LIVII

606 286 723 327 Dum
746 295 1008 336 cunctantur,
1027 288 1110 328 iam
1133 287 1314 328 militum
1336 287 1493 343 praeda
1513 295 1627 335 erat3
1660 301 1752 335 nec,
1769 286 1850 326 nisi

1223 345 1387 385 Eodem
1424 360 1548 394 anno,
1590 359 1644 385 ne
1680 342 1882 399 privatis-3

456 409 621 442 tantum
654 402 851 457 operibus
884 412 1088 442 cresceret
1114 403 1224 451 urbs,
1260 402 1520 458 Capitolium
1556 415 1726 456 quoque
1752 414 1852 441 saxo

458 458 660 514 quadrato
692 459 975 499 substructum
1005 467 1089 499 est:
1133 474 1238 514 opus
1265 459 1331 499 vel
1364 459 1408 498 in
1433 459 1511 499 hac
1539 456 1886 514 magnificentias.

457 516 571 556 urbis
592 515 948 570 conspiciendum.

516 572 606 613 Iam
629 581 670 613 et
693 572 849 612 tribuni
869 572 1015 627 plebis,
1039 572 1205 612 civitate
1232 572 1493 612 aedificando
1515 579 1731 627 occupata,
1754 585 1854 612 con·
1869 585 1885 616 5

459 629 599 670 0101105
621 644 714 669 suas
734 629 999 683 frequentare
1017 628 1179 683 legibus
1201 628 1370 682 agrariis
1383 628 1653 669 conabantur.
1698 628 1855 670 Osten-

459 687 624 727 tabatur
644 686 687 725 in
709 700 824 740 spem
848 685 1100 740 Pomptinus
1121 699 1230 739 ager,
1255 693 1344 724 tum
1371 685 1567 739 primum,
1590 693 1684 740 post
1703 684 1855 725 accisas

460 759 484 784 a
527 742 708 783 Camillo
750 741 998 781 Volscorum
1039 756 1116 790 res,
1158 741 1426 796 possessionis
1466 741 1580 782 haud
1621 741 1852 797 ambiguae.
1868 747 1888 779 6

463 799 820 847 Criminabantur,
841 804 852 821 ⁶
864 797 997 838 multo
1019 813 1117 839 eum
1131 798 1387 839 infestiorem
1404 813 1550 853 agrum
1567 799 1618 839 ab
1635 798 1855 839 nobilitate

462 862 474 879 ‘
490 871 592 905 esse,
619 870 745 911 quam
774 870 798 895 a
818 854 982 895 Volscis
1006 855 1154 904 fuerit;
1188 855 1239 895 ab
1267 855 1347 895 illis
1373 856 1485 896 enim
1515 863 1691 904 tantum,
1715 854 1856 911 quoad

462 913 593 953 ‘vires
627 921 669 953 et
704 927 819 953 arma
850 912 1087 961 habuerint,
1122 913 1380 953 incursiones
1415 927 1465 953 eo
1500 913 1650 953 factas:
1694 911 1856 953 nobiles

463 975 474 993 ⁶
491 970 681 1010 homines
706 970 750 1010 in
777 969 1080 1025 possessionem
1106 970 1194 1025 agri
1224 969 1382 1025 publici
1410 969 1607 1025 grassari3
1639 984 1732 1019 1100,
1761 969 1855 1017 nisi,

463 1033 714 1082 ‘antequam
743 1027 884 1067 omnia
911 1027 1182 1083 praecipiant,
1212 1027 1368 1067 divisus
1396 1027 1460 1075 sit,
1483 1027 1624 1068 locum
1653 1026 1712 1067 ibi
1742 1025 1856 1082 plebi

462 1090 474 1108 ‘
489 1084 604 1124 fore.2
655 1083 786 1125 Haud
808 1088 960 1139 magno
977 1098 1101 1139 opere
1118 1084 1285 1139 plebem
1303 1092 1531 1133 moverant,
1554 1092 1597 1124 et
1612 1083 1856 1138 infrequen-

460 1150 547 1182 tem
567 1141 611 1181 in
633 1141 722 1182 foro
738 1150 910 1197 propter
930 1141 1180 1182 aedificandi
1202 1156 1357 1190 curam,
1377 1149 1420 1181 et
1440 1141 1588 1182 eodem
1610 1140 1856 1181 exhaustam

460 1199 672 1254 impensis,
700 1213 834 1254 eoque
866 1199 953 1254 agri
984 1198 1286 1247 immemorem,
1319 1198 1372 1238 ad
1403 1213 1529 1253 quem
1561 1197 1857 1238 instruendum

461 1256 569 1296 vires
589 1271 675 1296 non
697 1264 846 1296 essent.
910 1254 963 1295 In
984 1255 1150 1296 civitate
1171 1255 1298 1311 plena
1324 1254 1588 1310 religionum,
1612 1263 1703 1294 tum
1729 1254 1855 1295 etiam

463 1314 514 1354 ab
535 1313 695 1354 recenti
721 1312 839 1354 clade
865 1312 1160 1368 superstitiosis
1188 1312 1460 1368 principibus,
1484 1320 1531 1352 ut
1556 1317 1857 1352 renovarentur

463 1370 660 1426 auspicia,
687 1385 752 1410 res
785 1369 838 1409 ad
870 1369 1158 1425 interregnum
1189 1369 1325 1410 rediit.
1388 1368 1624 1424 Interreges
1657 1368 1857 1423 deinceps

464 1426 526 1467 M.
561 1426 749 1467 Manlius
792 1426 1071 1482 CapitolinUS,
1118 1425 1203 1466 Ser.
1239 1425 1449 1482 Sulpicius
1498 1425 1761 1474 Camerinus,
1803 1423 1854 1465 L.

463 1482 657 1524 Valerius
678 1483 855 1524 Potitus
921 1483 1004 1524 Hic
1026 1483 1197 1524 demum
1220 1483 1482 1524 tribunorum
1504 1483 1686 1523 militum
1707 1496 1858 1523 consu-

462 1539 537 1580 lari
558 1548 763 1595 potestate
792 1540 961 1580 comitia
981 1540 1139 1581 habuit.
1202 1540 1251 1580 L.
1269 1540 1498 1596 Papirium,
1525 1538 1574 1581 C.
1595 1539 1855 1588 Cornelium,

466 1597 516 1638 C.
536 1596 741 1652 Sergium,
773 1596 820 1636 L.
840 1596 1073 1637 Aemilium
1098 1597 1265 1646 iterum,
1293 1597 1342 1638 L.
1361 1597 1626 1646 Menenium,
1657 1597 1706 1637 L.
1727 1595 1857 1638 Vale·
1872 1608 1888 1640 7

463 1654 571 1694 1111111
603 1653 864 1694 Publicolam
896 1653 1066 1694 tertium
1097 1663 1220 1694 creat.
1285 1653 1346 1694 Hi
1377 1669 1430 1694 ex
1459 1655 1700 1709 interregno
1725 1653 1854 1708 magi-

462 1719 638 1752 stratum
653 1725 864 1765 occepere.
911 1709 975 1750 Eo
989 1725 1099 1750 anno
1116 1710 1241 1750 aedes
1258 1710 1422 1760 Martis,
1441 1710 1605 1751 Gallico
1622 1710 1731 1752 bello
1744 1718 1853 1758 vota,
1869 1720 1887 1750 8

462 1768 655 1809 dedicata
701 1776 762 1808 est
802 1782 826 1807 a
867 1766 917 1807 T.
950 1766 1154 1814 Quinctio
1200 1766 1422 1807 duumviro
1471 1767 1596 1807 sacris
1635 1766 1852 1808 faciundis.

462 1825 617 1865 Tribus
643 1832 840 1880 quattuor
865 1839 918 1864 ex
942 1823 1059 1864 novis
1091 1823 1249 1864 civibus
1277 1823 1457 1873 additae,
1491 1823 1721 1873 Stellatina,
1749 1814 1888 1876 Tro-3

461 1882 663 1931 mentina,
697 1880 905 1930 Sabatina,
930 1880 1172 1921 Arniensis:
1207 1895 1366 1937 eaeque
1395 1881 1754 1936 vigintiquinque
1783 1881 1857 1922 tri-

507 1999 524 2028 3
547 1991 615 2020 Per
631 1990 803 2026 invidiam]
833 1989 885 2018 Ita
900 1992 935 2018 ut
952 1988 1072 2018 invidia
1087 1988 1133 2018 111-

464 2031 504 2061 110
520 2031 666 2067 oriretur,
682 2031 727 2060 ita
742 2035 778 2060 ut
794 2031 904 2060 odium
923 2031 1034 2061 militis
1049 2030 1134 2061 exci-

462 2077 584 2103 taretur
598 2073 631 2103 in
647 2074 754 2103 duces.
779 2073 884 2103 CREV.

505 2127 524 2154 4
539 2117 763 2145 Substructmn
775 2117 836 2153 est]
857 2115 1056 2154 Intelligitur
1067 2125 1135 2144 mu-

462 2167 515 2188 rus
540 2168 580 2187 ex
608 2157 717 2196 lapide
741 2158 897 2196 quadrato
922 2157 1026 2187 factus
1053 2157 1136 2187 circa

462 2199 602 2230 radicem
640 2199 758 2230 montis
789 2199 965 2238 Capitolini
1004 2199 1136 2238 eiusque

463 2246 570 2281 partes
600 2241 773 2278 inferiores,
797 2241 851 2279 qui
882 2241 1066 2280 prohiberet
1096 2252 1136 2271 ne

461 2290 546 2314 terra
564 2285 775 2314 delaberetur.
800 2283 885 2314 Plin.
904 2284 948 2315 H.
967 2284 1009 2313 N.
1027 2283 1135 2314 xxxvi.

467 2335 512 2366 15.

506 2377 522 2408 5
548 2369 720 2399 Conciones
743 2379 819 2398 suas
835 2369 1066 2407 frequentare]
1093 2378 1135 2398 sc.

463 2410 559 2441 Cives
588 2411 628 2441 ad
656 2410 826 2441 conciones
855 2420 928 2439 suas
954 2410 1137 2449 frequentes

461 2453 603 2483 allicere.

506 2494 525 2526 6
540 2496 753 2526 Posses-sionis
768 2495 857 2524 hand
872 2495 1057 2532 ambiymte]
1076 2494 1136 2524 Ut·

462 2541 539 2576 pote
556 2538 742 2575 Aequorum
762 2546 811 2566 res
826 2536 960 2573 accisae,
977 2539 1007 2565 et
1023 2536 1136 2566 foedus

462 2590 537 2609 cum
553 2589 592 2609 ea
606 2583 700 2617 gente
716 2578 816 2608 ictum
833 2581 909 2608 erat.

512 2629 528 2660 7
553 2622 729 2652 Aemilium
752 2621 885 2657 iterum]
929 2621 1068 2650 Tertium
1094 2630 1133 2650 ex

461 2663 589 2702 Fragm.
608 2663 693 2693 Fast.
711 2662 819 2702 Capit.
840 2662 967 2701 reponit
990 2662 1132 2701 Burghe-

461 2705 534 2736 sius.

505 2748 523 2776 8
545 2748 650 2778 Aedes
670 2748 810 2784 Illartis]
841 2747 880 2776 cf.
904 2746 998 2784 Supr.
1017 2745 1066 2776 vii.
1085 2756 1132 2785 23.

460 2788 531 2819 infr.
549 2800 579 2819 x.
597 2799 645 2828 23.

503 2840 522 2868 9
546 2833 601 2860 Ea·
633 2831 722 2861 novis
749 2831 887 2868 civibus]
922 2841 964 2860 sc.
986 2831 1132 2869 Capena-

461 2870 554 2906 tium,
573 2872 770 2907 Veientium,
798 2876 829 2901 ct
856 2871 1053 2902 Faliscorum
1079 2872 1133 2910 qui

461 2912 498 2941 ad
515 2912 677 2942 Romanos
693 2915 937 2950 transfugerant,
955 2915 993 2943 cf.
1008 2923 1091 2951 supr.
1104 2925 1131 2951 4.

1180 1989 1316 2020 Niebhr.
1333 1988 1365 2020 ii.
1384 1999 1414 2028 p.
1431 1988 1503 2028 466.
1522 1996 1593 2029 572.

1230 2041 1242 2061 1
1268 2032 1451 2069 Stellatina,
1481 2032 1703 2070 Tromentina]
1741 2033 1855 2064 Stella-

1179 2074 1249 2103 tz'na
1273 2073 1374 2103 tribus
1394 2074 1435 2103 ab
1453 2083 1540 2113 agro,
1555 2073 1621 2104 sive
1641 2083 1756 2113 campo
1773 2074 1855 2105 Stel-

1181 2116 1246 2145 late
1265 2115 1351 2146 dicta
1375 2119 1434 2152 est,
1449 2126 1513 2145 non
1537 2125 1575 2145 eo
1591 2115 1646 2154 qui
1666 2115 1699 2145 in
1716 2116 1854 2155 Campae

1180 2158 1245 2195 nia,
1266 2159 1321 2188 sed
1342 2168 1379 2188 eo
1399 2158 1453 2196 qui
1478 2158 1510 2188 in
1535 2158 1667 2188 Etruria
1688 2157 1750 2188 fuit
1772 2158 1856 2189 inter

1181 2200 1349 2239 Capenam
1371 2203 1403 2230 et
1425 2199 1534 2230 Veios.
1577 2201 1735 2231 Sabatina
1757 2211 1777 2230 a
1799 2200 1854 2231 Sa-

1181 2243 1255 2272 bate
1268 2243 1353 2280 lacu,
1363 2241 1417 2280 qui
1433 2242 1543 2272 itidem
1562 2241 1595 2272 in
1607 2242 1747 2274 Etruria.
1780 2244 1855 2273 Tro-

1180 2286 1335 2321 mentina,
1355 2295 1375 2314 a
1389 2285 1567 2314 Tromento
1590 2294 1715 2324 campo.
1761 2285 1855 2315 Haec

1181 2326 1290 2356 omnia
1314 2329 1461 2356 constant
1482 2336 1523 2356 ex
1546 2326 1652 2356 Festo.
1699 2326 1854 2357 Tromen-

1181 2372 1250 2398 tum
1262 2379 1412 2407 campum
1425 2369 1537 2397 volunt
1551 2371 1583 2398 et
1595 2368 1700 2407 ipsum
1713 2367 1747 2398 in
1758 2368 1853 2398 Etru-

1181 2410 1227 2440 ria
1241 2410 1348 2440 fuisse.
1395 2410 1448 2441 De
1463 2409 1594 2440 nomine
1615 2410 1778 2449 sequentis
1799 2410 1853 2440 tri-

1180 2453 1240 2482 bus
1259 2451 1439 2491 ambigitur.
1483 2453 1700 2483 Narniensem
1715 2452 1782 2490 alii,
1797 2452 1853 2483 alii

1179 2496 1373 2525 Arniensem
1401 2494 1462 2533 legi
1487 2494 1620 2525 volunt:
1654 2498 1686 2525 et
1709 2504 1781 2525 eam
1803 2494 1853 2525 illi

1181 2536 1311 2574 quidem
1337 2546 1357 2566 a
1384 2535 1510 2566 Narnia
1537 2536 1696 2567 Umbriae
1720 2536 1853 2576 oppido,

1179 2578 1212 2607 hi
1242 2579 1283 2608 ab
1308 2579 1396 2608 Arno
1423 2578 1573 2609 Etruriae
1603 2579 1702 2609 fluvio
1732 2578 1852 2609 dictam

1179 2630 1247 2650 esse
1274 2620 1469 2651 existimant.
1502 2621 1608 2652 CREv.
1660 2621 1748 2651 Urbs
1778 2631 1852 2651 vero

1179 2662 1305 2692 Narnia
1327 2663 1434 2692 adhue
1453 2664 1642 2702 Nequinum
1664 2663 1850 2702 appellaba-

1179 2708 1241 2741 tur,
1256 2715 1361 2743 neque
1384 2704 1444 2745 nisi
1468 2705 1643 2744 nonaginta
1665 2708 1738 2744 post
1759 2703 1852 2734 annis

1178 2748 1329 2778 Narniae
1344 2757 1461 2776 nomen
1477 2746 1615 2786 aceepit,
1631 2756 1730 2786 quum
1746 2756 1784 2776 eo
1799 2755 1850 2775 co-

1179 2788 1266 2819 lonia
1292 2789 1513 2820 deduceretur.
1559 2789 1613 2818 Ita
1638 2788 1756 2818 tribum
1784 2787 1850 2817 Ro-

1178 2841 1307 2861 manam
1323 2831 1384 2861 hoc
1406 2834 1550 2870 tempore
1564 2831 1779 2860 AVarniense‘m
1798 2839 1848 2858 vo-

1179 2873 1242 2902 cari
1259 2883 1322 2902 non
1339 2872 1480 2911 potuisse
1496 2873 1607 2909 liquet.
1632 2871 1746 2901 DRAK.
