1934 3211
552 189 680 231 LIB.
713 187 814 230 VII.
860 188 1009 231 CAP.
1041 194 1110 232 41.
1445 196 1530 235 445

94 281 308 325 4‘stulate
338 293 486 335 aequa,
521 287 564 320 et
595 279 727 320 ferte:
766 295 1012 336 quanquam
1043 279 1112 321 vel
1143 280 1302 337 iniquis
1334 283 1531 325 standum
1548 297 1592 330 U,
1609 297 1647 330 c,
1665 308 1740 338 413·

124 343 138 364 ‘
156 346 220 380 est
239 337 391 394 potius,
410 351 538 392 quam
558 336 709 393 impias
729 337 843 378 inter
862 352 939 379 nos
960 352 1230 379 conseramus
1251 341 1427 381 manus.'
1477 341 1529 383 Τ.
1547 342 1586 372 A.
1610 341 1648 372 C·
1665 350 1741 389 ,339-

130 394 358 444 Quinctius
378 394 530 450 plenus
549 393 828 445 lacrimarum,
847 395 901 436 ad
922 410 1018 437 suos
1033 411 1189 446 versuS,
1214 401 1227 420 ‘
1240 395 1316 438 Me
1334 400 1532 453 quoque,'
1546 383 1720 456 0211}ssss

125 451 278 509 inquit,
310 451 500 502 ‘milites‚
523 452 558 493 si
579 452 674 508 quis
695 467 795 493 usus
815 452 900 494 mei
921 461 996 503 est,
1018 453 1237 495 meliorem
1257 454 1386 509 paciS,
1404 470 1532 511 quam
1546 468 1587 498 ad
1603 478 1718 507 pacem

127 509 266 559 ‘belli,
295 509 458 551 habetis
488 509 654 551 ducem.
718 509 822 552 Non
853 510 968 552 enim
999 510 1072 552 illa
1101 511 1230 553 modo
1251 510 1433 553 Volscus
1460 522 1534 554 aut
1545 510 1703 542 ¹¹0th-

126 572 140 592 ‘
157 566 335 617 Samnis,
364 567 440 608 sed
469 566 703 617 Romanus,
724 568 853 610 verba
878 568 1005 618 fecit3
1037 577 1177 610 vester
1209 569 1368 619 consul,
1397 579 1535 613 vester

126 629 139 649 ‘
154 624 394 682 imperator,
416 625 597 667 milites:
631 625 750 667 cuius
771 625 958 683 auspicia
976 641 1054 683 pro
1075 626 1193 668 vobis
1214 627 1380 684 experti
1400 627 1533 670 nolite

127 687 140 707 ‘
154 682 354 724 adversus
388 698 462 724 vos
497 683 605 725 velle
642 684 838 740 experiri.
917 683 1005 732 Qui
1040 694 1281 741 pugnarent
1315 685 1534 728 vobiscum

126 745 140 765 ‘
153 739 360 791 infestius,
379 749 422 782 et
442 740 544 782 alios
565 741 695 783 duces
716 750 885 783 senatus
906 741 1077 784 habuit:
1106 742 1180 798 qui
1201 743 1385 784 maxime
1401 743 1532 793 vobis,

125 803 138 822 ‘
153 798 239 840 suis
258 798 476 849 militibus,
497 808 699 855 parceret,
717 800 786 841 cui
802 799 1032 856 plurimum
1049 815 1121 841 vos
1138 800 1380 857 imperatori
1395 810 1532 843 vestro

125 861 138 880 ‘
153 855 393 906 crederetis,
411 872 510 898 eum
532 857 671 914 elegit.
728 857 899 907 Pacem,
917 858 1044 899 etiam
1061 858 1136 914 qui
1152 858 1320 900 vincere
1342 867 1532 915 possunt,

125 918 139 938 ‘
153 913 325 956 volunt:
359 914 466 971 quid
485 930 562 956 nos
582 914 690 956 velle
713 916 913 971 oportet?
967 915 1098 965 Quin,
1117 916 1279 957 omissis
1299 916 1361 957 ira
1381 925 1423 957 et
1443 931 1531 973 spe,

125 971 370 1014 ‘fallacibus
390 972 643 1022 auctoribus,
676 988 754 1014 nos
781 973 892 1029 ipsos
917 982 1144 1029 nostraque
1170 974 1313 1015 omnia
1336 974 1530 1030 cognitae

126 1029 437 1086 ‘permittimus
467 1029 620 1071 fidei?'
681 1030 1030 1087 Approbantibus
1063 1030 1244 1073 clamore
1278 1032 1454 1081 cunctis,
1477 1032 1529 1073 T.
1613 1039 1685 1077 41.

128 1086 370 1138 Quinctius,
407 1096 504 1129 ante
540 1088 660 1144 signa
695 1103 951 1145 progressus,
988 1089 1032 1130 in
1073 1097 1278 1145 potestate
1315 1089 1532 1131 dictatoris
1545 1094 1687 1143 Seditio-

124 1144 280 1186 milites
301 1144 388 1186 fore
410 1145 542 1186 dixit:
568 1146 713 1196 oravit,
737 1155 784 1187 ut
806 1161 975 1188 causam
996 1147 1244 1188 miserorum
1265 1147 1421 1188 civium
1442 1162 1533 1189 sus-
1545 1140 1735 1178 ⁰⁰¹¹¹P⁰⁵¹t⁸·

124 1202 298 1259 ciperet,
321 1212 644 1260 susceptamque
667 1203 817 1245 eadem
839 1204 937 1255 fide,
960 1219 1045 1260 qua
1068 1204 1372 1261 rempublicam
1398 1205 1533 1246 admi-

123 1260 301 1302 nistrare
341 1261 489 1302 solitus
529 1270 649 1311 esset,
688 1270 888 1303 tueretur.
955 1268 965 1285 ‘
989 1261 1079 1303 Sibi
1115 1277 1157 1303 se
1194 1262 1390 1319 privatim
1425 1263 1533 1305 nihil

126 1323 139 1342 ‘
154 1332 327 1360 cavere:
366 1318 478 1360 nolle
515 1318 627 1369 alibi,
665 1334 793 1376 quam
829 1320 873 1360 in
910 1319 1166 1369 innocentia,
1204 1335 1322 1376 spem
1362 1320 1529 1363 habere.

127 1381 139 1400 ‘
155 1374 368 1417 Militibus
383 1376 632 1426 cavendum,
652 1376 767 1433 quod
783 1377 898 1434 apud
914 1377 1061 1419 Patres
1077 1377 1207 1419 semel
1227 1377 1355 1433 plebi,
1378 1378 1532 1419 iterum

127 1433 392 1490 ‘legionibus
413 1442 584 1475 cautum
605 1434 670 1484 sit,
694 1450 747 1476 nc
768 1434 906 1476 fraudi
928 1435 1105 1477 secessio
1127 1435 1262 1476 esset.'
1325 1435 1532 1483 Quinctio

125 1490 376 1541 collaudato,
398 1492 549 1533 ceteris
579 1492 740 1533 bonum
771 1493 960 1533 animum
993 1493 1148 1534 habere
1181 1492 1315 1541 iussis,
1337 1492 1531 1542 dictator,

125 1564 237 1605 equo
258 1549 386 1591 citato
407 1549 461 1590 ad
482 1550 630 1591 urbem
651 1558 855 1600 revectus,
873 1550 1115 1591 auctoribus
1131 1549 1341 1599 Patribus,
1360 1549 1458 1591 tulit
1478 1550 1533 1591 ad

93 1605 330 1663 5populum
359 1607 404 1648 in
433 1606 528 1649 luco
553 1607 761 1657 Petelino,
783 1622 837 1648 ne
869 1607 938 1648 cui
969 1606 1154 1648 militum
1184 1606 1323 1648 fraudi
1353 1608 1533 1649 secessio

123 1673 244 1706 esset.
309 1664 458 1706 Oravit
478 1665 606 1706 etiam
628 1665 739 1706 bona
758 1665 883 1706 venia
908 1665 1111 1715 Quirites,
1134 1679 1188 1706 ne
1211 1664 1304 1721 quis
1326 1680 1420 1706 eam
1441 1680 1533 1707 rem

122 1721 216 1763 ioco
250 1722 411 1764 seriove
452 1723 650 1779 cuiquam
686 1723 970 1779 exprobraret.
1033 1722 1127 1764 Lex
1164 1737 1335 1779 quoque
1372 1732 1533 1764 sacrata

123 1779 314 1821 militaris
344 1779 429 1821 lata
459 1789 534 1830 est,
558 1795 612 1821 ne
643 1781 762 1822 cuius
791 1780 935 1822 militis
965 1780 1111 1837 scripti
1138 1795 1310 1830 nomen,
1333 1780 1413 1822 nisi
1441 1781 1532 1837 ipso

92 1836 304 1888 6volente,
328 1837 565 1879 deleretur:
599 1837 877 1894 additumque
907 1838 1003 1895 legi,
1030 1853 1084 1880 ne
1106 1838 1213 1894 quis,
1237 1838 1310 1879 ubi
1339 1838 1532 1880 tribunus

124 1894 308 1937 militum
332 1895 491 1945 fuisset,
513 1904 660 1952 postea
690 1895 888 1938 ordinum
917 1896 1069 1937 ductor
1096 1904 1214 1937 esset.
1278 1895 1331 1937 Id
1361 1905 1533 1953 propter

124 1951 173 1994 P.
212 1952 431 1994 Salonium
465 1953 724 2009 postulatum
761 1962 824 1994 est
859 1954 911 1994 ab
947 1953 1203 2002 coniuratis3
1251 1954 1326 2009 qui
1361 1953 1534 1995 alternis

125 2024 256 2067 prope
288 2010 410 2051 annis
438 2019 481 2050 et
510 2010 702 2051 tribunus
733 2010 928 2059 militum,
952 2019 995 2051 et
1022 2010 1183 2066 primus
1211 2011 1403 2051 centurio
1429 2019 1531 2060 erat,

126 2082 256 2123 quem
277 2082 392 2108 nune
413 2066 615 2122 primipili
636 2066 862 2122 appellant.
910 2066 1025 2107 Huic
1048 2066 1200 2106 infensi
1222 2066 1376 2108 milites
1397 2076 1531 2116 erant,

127 2123 243 2180 quod
274 2139 440 2180 semper
470 2123 711 2165 adversatus
742 2124 861 2165 novis
889 2123 1072 2164 consiliis
1099 2123 1258 2171 fuisset,
1281 2132 1336 2173 et,
1359 2139 1412 2164 ne
1437 2138 1534 2179 par-

127 2182 260 2239 ticeps
280 2196 426 2224 corum
449 2190 570 2232 esset,
593 2181 644 2223 ab
667 2181 862 2223 Lautulis
882 2181 1065 2238 fugisset.
1130 2180 1279 2236 Itaque
1298 2196 1431 2238 quum
1453 2181 1532 2223 hoc

853 2332 919 2364 riae
936 2333 1175 2373 praeficeretur,
1192 2337 1225 2364 ut
1243 2334 1309 2373 qui,
1325 2332 1446 2365 maiore
1462 2344 1532 2365 mu-

854 2386 929 2407 nere
958 2376 1088 2406 militari
1116 2376 1257 2413 functus,
1280 2377 1320 2407 de
1343 2377 1443 2416 gradu
1467 2387 1532 2407 non

171 2346 191 2373 4
206 2335 318 2373 Ferte]
332 2334 407 2365 Hoc
418 2337 477 2372 est,
485 2332 710 2374 proponite‚ut
720 2343 808 2373 supr.

130 2376 171 2410 vi.
191 2385 237 2417 15.
253 2382 367 2409 sortem
383 2378 527 2417 aliquam
534 2378 635 2416 ferte.

173 2428 191 2460 5
215 2421 258 2450 In
273 2421 344 2450 luco
360 2420 524 2458 Petelino]
562 2419 663 2449 Extra
681 2422 807 2458 portam

130 2460 385 2493 Nomentanam.
401 2472 489 2501 supr.
508 2461 547 2492 vi.
565 2471 615 2492 πο.

172 2502 193 2535 6
215 2506 268 2535 Ne
282 2506 372 2545 quis]
401 2504 510 2535 Huius
531 2504 610 2544 legis
627 2503 690 2534 vim
707 2502 808 2534 omni-

130 2556 173 2577 no
185 2545 312 2577 Livium
327 2546 478 2577 fefellisse
487 2547 661 2578 arbitratur
673 2546 809 2577 Niebhr.

131 2588 187 2628 qui
208 2587 422 2619 narrationem
441 2589 525 2620 hanc
543 2589 689 2629 pluribus
708 2588 810 2620 verbis

131 2630 256 2663 excutit
272 2630 315 2662 iii.
333 2641 364 2670 p.
383 2632 517 2670 72—78.
565 2631 736 2662 Hactenus
757 2631 809 2661 tri-

132 2672 210 2704 buni
242 2673 383 2703 militum
414 2673 455 2703 ad
487 2673 629 2712 legiones
658 2673 810 2711 suffragio

131 2725 188 2746 sex
222 2714 486 2753 designabantur,
515 2719 638 2745 ceteros
666 2716 811 2754 quidem,

132 2757 186 2797 qui
205 2757 320 2789 Rufuli
337 2757 600 2797 appellabantur,
616 2758 727 2788 consul
745 2758 811 2788 nive

131 2800 308 2840 imperator
323 2800 473 2837 faciebat,
488 2810 574 2839 supr.
593 2799 642 2831 vii.
661 2808 689 2839 5.
737 2800 811 2830 Huc

134 2853 207 2874 vero
225 2843 294 2882 lege
311 2847 442 2874 cautum
461 2847 508 2872 est
531 2852 571 2872 nc
587 2842 670 2881 quin,
687 2841 740 2872 ubi
759 2841 811 2872 tri-

132 2886 239 2917 bunus
261 2885 402 2917 militum
424 2884 546 2923 suisset,
566 2889 677 2925 pontcn
701 2889 810 2916 centu-

853 2419 1068 2458 depcllcndus
1091 2423 1184 2450 esset.
1231 2419 1317 2450 Inde
1341 2419 1461 2456 evenit,
1485 2423 1533 2457 ut,

853 2461 877 2491 si
896 2462 1037 2501 populus
1052 2462 1190 2491 eundem
1209 2461 1350 2492 militum
1366 2461 1533 2492 tribunum

853 2504 1003 2544 suffragio
1024 2514 1087 2534 non
1109 2503 1281 2541 refecisset,
1297 2503 1450 2534 immunis
1466 2513 1533 2534 om-

854 2547 932 2576 nino
953 2545 1070 2577 militia
1090 2551 1185 2583 esset,
1200 2546 1259 2576 nisi
1277 2557 1376 2577 unum
1398 2546 1429 2576 in
1446 2553 1536 2577 octo-

855 2589 958 2619 decim
995 2588 1032 2618 iis
1069 2588 1147 2619 locis
1176 2599 1256 2628 quos
1289 2589 1437 2619 consules
1467 2589 1533 2619 eui-

857 2631 902 2661 vis
931 2632 972 2661 nd
1007 2630 1173 2661 arbitrium
1209 2641 1302 2662 suum
1334 2632 1534 2669 deserebant,

855 2673 1022 2710 tenuisset,
1043 2684 1142 2712 quum
1169 2673 1201 2704 in
1225 2678 1379 2713 quattuor
1402 2673 1534 2712 legioni-

856 2717 914 2746 bus
946 2715 1055 2755 viginti
1083 2720 1236 2754 quattuor
1266 2715 1385 2746 tribuni
1416 2720 1534 2748 essent.

859 2758 975 2788 Postea
999 2757 1128 2796 quidem
1154 2758 1273 2788 tribuni
1299 2759 1440 2789 militum
1465 2758 1534 2789 seni

857 2801 931 2830 deni
960 2800 990 2829 in
1017 2804 1170 2839 quattuor
1198 2800 1339 2841 legiones
1363 2812 1383 2833 u
1411 2802 1535 2841 populo

857 2843 1056 2875 creabantur.
1081 2842 1151 2875 infr.
1168 2842 1212 2876 ix.
1230 2853 1279 2884 30.
