1934 3211
600 147 726 189 LIB.
760 147 840 189 IX.
887 148 1034 190 CAP.
1067 154 1135 192 43,
1480 156 1560 195 551

170 236 354 279 millibus
373 237 556 278 hostium
577 237 717 287 caesis,
734 237 901 293 signum
921 239 1112 294 receptui
1132 239 1323 281 consules
1338 240 1556 291 dederant,
1574 252 1616 284 U.
1633 252 1672 283 C.
1689 258 1761 291 447·

169 294 504 351 colligebantque
525 294 570 334 in
591 309 723 336 unum
738 294 891 351 copias,
906 295 950 336 in
971 295 1107 337 vicem
1126 296 1237 337 inter
1256 312 1299 338 se
1320 307 1553 353 gratantes:
1570 296 1609 327 A.
1633 295 1672 327 C·
1689 303 1762 334 305·

169 366 301 408 quum
329 360 502 408 repente
526 352 638 394 visae
669 352 815 409 procul
845 352 1029 394 hostium
1060 369 1192 396 novae
1223 354 1426 405 cohortes,
1448 371 1555 412 quae

166 409 209 451 in
231 408 571 466 supplementum
591 410 768 467 scriptae
783 410 961 461 fuerant,
977 411 1237 469 integravere
1259 412 1443 454 caedem.
1506 413 1558 455 In

167 482 282 524 quas,
296 483 375 509 nec
388 468 501 509 iussu
515 468 747 519 consulum,
762 484 841 510 nec
854 469 973 525 signo
989 478 1174 527 accepto,
1188 470 1365 512 victores
1377 471 1555 521 vadunt3

137 530 180 577 7‘
199 525 309 567 malo
337 526 528 568 tirocinio
559 526 835 568 imbuendum
871 526 1128 578 Samnitem,’
1152 528 1423 571 clamitantes.
1486 528 1558 570 In-

166 583 343 640 dulgent
363 584 554 626 consules
574 584 789 641 legionum
811 585 961 635 ardori,
981 595 1027 627 ut
1048 586 1121 643 qui
1142 587 1271 643 probe
1293 587 1458 638 scirent,
1481 602 1557 629 no-

164 656 264 683 vum
285 641 463 684 militem
484 642 668 684 hostium
690 643 800 684 inter
815 643 1026 700 perculsos
1039 645 1138 701 fuga
1152 653 1369 686 veteranos
1390 660 1442 686 ne
1465 653 1557 686 ten-

166 699 295 741 tando
316 700 489 756 quidem
511 701 607 742 satis
628 702 846 743 certamini
862 701 961 743 fore.
1025 702 1119 756 Nec
1141 718 1211 744 eos
1233 703 1375 759 opinio
1395 703 1554 744 fefellit.

168 757 329 800 Omnes
353 758 605 800 Samnitium
626 760 784 816 copiae,
802 768 962 801 veteres
983 776 1213 817 novaeque,
1231 771 1395 802 montes
1415 761 1558 818 proxi-

164 830 254 857 mos
269 816 369 873 fuga
388 817 570 873 capiunt.
634 817 698 858 Eo
719 826 762 858 et
780 817 972 859 Romana
985 819 1160 875 erigitur
1179 819 1311 868 acies3
1344 834 1422 860 nec
1439 819 1558 876 quic-

165 889 292 930 quam
313 875 411 916 satis
431 876 511 917 tuti
532 875 613 917 loci
633 875 752 916 victis
774 884 846 916 est.
910 876 967 917 Et
987 876 1040 918 de
1061 877 1182 933 iugis,
1206 893 1311 933 quae
1344 885 1555 933 ceperant,

163 932 422 983 funduntur3
454 933 622 989 iamque
636 949 722 974 una
732 949 834 975 voce
849 949 994 976 omnes
1006 950 1153 991 pacem
1166 935 1376 991 petebant.
1430 935 1556 985 Tum,

164 991 291 1032 trium
317 991 525 1033 mensium
544 992 756 1033 frumento
779 992 998 1048 imperato,
1020 1001 1064 1034 et
1093 1008 1234 1034 annuo
1264 992 1487 1050 stipendio,
1510 1008 1558 1035 ac

164 1048 340 1105 singulis
359 1049 404 1090 in
426 1049 603 1090 militem
624 1049 789 1099 tunicis,
807 1049 860 1091 ad
881 1059 1073 1091 senatum
1093 1051 1207 1107 pacis
1228 1060 1409 1093 oratores
1429 1051 1555 1093 missi.

167 1105 392 1148 Cornelius
412 1107 457 1148 in
477 1107 647 1149 Samnio
668 1107 849 1149 relictus.
913 1107 1099 1150 Marcius
1120 1109 1172 1150 de
1192 1108 1390 1151 Hernicis
1410 1109 1558 1150 trium-

162 1164 300 1221 phans
319 1165 366 1206 in
390 1166 537 1207 urbem
558 1165 706 1215 rediit3
740 1174 959 1222 statuaque
981 1167 1186 1223 equestris
1206 1167 1251 1208 in
1271 1168 1360 1209 foro
1388 1167 1559 1208 decreta

163 1231 239 1274 est,
262 1239 370 1280 quae
396 1233 492 1266 ante
514 1223 720 1280 templum
755 1223 940 1266 Castoris
967 1225 1102 1281 posita
1137 1234 1210 1266 est.
1274 1225 1559 1267 Hernicorum

163 1281 297 1324 tribus
345 1282 524 1339 populis,
572 1281 812 1332 Alatrinati,
855 1282 1086 1333 Verulano,
1135 1283 1409 1333 Ferentinati,
1459 1283 1560 1339 quia

133 1339 416 1391 Smaluerunt,
440 1355 567 1397 quam
597 1340 821 1391 civitatem,
844 1355 942 1382 suae
963 1340 1076 1397 leges
1107 1341 1319 1383 redditae:
1353 1341 1559 1383 connubi-

164 1413 322 1455 umque
340 1399 452 1440 inter
464 1399 588 1456 ipsos,
606 1398 720 1455 quod
734 1398 993 1455 aliquamdiu
1009 1399 1084 1440 soli
1102 1399 1384 1441 Hernicorum
1401 1399 1560 1440 habue-

133 1468 152 1499 9
164 1466 275 1506 runt,
289 1457 548 1514 permissum.
612 1457 863 1513 Anagninis,
881 1458 1039 1514 quique
1061 1473 1176 1499 arma
1190 1457 1393 1499 Romanis
1406 1457 1560 1498 intule-

163 1523 272 1565 rant,
289 1515 433 1556 civitas
446 1515 534 1557 sine
552 1515 737 1572 suffragii
759 1515 912 1556 latione
930 1515 1044 1557 data:
1073 1515 1251 1557 concilia
1264 1514 1558 1570 connubiaque

165 1572 386 1630 adempta:
440 1582 483 1615 et
518 1573 837 1630 magistratibus,
870 1582 1165 1630 praeterquam
1200 1587 1410 1614 sacrorum
1442 1587 1561 1614 cura-

165 1631 295 1681 tione,
317 1631 601 1673 interdictum.

135 1683 152 1746 ζ
225 1688 390 1730 Eodem
419 1704 530 1731 anno
558 1688 682 1730 aedes
707 1688 860 1731 Salutis
885 1704 910 1730 a
940 1688 990 1731 C.
1006 1688 1132 1731 Iunio
1164 1689 1358 1731 Bubulco
1389 1703 1559 1730 censore

164 1746 301 1789 locata
340 1756 415 1797 est,
450 1762 577 1804 quam
613 1747 759 1789 consul
799 1746 910 1788 bello
955 1746 1207 1789 Samnitium
1247 1755 1425 1789 voverat.
1488 1747 1560 1789 Ab

165 1805 317 1847 eodem
345 1805 589 1863 collegaque
611 1805 700 1847 eius
732 1804 794 1847 M.
811 1804 982 1847 Valerio
1009 1805 1201 1847 Maximo
1221 1806 1312 1847 viae
1337 1820 1413 1862 per
1442 1819 1561 1862 agros

165 1863 335 1921 publica
355 1864 544 1921 impensa
562 1864 706 1905 factae.
770 1862 828 1904 Et
849 1878 944 1904 cum
970 1863 1389 1920 Carthaginiensibus
1410 1863 1560 1906 eodem
1574 1869 1774 1944 Carthagini-

1571 1924 1664 1997 {L‘Z‘ffs
1692 1925 1709 1944 ⁶

168 2024 222 2051 tus
237 2024 284 2051 est
301 2020 368 2051 sine
385 2020 482 2051 dubio
499 2024 530 2051 et
547 2021 608 2050 hoc
628 2021 698 2050 loeo
719 2023 751 2051 et
767 2019 844 2050 alibi

169 2073 332 2094 caesorum
369 2063 507 2093 hostium
548 2073 719 2093 numerus:
759 2063 844 2093 unde

169 2106 255 2137 enim
279 2106 317 2136 iis
337 2106 508 2145 quotannis
528 2106 711 2136 suffecerint
735 2110 845 2136 tantae

171 2149 295 2189 copiae,
328 2153 362 2179 ut
392 2159 518 2189 semper
555 2149 641 2178 bella
669 2148 845 2179 instaurare

170 2197 321 2233 possent;
343 2202 441 2231 quum
467 2191 526 2231 ipsi
551 2192 702 2229 Romani,
721 2191 844 2222 amissis

170 2236 212 2266 ad
241 2236 397 2266 Furculas
427 2234 591 2266 Caudinas
621 2239 773 2273 quattuor
801 2235 841 2264 le-

173 2278 331 2319 gionibus,
365 2278 481 2308 Pontio
513 2277 618 2307 iudice
655 2288 710 2317 per
743 2282 843 2307 totam

171 2326 311 2353 aetatem
329 2333 397 2353 sese
418 2331 546 2351 movere
563 2331 625 2350 non
646 2320 845 2360 potuissent?

173 2365 315 2397 Sruo‘rn.

219 2416 234 2448 7
258 2409 352 2439 Λίαῐο
371 2409 516 2438 tirocinio
535 2408 738 2437 imbuendum
756 2408 843 2435 ,Qatn-

174 2452 288 2489 m'tem]
317 2451 346 2481 h.
364 2462 391 2481 e.
416 2451 552 2481 Tirones
576 2449 736 2481 samnites
760 2449 845 2479 baud

174 2494 306 2534 impune
344 2494 447 2534 prima
482 2493 643 2533 stipendia.
680 2492 847 2522 merituros

173 2548 249 2568 esse.

217 2582 236 2611 8
259 2582 345 2611 Suae
375 2582 457 2619 leym·
482 2580 641 2616 redditae!
675 2578 704 2608 b.
727 2589 754 2608 e.
781 2578 844 2616 Op-

174 2623 254 2654 timo
278 2623 344 2653 iure
366 2623 543 2662 municipia
565 2623 649 2652 saeta
670 2626 744 2651 sunt
769 2621 847 2650 haec

175 2666 304 2706 oppida.

217 2720 237 2750 ι)
261 2710 463 2748 Ana-quinis]
502 2708 544 2738 lli
569 2718 640 2738 eum
668 2706 850 2737 Caeritibus

175 2756 208 2783 et
240 2751 377 2782 Aricinis
405 2763 425 2782 a
457 2751 552 2781 Festo
585 2755 848 2786 annumerantur,

178 2800 212 2826 ut
237 2795 306 2825 eius
327 2794 450 2833 generis
474 2793 698 2832 municipales,
715 2803 849 2832 quorum

178 2837 290 2869 civitas
328 2837 475 2868 unis-orna
513 2836 542 2866 in
582 2836 744 2866 civitatem
787 2836 850 2866 lto-

178 2891 307 2912 manam
341 2885 478 2912 venerat.
515 2881 553 2910 cf.
584 2879 717 2910 Nicbhr.
750 2879 791 2909 iii.
821 2890 850 2909 ιι.

179 2933 253 2963 45⁵-

936 2029 946 2049 1
974 2021 1078 2050 Aedes
1100 2020 1240 2058 Salutis]
1272 2019 1311 2049 In
1337 2019 1420 2049 hanc
1446 2020 1560 2050 aedem

890 2062 927 2092 C.
952 2062 1071 2092 Fabius
1101 2062 1246 2092 tabulam
1277 2061 1435 2101 depinxit,
1465 2065 1562 2101 atque

891 2105 964 2135 inde
988 2115 1165 2143 cognomen
1190 2104 1326 2135 Pictoris
1347 2104 1406 2134 sibi
1433 2104 1563 2135 indidit.

891 2147 975 2178 Plin.
997 2148 1039 2179 ll.
1059 2148 1100 2178 N.
1120 2158 1216 2178 xxxv.
1237 2156 1262 2186 7.

933 2201 948 2220 2
974 2192 1007 2221 (’.
1027 2192 1124 2221 lunio
1154 2192 1299 2221 Bubulco
1328 2191 1474 2228 censore]
1511 2191 1561 2221 Ab

888 2233 949 2263 hoc
971 2244 1100 2264 censore
1125 2234 1160 2264 L.
1176 2233 1336 2264 Antonius
1359 2238 1471 2264 senatu
1495 2244 1560 2263 mo-

891 2281 942 2306 tus
963 2282 1021 2313 est,
1037 2278 1131 2317 quod,
1147 2287 1240 2317 quam
1259 2277 1414 2315 viryinem
1437 2278 1473 2306 in
1495 2288 1560 2307 ma-

890 2321 1073 2350 trimonium
1091 2321 1241 2355 dua-erat,
1256 2320 1456 2359 repudiasset
1472 2321 1562 2351 nullo

890 2364 1061 2393 amicorum
1080 2364 1113 2393 in
1130 2363 1295 2392 consilinm
1309 2362 1459 2392 mlhibito.
1486 2362 1561 2393 Val.

892 2406 981 2436 Max,
997 2405 1027 2435 ii.
1044 2416 1073 2445 9.
1120 2406 1301 2444 Repudium
1316 2404 1447 2434 omnino
1460 2405 1561 2435 diver-

892 2459 960 2478 sum
974 2460 992 2478 a
1005 2449 1139 2478 diem-lio
1149 2452 1226 2478 erat.
1254 2448 1317 2478 Illo
1330 2448 1414 2477 enim
1429 2447 1562 2487 nuptiae

889 2502 949 2530 per
983 2493 1219 2521 conventiwem
1255 2493 1289 2520 in
1323 2502 1453 2520 manum
1490 2491 1562 2522 sub-

892 2534 977 2564 latae
989 2539 1074 2571 sunt,
1088 2534 1148 2563 boe
1165 2533 1248 2564 idem
1263 2534 1348 2572 quod
1362 2534 1563 2574 dtff'arreatio

891 2582 967 2607 erat.
1023 2580 1135 2613 Quum
1169 2587 1253 2613 vero,
1283 2576 1335 2615 qui
1372 2587 1432 2616 per
1467 2587 1562 2608 coem-

890 2622 1029 2659 ptionem
1066 2630 1196 2650 uxorem
1231 2620 1379 2657 duxerat,
1413 2618 1564 2650 adhibitis

893 2663 1034 2702 quinque
1062 2663 1196 2693 testibus
1224 2672 1280 2701 per
1303 2673 1356 2692 aes
1388 2661 1564 2701 librumque

894 2706 951 2735 sibi
993 2706 1081 2736 illam
1118 2705 1342 2744 mancipasset,
1376 2704 1401 2735 si
1436 2705 1566 2744 quando

894 2759 964 2778 eam
988 2750 1162 2788 repudiare
1189 2748 1297 2784 vellet,
1324 2755 1392 2778 tuui
1416 2748 1568 2778 adhibitis

896 2792 1030 2822 totidem
1045 2792 1178 2821 testibus
1191 2802 1261 2821 eain
1274 2793 1491 2831 enmucipare,
1503 2791 1568 2821 sive

897 2846 914 2865 e
939 2845 1034 2865 manu
1062 2834 1199 2869 mittere.
1222 2835 1370 2865 debebat.
1398 2834 1531 2866 Niebbr.
1550 2834 1568 2865 i.

899 2889 927 2909 n.
945 2879 1016 2917 635.
1064 2877 1137 2908 Gaii
1159 2878 1237 2908 lust.
1256 2877 1274 2908 i.
1298 2887 1342 2908 ιι.
