1934 3211
421 130 502 168 584
786 127 788 130 ’
930 124 1075 166 ΤΙΤΙ
1118 123 1293 165 LIVII

210 224 251 254 U.
270 224 307 278 (j
325 231 395 262 457·
423 217 519 258 Fuit
552 225 662 258 certe
695 216 908 258 contentio
940 217 984 256 in
1016 224 1183 264 senatu3
1217 224 1270 265 et,
1304 222 1524 271 postquam
1556 214 1614 255 ibi
1645 212 1796 254 Fabius

208 267 245 296 A.
268 268 305 297 ⁰·
327 275 395 306 295-
423 274 515 331 plus
535 282 708 331 poterat,
730 283 919 316 revocata
938 289 1002 314 res
1023 273 1074 314 ad
1088 273 1287 329 populum
1309 280 1380 313 est.
1442 271 1493 312 In
1515 271 1728 320 concione,
1750 277 1796 310 ut

423 333 533 373 inter
562 331 757 374 militares
785 332 905 381 viros,
937 340 979 372 et
1008 331 1125 372 factis
1159 331 1308 386 potius,
1339 345 1464 385 quam
1493 329 1626 378 dictis,
1655 328 1794 376 fretos,

427 405 559 446 pauca
584 390 709 431 verba
735 389 897 431 habita:
931 389 1093 437 Fabius,
1119 395 1128 411 ⁶
1146 403 1270 443 quam
1298 388 1483 428 arborem
1511 385 1795 434 conseruisset,

425 448 500 489 sub
528 463 577 489 ea
599 447 737 504 legere
766 447 892 487 alium
921 446 1115 494 fructum,
1144 445 1364 501 indignum
1395 444 1508 494 esse,’
1534 444 1695 492 dicere3
1729 448 1795 483 ‘se

427 511 438 529 ⁶
453 505 658 561 aperuisse
683 504 910 546 Ciminiam
931 503 1087 551 silvam,
1104 503 1295 557 viamque
1309 517 1383 557 per
1403 502 1542 542 devios
1563 500 1687 542 saltus
1709 499 1798 541 Ro-

428 569 438 587 ⁶
455 578 577 604 mano
597 562 705 603 bello
721 561 876 602 fecisse.
942 560 1058 608 Quid
1074 575 1115 600 se
1136 560 1180 600 id
1193 559 1335 600 aetatis
1348 558 1646 608 sollicitassent,
1663 557 1696 598 si
1716 556 1796 598 alio
1812 575 1824 596 1

427 627 437 644 ⁶
452 620 557 661 duce
574 619 730 660 bellum
750 618 906 674 gesturi
923 618 1087 658 essent?
1118 616 1331 657 Nimirum
1344 616 1622 656 adversarium
1641 630 1696 664 se,
1711 629 1797 655 non

427 678 608 718 ‘socium
640 676 815 731 imperii,
841 675 1013 731 legisse,’
1043 674 1194 715 sensim
1221 673 1462 729 exprobrat:
1508 678 1575 713 ‘et
1603 672 1827 713 invidisse2

429 741 439 758 ⁶
457 734 636 775 Decium
659 732 932 774 concordibus
953 731 1134 788 collegiis
1156 731 1308 773 tribus?
1367 730 1594 780 Postremo,
1618 735 1629 753 ⁶
1644 745 1686 771 se
1707 738 1798 771 ten-

430 798 439 815 ⁶
457 792 553 832 dere
570 790 676 831 nihil
697 790 814 839 ultra,
833 805 959 846 quam
980 798 1037 839 ut,
1056 790 1089 830 si
1105 805 1147 830 se
1164 789 1338 844 dignum
1358 787 1569 844 provincia
1584 787 1795 836 ducerent,

432 856 441 872 ⁶
457 849 501 889 in
523 864 613 889 eam
634 849 870 889 mitterent:
904 848 947 888 in
965 856 1129 888 senatus
1150 846 1317 888 arbitrio
1338 861 1379 887 se
1400 845 1537 895 fuisse,
1560 853 1602 886 et
1621 845 1665 885 in
1681 852 1798 901 pote-

431 913 440 930 ⁶
458 914 561 947 state
583 905 727 962 populi
746 905 958 946 futurum.’
1017 905 1063 945 P.
1084 904 1241 946 Decius
1261 913 1426 945 senatus
1439 902 1631 944 iniuriam
1652 916 1799 958 quere-

428 965 569 1005 batur:
605 969 617 987 ⁶
629 963 767 1019 quoad
787 963 1010 1019 potuerint,
1033 963 1177 1003 Patres
1197 961 1373 1011 annisos,
1395 976 1448 1002 ne
1472 959 1643 1017 plebeiis
1664 959 1799 1001 aditus

431 1028 441 1045 ⁶
457 1021 509 1063 ad
530 1036 701 1077 magnos
721 1021 898 1062 honores
919 1029 1046 1061 esset:
1080 1029 1297 1076 postquam
1319 1019 1407 1075 ipsa
1420 1019 1549 1060 virtus
1568 1017 1798 1074 pervicerit,
1825 1036 1830 1040 ’

431 1086 441 1103 ⁶
458 1095 510 1120 ne
551 1079 595 1119 in
634 1078 719 1119 ullo
751 1093 902 1134 genere
943 1078 1159 1118 hominum
1199 1077 1446 1118 inhonorata
1482 1084 1601 1126 esset,
1643 1075 1798 1131 quaeri,

430 1142 441 1160 ⁶
458 1136 812 1193 quemadmodum
839 1136 953 1176 irrita
972 1136 1054 1176 sint
1081 1151 1165 1176 non
1186 1134 1378 1190 suffragia
1400 1133 1525 1175 modo
1549 1132 1706 1189 populi,
1727 1132 1800 1173 sed

429 1201 439 1218 ⁶
456 1194 624 1236 arbitria
643 1194 766 1235 etiam
787 1194 988 1243 fortunae,
1007 1202 1048 1234 et
1067 1193 1110 1233 in
1131 1208 1357 1249 paucorum
1376 1199 1624 1248 potestatem
1637 1198 1800 1232 vertan-

428 1260 438 1275 ⁶
454 1261 529 1293 tur.
595 1251 753 1293 Omnes
788 1260 882 1292 ante
916 1267 957 1292 se
989 1250 1178 1292 consules
1210 1250 1372 1291 sortitos
1401 1248 1655 1305 provinciam
1687 1262 1798 1296 esse;

429 1317 439 1333 ⁶
457 1325 568 1350 nunc
600 1318 718 1350 extra
745 1318 895 1350 sortem
925 1309 1052 1349 Fabio
1083 1317 1271 1349 senatum
1300 1307 1555 1364 provinciam
1584 1305 1692 1347 dare.
1757 1304 1801 1346 Si

429 1376 438 1391 ⁶
456 1367 623 1408 honoris
639 1366 727 1408 eius
740 1382 883 1408 causa:
917 1367 974 1407 ita
989 1382 1084 1407 eum
1098 1366 1149 1407 (le
1164 1381 1218 1415 se,
1233 1366 1369 1422 deque
1384 1364 1597 1421 republica
1608 1363 1801 1404 meritum

430 1434 439 1448 ⁶
457 1439 557 1474 esse,
580 1433 625 1465 ut
640 1424 773 1465 faveat
798 1424 849 1473 Q.
867 1424 983 1465 Fabii
1003 1424 1168 1480 gloriae,
1187 1439 1292 1479 quae
1314 1423 1437 1464 modo
1457 1437 1544 1463 non
1564 1437 1637 1463 sua
1656 1429 1800 1462 contu-

431 1488 442 1505 ⁶
458 1482 581 1522 melia
617 1481 843 1537 splendeat.
909 1482 992 1523 Cui
1032 1490 1171 1522 autem
1211 1481 1385 1522 dubium
1425 1495 1524 1530 esse,
1558 1479 1630 1520 ubi
1670 1493 1801 1519 unum

430 1545 440 1562 ⁶
456 1538 611 1579 bellum
632 1539 684 1579 sit
704 1555 893 1594 asperum
911 1555 957 1580 ae
979 1539 1157 1589 difficile,
1173 1554 1303 1595 quum
1324 1538 1367 1579 id
1383 1537 1499 1579 alteri
1520 1545 1636 1578 extra
1651 1547 1801 1577 sortem

431 1603 441 1620 ⁶
459 1596 692 1645 mandetur,
709 1597 811 1651 quin
831 1596 934 1637 alter
953 1596 1097 1637 consul
1110 1612 1184 1651 pro
1201 1610 1502 1652 supervacaneo
1519 1603 1643 1650 atque
1664 1592 1802 1634 inutili

430 1661 439 1677 ⁶
453 1653 681 1694 habeatur?
714 1653 893 1694 Gloriari
911 1653 1083 1693 Fabium
1101 1654 1222 1693 rebus
1242 1655 1286 1693 in
1304 1653 1470 1693 Etruria
1485 1652 1620 1707 gestis.
1681 1649 1801 1691 Velle

430 1718 440 1735 ⁶
455 1720 496 1752 et
512 1711 558 1751 P.
576 1710 755 1751 Decium
769 1710 950 1766 gloriari:
985 1719 1025 1751 et
1040 1710 1220 1759 forsitan,
1235 1725 1359 1765 quem
1374 1709 1441 1749 ille
1456 1710 1648 1750 obrutum
1661 1708 1800 1763 ignem

430 1778 439 1792 ⁶
457 1768 682 1824 reliquerit,
716 1768 773 1808 ita
804 1776 851 1808 ut
885 1768 1005 1808 toties
1037 1782 1191 1808 novum
1223 1782 1275 1808 ex
1307 1766 1528 1822 improviso
1560 1765 1800 1806 incendium

431 1833 440 1850 ⁶
457 1826 584 1875 daret,
603 1841 699 1866 eum
715 1840 757 1866 se
772 1825 1082 1866 exstincturum.
1144 1824 1359 1865 Postremo
1376 1839 1417 1864 se
1431 1823 1611 1879 collegae
1625 1823 1801 1863 honores

431 1890 441 1906 ⁶
457 1883 721 1939 praemiaque
758 1897 1047 1923 concessurum
1082 1882 1330 1923 verecundia
1370 1881 1513 1922 aetatis
1548 1880 1636 1922 eius
1675 1879 1801 1920 maie-

431 1946 442 1964 ⁶
458 1941 680 1997 statisque3
713 1955 843 1996 quum
863 1939 1106 1996 periculum,
1129 1954 1258 1995 quum
1279 1938 1488 1979 dimicatio
1508 1937 1717 1994 proposita
1736 1937 1801 1987 sit,

431 2004 441 2022 ⁶
455 2014 590 2054 neque
605 1998 752 2039 cedere
767 2013 839 2038 sua
852 2006 1010 2053 sponte,
1025 2012 1162 2052 neque
1177 2011 1397 2038 cessurum.
1442 1995 1510 2045 Et,
1525 1995 1559 2036 si
1572 1994 1675 2035 nihil
1689 1994 1802 2035 aliud

431 2062 442 2080 ⁶
458 2072 509 2097 ex
527 2071 576 2097 eo
597 2056 821 2097 certamine
839 2055 990 2104 tulerit,
1005 2054 1108 2095 illud
1122 2063 1232 2095 certe
1250 2054 1441 2104 laturum,
1459 2062 1517 2103 ut,
1533 2052 1644 2109 quod
1688 2051 1802 2108 opuli

431 2120 441 2136 ⁶
455 2114 518 2163 sit,
528 2113 706 2169 populus
719 2113 858 2154 iubeat
870 2112 1018 2168 potius,
1029 2127 1153 2168 quam
1166 2111 1310 2152 Patres
1322 2111 1615 2167 gratificentur.
1658 2067 1802 2150 {ovem

431 2178 441 2194 ⁶
456 2172 659 2227 optimum
681 2171 908 2211 maximum
938 2170 1119 2225 deosque
1141 2169 1392 2210 immortales
1412 2184 1454 2209 se
1482 2168 1652 2224 precari,
1675 2175 1722 2207 ut
1744 2167 1803 2208 ita

431 2234 442 2251 ⁶
458 2237 608 2270 sortem
630 2243 805 2283 aequam
827 2228 903 2269 sibi
925 2242 1020 2268 cum
1042 2226 1198 2281 collega
1219 2226 1333 2275 dent,
1356 2226 1388 2267 si
1410 2225 1585 2267 eandem
1605 2225 1801 2266 virtutem

431 2292 441 2309 ⁶
457 2285 778 2341 felicitatemque
795 2286 837 2326 in
852 2284 960 2326 bello
974 2283 1298 2325 administrando
1312 2284 1447 2324 daturi
1461 2284 1554 2324 sint.
1619 2282 1744 2323 Certe
1757 2281 1801 2322 id

432 2349 442 2366 ⁶
459 2353 501 2384 et
514 2352 660 2384 natura
676 2358 869 2398 aequum,
888 2351 929 2383 et
942 2341 1133 2397 exemplo
1147 2341 1247 2382 utile
1261 2356 1360 2390 esse,
1374 2350 1416 2382 et
1428 2340 1481 2381 ad
1492 2341 1642 2381 famam
1658 2338 1802 2396 populi

432 2406 443 2424 ‘
459 2400 642 2441 Romani
677 2401 898 2456 pertinere,
935 2415 1004 2440 eos
1036 2398 1224 2440 eonsules
1259 2413 1358 2448 esse,
1396 2413 1572 2454 quorum
1607 2397 1802 2438 utrolibet

432 2464 442 2481 ⁶
458 2457 564 2499 duce
597 2457 752 2499 bellum
786 2457 1008 2498 Etruscum
1035 2457 1123 2512 geri
1155 2465 1264 2497 recte
1296 2456 1448 2511 possit.’
1506 2454 1668 2504 Fabius,
1695 2453 1801 2494 nihil

429 2515 543 2556 aliud
570 2523 760 2571 precatus
787 2514 1002 2570 populum,
1024 2529 1150 2570 quam
1181 2522 1227 2554 ut
1247 2514 1373 2569 prius,
1396 2528 1521 2568 quam
1547 2512 1657 2553 intro
1680 2526 1800 2553 voca-

428 2581 572 2614 rentur
592 2572 644 2613 ad
665 2572 905 2628 suffragium
926 2571 1068 2620 tribus,
1087 2571 1168 2627 Ap.
1191 2569 1358 2612 Claudii
1373 2570 1573 2627 praetoris
1592 2568 1732 2610 allatas
1747 2583 1800 2610 ex

476 2764 484 2782 ι
511 2755 551 2783 Se
580 2755 614 2784 id
640 2755 769 2791 aetatis]
804 2754 887 2784 Cum
919 2763 957 2783 ea
985 2755 1090 2783 aetate
1134 2761 1188 2790 gas
1212 2752 1324 2781 eadem
1349 2749 1517 2781 concordia
1539 2749 1620 2780 inter
1642 2758 1674 2779 se
1696 2758 1799 2788 agere,

428 2795 476 2825 sit.
500 2796 539 2825 cf.
553 2796 620 2826 Cic.
637 2797 676 2826 de
693 2796 747 2826 Or.
764 2796 783 2825 i.
801 2794 849 2834 46.
876 2795 965 2825 Verr.
982 2794 1002 2825 i.
1020 2793 1068 2825 26.
1136 2803 1198 2832 qua
1221 2794 1300 2823 duos
1322 2793 1385 2823 iam
1410 2793 1592 2824 consulatus
1613 2791 1707 2822 simul
1732 2799 1797 2830 ges-

472 2847 487 2865 2
512 2839 669 2868 Invidisse
685 2839 835 2875 Decium]
862 2837 1013 2868 Noluisse
1027 2837 1090 2867 Dc·
1135 2836 1255 2867 sissent.
1280 2837 1384 2867 Cnssv.

428 2878 524 2915 cium,
540 2879 632 2908 tertio
655 2883 723 2909 tum
747 2880 778 2909 in
804 2880 971 2909 consulatu
997 2879 1090 2909 colle-
