1934 3211
571 143 697 186 LIB.
732 143 812 185 IX.
856 143 1003 186 CAP.
1038 149 1105 187 34.
1462 150 1546 190 539

145 235 157 254 ‘
176 230 227 273 C.
251 230 450 273 Maenius
490 232 682 282 dictator,
719 233 831 288 quia,
865 248 999 289 quum
1040 234 1308 289 quaestiones
1349 237 1546 286 severius,
1563 245 1608 278 U.
1624 245 1663 277 C.
1680 257 1753 285 444·

145 293 302 344 ‘quarn
329 288 582 344 quibusdam
614 290 860 346 potentibus
892 299 1033 331 tutum
1064 298 1166 340 erat,
1189 303 1417 342 exerceret,
1447 309 1549 335 con·
1562 288 1602 320 A·
1626 289 1664 321 C.
1683 288 1755 329 308.

145 345 285 400 ‘tagio
324 345 427 395 eius,
464 346 581 402 quod
621 347 851 402 quaerebat
891 347 994 403 ipse,
1031 347 1218 388 criminis
1254 349 1463 391 obiectata
1497 352 1549 393 ab

144 402 352 444 ‘inimicis
380 412 456 454 est,
479 412 527 444 ut
551 404 738 460 privatus
766 405 934 446 obviam
961 405 1041 445 iret
1069 404 1249 454 crimini,
1273 405 1481 448 dictatura
1506 423 1550 449 se

144 463 157 483 ‘
171 459 393 502 abdicavit.
458 460 572 502 Nolo
613 477 692 517 ego
732 462 854 503 istam
893 462 938 502 in
979 471 1020 503 te
1062 461 1337 504 modestiam:
1381 479 1435 505 ne
1477 465 1551 506 de-

145 518 438 574 ‘generaveris
483 534 506 560 a
548 518 707 560 familia
748 519 1090 576 imperiosissima
1131 528 1174 561 et
1221 521 1547 576 superbissima:

144 578 259 616 ‘non
290 574 373 625 die,
408 591 495 617 non
526 576 630 617 hora
661 577 796 627 citius,
833 592 960 633 quam
992 592 1163 618 necesse
1197 586 1272 627 est,
1308 578 1551 635 magistratu

145 635 158 655 ‘
173 632 351 682 abieris3
385 633 512 675 modo
534 649 587 675 ne
609 634 789 676 excedas
810 635 976 676 finitum
1004 644 1182 691 tempus.
1249 635 1358 677 Satis
1379 646 1455 686 est,
1479 646 1552 678 aut

145 693 157 712 ‘
172 688 299 740 diem,
323 700 396 732 aut
418 706 607 733 mensem
629 707 829 734 censurae
851 692 1065 734 adiicere?
1107 692 1374 743 Triennium,
1398 694 1550 750 inquit,

145 750 218 789 ‘et
248 763 323 789 sex
356 764 521 790 menses
554 749 674 799 ultra,
699 765 826 806 quam
860 749 959 791 licet
983 749 1167 791 Aemilia
1194 750 1300 807 lege,
1331 766 1551 793 censuram

145 809 330 861 ‘geram,
363 816 405 848 et
438 806 550 848 solus
577 822 732 863 geram.
798 806 894 849 Hoc
924 807 1097 863 quidem
1130 808 1212 848 iam
1251 823 1382 865 regno
1414 809 1550 850 simile

146 866 158 885 ‘
174 872 249 905 est.
327 863 402 905 An
442 864 647 921 collegam
688 865 946 921 subrogabis,
989 880 1117 921 quem
1158 880 1212 906 ne
1254 866 1299 906 in
1339 866 1550 908 demortui

112 921 158 955 6‘
174 920 349 977 quidem
382 921 522 963 locum
555 922 772 978 subrogari
804 923 863 963 fas
892 923 987 963 est?
1048 922 1246 965 Poenitet
1276 924 1403 973 enim,
1434 923 1551 980 quod

145 979 512 1035 ‘antiquissimum
546 979 747 1029 sollenne,
783 988 825 1021 et
861 979 998 1021 solum
1026 980 1078 1021 ab
1112 980 1215 1036 ipso,
1243 981 1312 1021 cui
1340 981 1401 1031 fit,
1431 982 1551 1023 insti-

145 1040 314 1077 ‘tutum
342 1036 436 1086 deo,
459 1037 511 1078 ab
540 1037 808 1078 nobilissimis
839 1037 1095 1078 antistitibus
1125 1038 1215 1078 eius
1245 1039 1349 1080 sacri
1382 1039 1436 1080 ad
1464 1054 1550 1080 ser-

145 1097 320 1134 ‘vorum
370 1094 651 1136 ministerium
702 1094 920 1151 religiosus
966 1110 1114 1136 censor
1154 1095 1394 1145 deduxisti3
1446 1112 1550 1153 gens

145 1155 157 1174 ⁶
172 1151 387 1208 antiquior
412 1152 645 1208 originibus
667 1153 781 1194 urbis
807 1152 944 1202 huius,
967 1152 1151 1209 hospitio
1172 1153 1348 1195 deorum
1377 1154 1550 1195 immor-

145 1213 158 1231 ‘
174 1207 322 1250 talium
347 1219 502 1260 sancta,
525 1219 698 1266 propter
725 1219 766 1251 te
792 1226 839 1252 ac
866 1220 981 1252 tuam
1009 1225 1228 1252 censuram
1256 1211 1367 1252 intra
1391 1227 1550 1252 annum

145 1266 225 1308 ‘ab
252 1267 382 1324 stirpe
410 1268 620 1309 exstincta
651 1277 739 1309 est:
774 1268 855 1309 nisi
890 1268 1127 1309 universam
1161 1268 1464 1324 rempublicam
1498 1285 1549 1310 eo

145 1328 157 1347 ‘
172 1324 332 1367 nefario
346 1325 631 1375 obstrinxeris,
647 1325 762 1382 quod
776 1326 953 1367 ominari
970 1326 1097 1367 etiam
1114 1326 1357 1368 reformidat
1371 1327 1547 1368 animus.

145 1386 158 1405 ‘
175 1381 290 1423 Urbs
317 1398 368 1424 eo
399 1383 530 1425 lustro
559 1393 681 1440 capta
708 1392 783 1433 est,
807 1399 904 1440 quo,
928 1383 1151 1424 demortuo
1179 1383 1340 1439 collega
1369 1383 1419 1425 C.
1440 1383 1550 1426 Iulio

145 1444 157 1462 ‘
173 1454 361 1490 censore,
381 1440 430 1482 L.
447 1441 642 1497 Papirius
662 1440 832 1490 Cursor,
850 1457 904 1483 ne
926 1441 1059 1482 abiret
1081 1441 1339 1496 magistratu,
1360 1441 1422 1482 M.
1443 1441 1552 1483 Cor-

145 1497 334 1539 ‘nelium
366 1498 709 1555 Maluginensem
745 1498 949 1554 collegam
986 1499 1237 1554 subrogavit.
1301 1498 1360 1539 Et
1390 1508 1550 1554 quanto

145 1555 402 1598 ‘modestior
437 1556 547 1597 illius
583 1556 791 1612 cupiditas
826 1553 918 1606 fuit,
958 1571 1086 1612 quam
1122 1565 1206 1605 tua,
1242 1555 1394 1612 Appi?
1455 1555 1550 1598 Nec

145 1617 157 1636 ‘
173 1612 297 1663 solus,
320 1628 399 1655 nec
421 1614 530 1655 ultra
549 1614 718 1654 finitum
740 1613 833 1670 lege
857 1623 1022 1669 tempus
1044 1612 1093 1654 L.
1114 1612 1308 1669 Papirius
1329 1628 1550 1655 censuram

145 1671 327 1727 ‘gessit3
361 1680 502 1713 tamen
531 1671 746 1713 neminem
780 1671 954 1720 invenit,
979 1671 1052 1727 qui
1083 1686 1126 1711 se
1158 1679 1304 1726 postea
1334 1680 1550 1712 auctorem

145 1732 158 1752 ‘
172 1737 442 1784 sequeretur:
467 1744 613 1771 omnes
629 1728 830 1785 deinceps
846 1743 1039 1770 censores
1056 1737 1149 1785 post
1168 1737 1344 1770 mortem
1363 1728 1549 1785 collegae

145 1790 216 1828 ‘se
249 1787 494 1843 magistratu
525 1787 785 1828 abdicarunt.
849 1786 928 1835 Te,
951 1801 1030 1827 nec
1060 1786 1176 1842 quod
1205 1786 1295 1827 dies
1326 1786 1413 1827 exit
1450 1801 1550 1828 cen·-

145 1848 306 1894 ‘surae,
344 1859 423 1886 nec
454 1844 570 1901 quod
605 1844 767 1901 collega
803 1844 1044 1900 magistratu
1083 1844 1198 1893 abiit,
1236 1859 1314 1885 nec
1351 1843 1432 1893 lex,
1470 1859 1549 1885 nec

145 1901 310 1958 ‘pudor
330 1912 521 1944 coerect:
557 1902 756 1943 virtutem
788 1902 831 1942 in
858 1902 1066 1956 superbia,
1092 1901 1133 1941 in
1162 1901 1349 1951 audacia,
1373 1902 1417 1941 in
1449 1917 1550 1942 con-

145 1964 157 1982 ‘
176 1968 338 2015 temptu
360 1960 534 2000 deorum
558 1959 864 2014 hominumque
887 1958 1020 2014 poniS.
1086 1958 1178 2011 Ego
1201 1967 1255 2006 te,
1276 1959 1357 2013 Ap.
1378 1958 1548 2008 Claudi,

146 2021 157 2039 ‘
173 2031 249 2072 pro
272 2017 390 2057 istius
415 2017 681 2070 magistratus
706 2016 921 2056 maiestate
949 2030 995 2055 ac
1017 2015 1284 2062 verecundia,
1307 2030 1434 2070 quem
1456 2031 1550 2071 ges-

146 2079 158 2097 ‘
174 2074 276 2123 sisti,
299 2089 385 2114 non
416 2070 542 2114 modo
568 2088 696 2114 manu
718 2073 932 2120 violatum,
955 2071 1028 2112 sed
1059 2087 1110 2112 ne
1133 2072 1261 2112 verbo
1283 2071 1456 2128 quidem
1486 2073 1550 2113 in-

146 2130 434 2172 ‘clementiori
467 2146 491 2171 a
523 2146 588 2171 me
621 2129 877 2186 appellatum
910 2129 1087 2170 vellem:
1122 2129 1195 2170 scd
1228 2138 1270 2170 et
1302 2129 1417 2178 hac-c,
1441 2145 1549 2185 quae

147 2194 158 2212 ‘
174 2188 312 2230 adhuc
334 2189 414 2243 egi,
438 2188 671 2244 pervicacia
694 2198 765 2228 tua
786 2196 827 2228 et
850 2187 1045 2242 superbia
1066 2186 1203 2241 coegit
1227 2201 1292 2226 inc
1317 2186 1459 2242 loqui3
1493 2197 1548 2237 et,

115 2255 131 2288 7
147 2252 157 2270 ‘
174 2247 254 2287 nisi
277 2246 487 2288 Aemiliae
520 2245 601 2299 legi
634 2245 833 2301 parueris,
858 2244 901 2284 in
923 2243 1089 2284 vincula
1110 2243 1208 2284 duci
1242 2243 1420 2284 iubebo:
1457 2260 1548 2294 nec,

146 2310 158 2328 ‘
175 2320 306 2360 quum
330 2304 387 2345 ita
404 2312 692 2359 comparatum
711 2318 734 2343 a
752 2302 976 2354 maioribus
992 2301 1056 2349 sit,
1078 2310 1135 2349 ut,
1154 2301 1334 2342 comitiis
1350 2303 1550 2342 censoriis

111 2342 253 2427 g‘nisi
290 2361 375 2403 duo
416 2360 673 2402 confecerint
711 2359 898 2414 legitima
933 2358 1142 2414 suffragia,
1181 2374 1265 2398 non
1308 2359 1549 2400 renuntiato

146 2419 306 2461 ‘altero
337 2419 506 2460 comitia
533 2417 794 2465 differantur,
817 2432 895 2470 ego
918 2426 971 2465 te,
995 2416 1066 2471 qui
1097 2415 1209 2457 solus
1240 2430 1389 2456 censor
1416 2416 1548 2457 creari

146 2482 158 2501 ‘
174 2492 260 2519 non
282 2477 427 2534 possiS,
451 2475 585 2517 solum
609 2489 826 2515 censuram
848 2489 993 2529 gerere
1017 2473 1174 2529 patiar.'
1225 2472 1343 2514 Ilaec
1367 2472 1549 2530 taliaque

188 2678 208 2710 6
233 2679 380 2710 l'oenilet
403 2677 505 2714 enim]
538 2676 612 2707 Non
639 2675 722 2705 enirn
748 2674 824 2704 satis
869 2674 949 2704 erint
967 2684 1040 2704 euin
1059 2673 1280 2711 suffragiorum
1301 2675 1549 2715 numerum‚qu.i

145 2721 203 2752 tibi
220 2726 277 2752 ext.
326 2720 418 2750 llaec
435 2719 554 2749 ironice
572 2718 658 2748 «licta
675 2717 795 2756 accipe.
871 2717 938 2753 lege
958 2716 1171 2755 prm-scriptus
1188 2722 1244 2746 ent.
1267 2718 1374 2748 (Ἰικῑν.

191 2773 206 2803 7
231 2765 273 2794 In
298 2763 427 2793 vincula
450 2762 543 2799 duci]
578 2772 620 2791 nc.
651 2760 695 2790 [st
721 2760 822 2799 prim-
912 2769 931 2805 9
957 2761 1031 2789 Non
1058 2760 1244 2806 renuntiato
1267 2760 1385 2796 altero]
1426 2760 1549 2797 Altero.

144 2811 225 2837 tum·
867 2811 920 2840 qui
953 2802 1091 2831 confecit
1124 2802 1266 2838 legitnnn
1295 2801 1457 2841 suffragiu,
1484 2813 1548 2836 non

188 2850 207 2879 8
224 2849 299 2879 Nisi
311 2848 374 2878 duo
387 2847 584 2886 confecerint
598 2846 738 2884 leyita‘ma
755 2846 821 2883 sus-
868 2849 975 2874 tannen
996 2843 1191 2881 rcnuntiatffl
1212 2853 1275 2875 non
1291 2844 1456 2876 declarato
1473 2856 1546 2877 cen-

136 2892 271 2932 sraqi'a]
306 2890 377 2922 Nisi
395 2890 460 2921 duo
477 2889 573 2930 plene
594 2886 757 2919 consecuti
776 2886 821 2918 fu-
868 2897 947 2918 nore.
968 2887 1074 2920 Cum,
