1934 3211
209 247 248 277 [f.
266 249 302 279 C.
322 251 390 281 282.

203 290 241 319 tx.
266 291 303 321 C.
320 301 392 332 470.

204 332 258 362 Fit
273 334 391 367 tribun.

204 376 316 413 plebis

205 418 241 448 L.
255 419 397 460 Pinario,

204 461 241 491 P.
259 462 357 494 Furio

204 504 292 536 Coss.

206 547 274 577 Lex
292 550 377 580 Pub-

147 598 152 602 ·
203 589 279 622 lilia.

212 1010 252 1040 L'.
271 1011 308 1041 C.
326 1011 395 1049 ²83·

207 1053 245 1083 Λ.
270 1053 307 1083 C.
325 1051 395 1093 469.

209 1096 270 1134 Ap.
288 1095 383 1126 Clau-

207 1137 271 1174 dio,
285 1138 323 1168 T.

208 1180 363 1215 Quinctio

207 1224 295 1254 Coss.

209 1266 348 1296 Laetorii

208 1309 262 1339 Tr.
282 1310 331 1340 Pl.

208 1352 382 1383 cortamina

208 1405 281 1424 cum
293 1395 401 1435 Appio

208 1440 280 1469 Cos.

424 161 502 198 136
927 160 1075 202 ΤΙΤΙ
1113 159 1291 201 LIVII

420 249 580 290 bunum
611 249 722 306 plebi
753 261 865 292 creat
901 252 944 292 in
977 267 1072 293 eum
1109 267 1278 300 annum,
1310 251 1381 306 qui
1414 250 1462 290 L.
1492 248 1724 298 Pinarium,
1754 247 1802 290 P.

421 306 594 348 Furium
624 309 814 350 consules
847 309 1017 351 habuit:
1057 320 1283 365 contraque
1321 308 1509 349 omnium
1545 306 1803 363 opinionem,

420 365 493 421 qui
514 381 611 406 eum
632 367 833 408 vexandis
852 368 1001 424 prioris
1021 368 1121 408 anni
1148 366 1386 408 consulibus
1415 365 1713 422 permissurum
1734 364 1837 409 tri-5

419 423 624 464 bunatum
654 425 892 475 credebant,
914 434 1008 481 post
1036 425 1247 481 publicam
1277 439 1442 465 causam
1471 423 1633 480 privato
1663 421 1806 463 dolore

420 480 574 531 habito,
612 497 664 523 ne
701 484 827 524 verbo
861 483 1032 538 quidem
1064 483 1225 523 violatis
1266 481 1516 530 consulibus,
1547 480 1839 537 rogationem6

421 538 518 579 tulit
550 539 604 580 ad
630 540 845 596 populum,
873 549 920 581 ut
950 540 1105 596 plebeii
1138 540 1399 595 magistratus
1431 538 1596 580 tributis
1629 537 1807 579 comitiis

421 596 582 638 fierent.
646 597 775 638 Haud
800 613 926 653 parva
952 613 1016 638 res
1044 598 1119 638 sub
1149 597 1271 637 titulo
1300 597 1434 652 prima
1463 595 1600 652 specie
1632 595 1805 636 minime
1822 609 1840 642 7

422 655 550 695 atroci
571 655 803 704 ferebatur3
836 655 910 695 sed
931 671 1037 710 quae
1058 654 1242 710 patriciis
1270 669 1438 694 omnem
1463 661 1714 709 potestatem
1733 664 1839 709 per8

421 711 638 753 clientium
659 713 852 768 suffragia
872 712 1054 762 creandi,
1078 727 1182 768 quos
1203 711 1370 761 vellent,
1394 711 1582 752 tribunos
1613 710 1805 752 auferret.

424 769 538 810 Huic
558 770 726 820 actioni,
748 770 1002 826 gratissimae
1024 770 1149 826 plebi,
1173 785 1305 826 quum
1326 784 1488 810 summa
1506 768 1549 809 vi
1568 768 1809 809 resisterent

422 827 593 876 Patres3
625 842 717 878 nec,
740 843 847 883 quae
878 843 962 869 una
991 828 1051 869 vis
1081 828 1134 869 ad
1164 827 1444 869 resistendum
1473 834 1573 875 erat,
1601 834 1650 867 ut
1679 825 1808 867 inter-

424 884 603 935 cederet,
637 884 785 942 aliquis
816 901 869 927 ex
900 885 1075 942 collegio
1105 885 1350 927 auctoritate
1381 892 1453 927 aut
1483 883 1702 927 consulum
1736 891 1810 925 aut

424 942 662 999 principum
693 943 845 985 adduci
877 953 1039 1000 posset3
1076 959 1141 985 res
1174 953 1328 993 tamen,
1362 958 1436 984 suo
1471 942 1561 999 ipsa
1592 940 1839 988 molimine9

423 999 569 1055 graviS‚
596 1001 892 1042 certaminibus
919 1002 964 1042 in
991 1017 1149 1043 annum
1177 1001 1420 1044 extrahitur.
1483 999 1609 1041 Plebs
1630 998 1809 1041 Volero-

424 1073 521 1098 nem
558 1058 772 1100 tribunum
807 1059 966 1100 reficit:
1011 1059 1169 1109 Patres,
1206 1059 1260 1100 ad
1298 1058 1495 1100 ultimum
1529 1056 1810 1099 dimicationis

422 1115 500 1157 rati
530 1131 618 1157 rem
645 1125 877 1166 venturam,
902 1116 984 1173 Ap.
1004 1116 1245 1167 Claudium,
1265 1116 1396 1172 Appii
1425 1115 1572 1165 filium,
1593 1115 1679 1156 iam
1707 1114 1808 1156 inde

422 1189 446 1214 a
477 1174 661 1230 paternis
693 1175 988 1216 certaminibus
1024 1175 1204 1216 invisum
1237 1174 1518 1229 infestumque
1548 1172 1675 1230 plebi,
1709 1187 1809 1214 con-

422 1231 554 1272 sulem
574 1231 742 1274 faciunt.
809 1231 984 1289 Collega
1004 1233 1043 1273 ei
1065 1233 1115 1274 T.
1139 1232 1364 1281 Quinctius
1384 1231 1518 1272 datur.

480 1289 694 1346 Principio
716 1291 854 1331 statim
876 1291 975 1331 anni
991 1290 1097 1331 nihil
1113 1291 1240 1347 prius,
1258 1305 1384 1346 quam
1401 1289 1453 1330 de
1470 1288 1576 1345 lege,
1594 1288 1806 1345 agebatur.

425 1346 509 1388 Sed
540 1356 586 1388 ut
616 1348 810 1389 inventor
839 1348 942 1404 legis
963 1348 1134 1398 Volero,
1168 1348 1226 1389 sic
1254 1347 1487 1397 Laetorius,
1513 1345 1674 1403 collega
1705 1346 1808 1396 eius,

421 1413 566 1446 auctor
585 1421 717 1461 quum
738 1407 957 1456 recentior,
981 1415 1070 1447 tum
1098 1407 1230 1447 acrior
1251 1414 1349 1447 erat.
1412 1404 1612 1446 Ferocem
1631 1403 1810 1446 faciebat
1825 1421 1836 1442 1

425 1462 521 1503 belli
541 1462 673 1518 gloria
692 1464 863 1519 ingens3
888 1464 1002 1520 quod
1023 1464 1168 1505 aetatis
1193 1464 1282 1504 eius
1302 1463 1416 1504 haud
1437 1463 1661 1519 quisquam
1681 1477 1810 1503 manu

423 1521 655 1576 promptior
687 1530 785 1562 erat.
848 1520 902 1571 Is,
935 1536 1065 1577 quum
1088 1521 1246 1564 Volero
1277 1521 1395 1571 nihil,
1429 1528 1723 1577 praeterquam
1755 1519 1808 1561 de

422 1578 528 1634 lege,
555 1578 808 1634 loqueretur,
841 1579 1113 1621 insectatione
1145 1579 1356 1620 abstinens
1387 1577 1620 1628 consulum,
1648 1577 1737 1634 ipse
1764 1577 1810 1618 in

422 1636 728 1678 accusationem
760 1636 905 1693 Appii,
939 1637 1202 1692 familiaeque
1233 1636 1549 1692 superbissimae
1580 1650 1628 1677 ac
1661 1634 1811 1677 crude-

425 1766 551 1796 mutuit.
598 1766 662 1797 Sed
679 1767 711 1797 N
715 1766 859 1796 iebuhrio
883 1767 990 1806 placet
1012 1765 1043 1796 ii.
1062 1777 1092 1805 p.

428 1811 495 1850 189.
513 1809 574 1839 hoc
597 1819 729 1839 munere
752 1813 859 1848 patres
876 1819 909 1839 se
926 1809 989 1839 iam
1005 1809 1093 1839 abdi-

424 1862 511 1882 casse
527 1862 565 1882 ea
580 1851 701 1882 scilieet
717 1852 911 1886 conditione,
927 1855 963 1881 ut
982 1851 1093 1891 utique

424 1905 524 1925 unum
549 1895 712 1925 consulem
732 1894 791 1934 ipsi
815 1894 943 1924 arbitrio
959 1905 1016 1925 suo
1032 1905 1096 1925 cre-

424 1942 523 1968 arent.
548 1948 632 1977 supr.
648 1947 698 1976 4²·

474 1990 490 2019 5
520 1982 775 2018 l'ermissurum]
823 1980 958 2010 Locutio
988 1981 1029 2010 ab
1059 1979 1098 2009 iis

425 2023 512 2053 ducti
550 2023 603 2062 qui
641 2023 730 2062 equis
766 2023 856 2053 frena
890 2022 1090 2052 immittunt:

424 2066 500 2096 hinc
522 2067 708 2105 permittere
731 2067 931 2096 tribunatum
953 2065 1094 2095 tribuna-

425 2108 470 2139 tui
492 2110 581 2139 frena
602 2108 712 2139 laxare
735 2112 767 2139 et
787 2109 827 2138 ad
846 2109 1006 2139 vexandos
1023 2118 1095 2138 con-

426 2152 510 2182 sules
526 2155 685 2190 potestate
700 2151 894 2191 impotenter
910 2151 966 2182 uti.

468 2193 487 2225 6
510 2195 733 2233 liogsationem]
773 2195 868 2230 Quae
891 2200 1002 2234 postca
1026 2195 1094 2224 Lex

427 2237 574 2267 Laetoria
592 2236 677 2266 dicta
694 2241 752 2274 est,
765 2248 827 2276 qua
841 2242 970 2267 cautum
989 2241 1047 2273 est,
1060 2242 1095 2267 ut

428 2280 542 2318 plebeii
550 2279 751 2319 magistratus
758 2280 894 2316 tributis,
902 2290 942 2310 sc.
951 2279 1095 2318 plebeiis,

426 2323 562 2353 comitiis
585 2324 707 2352 tierent.
755 2324 861 2352 Antea
887 2322 1016 2361 quidem
1045 2333 1094 2352 co-

426 2366 523 2395 mitiis
549 2365 734 2395 centuriatis
759 2366 889 2402 fiebant,
915 2365 1049 2395 Niebhr.
1074 2365 1093 2394 i.

428 2419 456 2447 p.
475 2408 545 2439 608.
572 2408 739 2438 XVachsm.
763 2419 792 2447 p.
811 2406 880 2438 286.
906 2412 937 2438 et
960 2407 1094 2437 auctori-

427 2456 492 2481 tate
509 2456 636 2490 patrum
652 2452 921 2490 approbabantur.

472 2504 486 2533 7
510 2495 614 2524 Haud
625 2504 730 2532 parva
746 2494 812 2530 res]
848 2493 941 2523 Haec
965 2503 1027 2523 non
1052 2494 1094 2523 fa-

426 2537 486 2566 cile
510 2536 672 2566 conciliari
698 2546 788 2575 posse
806 2535 953 2566 videntur
969 2546 1041 2566 cum
1059 2535 1096 2565 iis

425 2590 506 2617 quae
526 2579 606 2609 infra
621 2579 662 2608 de
677 2579 737 2609 hac
753 2579 865 2608 eadem
883 2589 915 2608 re
930 2578 1027 2608 habet
1045 2578 1094 2608 Li-

428 2622 493 2651 xius
520 2622 551 2651 in
578 2622 640 2651 fine
662 2620 711 2652 60.
743 2621 797 2651 ubi
824 2622 900 2660 plus
929 2622 1096 2660 {liynitale's

425 2665 556 2694 vmtziliis
573 2674 629 2703 pcr
644 2665 727 2694 hanc
743 2664 903 2694 actionem
919 2665 1094 2694 detractum.

426 2706 481 2739 ait.
502 2718 594 2745 quam
615 2708 731 2737 virium
757 2712 814 2737 azel
831 2708 917 2746 plebi
940 2707 1094 2743 additum,

426 2753 483 2776 ant
507 2750 687 2788 ademptam
710 2751 874 2779 Patribus.
926 2750 997 2779 Nec
1022 2759 1095 2779 vcro

427 2790 626 2821 mediocritei·
663 2791 832 2822 imminuta
871 2791 994 2822 videtur
1036 2792 1094 2822 hac

428 2832 496 2869 lege
521 2833 652 2863 I’atrum
678 2834 829 2872 potentia.
880 2835 985 2864 I’rimo
1009 2834 1092 2864 enim

429 2875 539 2903 Patres
562 2885 600 2903 cx
622 2876 757 2905 comitiis
780 2877 905 2906 tributis
928 2878 1092 2907 submove-

427 2917 550 2953 bantur,
567 2918 651 2955 quod
675 2918 765 2947 (locet
790 2923 895 2948 nostor
916 2919 946 2949 in
970 2919 1026 2949 illo
1043 2919 1091 2949 60.

1138 1767 1208 1796 loeo
1225 1775 1319 1805 quem
1343 1765 1406 1795 iam
1428 1764 1605 1795 attulimus.
1653 1765 1736 1795 Inde
1751 1768 1812 1803 est,

1138 1809 1223 1848 quod
1240 1807 1370 1838 comitia
1392 1808 1471 1838 haec
1491 1808 1693 1839 habebantur
1707 1807 1812 1848 plebis

1138 1851 1277 1891 propria,
1293 1855 1325 1881 et
1342 1852 1427 1890 leges
1441 1850 1474 1880 in
1490 1850 1528 1880 iis
1542 1851 1628 1882 latae
1643 1851 1811 1891 plebiscita

1141 1895 1419 1933 nuncupabantur.
1465 1893 1540 1923 Vid.
1556 1893 1628 1924 infr.
1644 1893 1687 1924 iii.
1705 1901 1756 1933 55.
1779 1896 1812 1924 et

1142 1938 1228 1968 Gell.
1240 1948 1291 1967 xv.
1307 1944 1355 1976 27.
1390 1941 1432 1967 2⁰.
1445 1936 1620 1976 Dionysius
1629 1936 1672 1967 ix.
1688 1937 1736 1976 38.
1749 1936 1811 1967 hac

1141 1979 1211 2020 ipsa
1221 1981 1260 2010 de
1268 1980 1337 2019 lege
1349 1990 1445 2019 agens
1455 1979 1666 2010 docetiisdem
1675 1978 1813 2010 comitiis

1137 2022 1350 2053 necessarium
1362 2032 1426 2052 non
1439 2021 1534 2052 fuisse
1550 2025 1586 2052 ut
1597 2025 1726 2055 senatus
1737 2031 1810 2052 aue-

1138 2069 1188 2095 tor
1203 2066 1305 2103 fieret,
1317 2069 1349 2096 et
1366 2068 1408 2105 3⁰.
1421 2064 1500 2095 nihil
1516 2064 1548 2095 in
1564 2064 1602 2095 iis
1618 2074 1699 2104 opus
1713 2064 1812 2096 fuisse

1141 2108 1236 2138 sacris
1265 2112 1321 2138 aut
1351 2107 1510 2147 auspiciis,
1537 2117 1672 2147 quorum
1701 2107 1811 2138 arbitri

1142 2152 1254 2181 Patres
1281 2155 1380 2181 erant.
1410 2151 1515 2182 CREV.
1567 2151 1680 2185 Patres
1704 2150 1812 2183 adhuc

1140 2204 1303 2233 nunquam
1319 2193 1352 2224 in
1368 2193 1504 2224 comitiis
1522 2192 1648 2224 tributis
1662 2193 1812 2233 suffragia

1139 2237 1289 2267 tulerant.

1182 2282 1200 2309 ὅ
1220 2282 1287 2310 Per
1301 2281 1465 2310 clientium
1478 2279 1656 2318 suff'rayia]
1676 2277 1811 2318 Quippe

1140 2322 1273 2352 clientes
1303 2322 1336 2352 in
1367 2321 1506 2352 comitiis
1534 2320 1719 2352 centuriatis
1747 2321 1809 2351 suf-

1140 2364 1238 2403 fragia
1253 2364 1407 2401 ferebant,
1423 2363 1555 2394 minime
1571 2367 1680 2394 autem
1703 2363 1735 2393 in
1756 2363 1809 2393 tri-

1140 2407 1233 2438 butis.
1259 2407 1392 2437 Niebhr.
1409 2406 1428 2436 i.
1446 2417 1477 2436 n.
1498 2416 1587 2445 131²-

1182 2460 1201 2490 9
1223 2452 1288 2480 Suo
1303 2451 1374 2489 ipsa
1395 2450 1553 2480 molimine
1572 2450 1700 2488 yravis]
1729 2448 1809 2479 Gra-

1142 2492 1207 2522 vior
1226 2492 1342 2529 adhuc,
1359 2491 1383 2521 si
1400 2491 1498 2522 Dion.
1515 2491 1557 2522 ix.
1575 2502 1625 2531 42.
1642 2492 1740 2522 fidem
1755 2492 1809 2522 ad-

1139 2536 1306 2571 hibemus;
1329 2534 1512 2574 pestilentia
1534 2534 1620 2564 enim
1636 2535 1747 2565 urbem
1763 2533 1810 2565 in-

1141 2578 1231 2615 vasit,
1242 2588 1323 2616 quae
1339 2588 1395 2617 per
1410 2577 1566 2616 reliquam
1580 2577 1712 2608 Italiam
1726 2586 1810 2616 gras—

1140 2625 1209 2651 sata
1223 2624 1281 2657 est,
1294 2621 1347 2650 sed
1364 2630 1521 2659 nusquam
1534 2620 1621 2659 alibi,
1633 2630 1731 2660 quam
1744 2620 1809 2650 Ro-

1139 2673 1221 2701 mae,
1244 2662 1397 2694 infestior.
1444 2663 1550 2693 Aetna
1570 2673 1697 2702 quoque
1719 2672 1811 2693 mons

1140 2706 1199 2736 hoc
1229 2716 1313 2736 anno
1343 2705 1482 2735 flammis
1511 2705 1719 2736 exaestuavit.
1747 2705 1808 2735 Ae-

1140 2749 1215 2779 lian.
1232 2749 1264 2778 in
1283 2749 1370 2779 Stob.
1388 2748 1537 2788 Florileg.
1554 2748 1656 2779 lxxix.
1674 2748 1724 2788 38.

1186 2802 1195 2821 1
1223 2793 1361 2829 Ala-tor]
1386 2791 1601 2830 Approbator,
1613 2791 1764 2826 firmator,
1776 2792 1808 2819 et

1139 2834 1192 2873 qui
1208 2834 1431 2865 auctoritatem
1454 2833 1515 2873 legi
1538 2835 1722 2873 praestaret.
1745 2832 1805 2863 CR.

1139 2877 1176 2907 cf.
1193 2887 1241 2915 42.
