1934 3211
454 203 537 241 342
965 202 1112 244 TITI
1153 203 1332 244 LIVII

333 319 340 326 .
359 295 430 335 365·
458 288 549 330 Iam
570 297 667 331 ante
689 291 730 331 in
761 306 811 332 eo
831 291 977 347 religio
1003 292 1181 333 civitatis
1211 301 1471 349 apparuerat,
1494 293 1622 349 quod,
1644 307 1775 349 quum
1802 293 1848 334 in

359 339 430 377 387-
459 347 628 402 publico
669 347 832 389 deesset
862 363 1022 398 aurum,
1057 365 1110 390 ex
1141 365 1226 405 quo
1267 365 1429 391 summa
1460 359 1606 406 pactae
1643 350 1848 391 mercedis

463 403 598 445 Gallis
625 405 838 454 confieret,
865 421 889 446 a
918 407 1118 447 matronis
1145 407 1343 448 collatum
1374 416 1634 463 acceperant,
1656 415 1703 450 ut
1732 422 1848 448 sacro

459 475 560 501 auro
611 462 896 504 abstineretur.
979 463 1187 505 Matronis
1236 465 1391 519 gratiae
1448 473 1576 514 actae,
1627 465 1846 519 honosque

458 517 638 568 additus,
672 528 719 560 ut
751 535 906 569 earum,
943 520 1050 561 sicut
1081 521 1276 570 virorum,
1312 530 1406 576 post
1437 531 1614 563 mortem
1649 520 1848 563 sollennis

240 579 366 610 Rursus
378 574 642 616 ruo-laudatio
683 585 801 617 esset.
865 576 922 617 Iis
961 578 1151 632 peractis,
1188 593 1295 633 quae
1337 578 1390 619 ad
1425 579 1525 619 deos
1565 579 1845 634 pertinebant,

238 626 430 697 {fgfgssetm
456 648 648 688 quaeque
665 649 740 688 per
756 642 945 674 senatum
960 634 1023 688 agi
1039 644 1253 689 poterant3
1288 643 1378 675 tum
1391 634 1576 684 demum,
1594 635 1847 690 agitantibus

236 709 349 744 grandi
456 690 634 730 tribunis
664 690 831 745 plebem
860 690 1033 730 assiduis
1064 691 1348 740 concionibus,
1370 700 1429 741 ut,
1451 691 1605 732 relictis
1636 692 1779 740 ruinis,
1801 691 1847 731 in

240 748 347 782 Veios.
456 747 602 787 urbem
632 756 817 802 paratam
848 747 979 788 Veios
1010 748 1363 803 transmigrarent,
1392 749 1437 788 in
1467 748 1726 798 concionem,
1751 748 1846 789 uni-

455 818 573 844 verso
590 812 737 845 senatu
757 813 1050 860 prosequente,
1073 805 1273 855 escendit,
1297 813 1422 861 atque
1443 806 1502 846 ita
1519 806 1645 847 verba
1664 805 1785 846 fecit:

302 864 369 902 51.
517 866 527 883 ⁶
540 860 664 902 Adeo
686 862 789 902 mihi
811 863 983 903 acerbae
1001 871 1110 912 sunt,
1130 863 1329 911 Quirites,
1348 863 1638 904 contentiones
1655 877 1751 903 cum
1773 863 1846 903 tri-

237 920 397 967 Camillus
457 922 467 940 ⁶
483 918 606 959 bunis
633 918 780 974 plebis,
811 928 857 960 ut
884 935 963 960 nec
989 920 1211 960 tristissimi
1242 919 1378 960 exsilii
1406 920 1599 961 solatium
1630 920 1745 960 aliud
1771 919 1845 961 ha-

236 963 407 994 chssuadet.
455 979 466 997 ⁶
480 975 654 1025 buerim,
678 977 817 1031 quoad
840 977 1007 1018 Ardeae
1028 977 1128 1026 vixi,
1153 992 1279 1032 quam
1300 977 1415 1032 quod
1435 977 1581 1033 procul
1602 978 1654 1018 ab
1670 977 1734 1017 his
1755 992 1844 1018 cer—

454 1037 465 1055 ⁶
482 1032 707 1074 taminibus
735 1049 871 1074 eram:
906 1043 948 1075 et
979 1036 1032 1075 ob
1063 1034 1212 1075 eadem
1233 1034 1350 1083 haec,
1379 1049 1477 1083 non,
1500 1035 1534 1075 si
1563 1049 1628 1075 me
1657 1042 1875 1076 senatus-7

453 1090 672 1131 ‘consulto
705 1091 936 1146 populique
972 1092 1085 1132 iussu
1117 1092 1376 1140 revocaretis,
1410 1091 1620 1132 rediturus
1655 1106 1843 1147 unquam

454 1146 639 1188 ‘fuerim.
704 1148 747 1188 N
751 1163 798 1188 ec
820 1163 932 1189 nunc
954 1164 1034 1198 me,
1058 1157 1105 1189 ut
1125 1148 1318 1198 redirem,
1341 1163 1435 1189 mea
1457 1148 1649 1189 voluntas
1669 1157 1841 1198 mutata,

454 1209 465 1226 ⁶
481 1203 555 1244 sed
576 1214 712 1246 vestra
726 1205 891 1246 fortuna
911 1205 1121 1261 perpulit:
1156 1206 1326 1261 quippe,
1345 1214 1392 1246 ut
1413 1206 1457 1245 in
1485 1221 1559 1246 sua
1578 1206 1676 1246 sede
1698 1220 1841 1246 mane-

453 1267 463 1283 ⁶
477 1270 540 1302 ret
560 1262 706 1317 patria,
729 1262 774 1302 id
787 1263 988 1318 agebatur
995 1278 1006 1311 3
1039 1278 1125 1303 non
1146 1271 1193 1303 ut
1215 1278 1292 1317 ego
1315 1262 1461 1318 utique
1482 1263 1527 1302 in
1542 1262 1676 1318 patria
1696 1278 1839 1304 essem.

452 1323 463 1340 ⁶
481 1317 538 1359 Et
557 1334 672 1360 nunc
693 1319 952 1375 quiescerem
974 1335 1021 1360 ac
1043 1328 1224 1361 tacerem
1246 1320 1436 1369 libenter,
1454 1320 1534 1360 nisi
1548 1320 1651 1360 haec
1672 1335 1841 1376 quoque

452 1381 551 1430 ‘pro
572 1377 707 1432 patria
734 1377 948 1418 dimicatio
973 1385 1105 1418 esset:
1140 1377 1208 1418 cui
1237 1377 1393 1426 deesse,
1417 1377 1557 1433 quoad
1576 1377 1663 1418 vita
1689 1392 1843 1433 suppe-

452 1437 463 1454 ⁶
480 1441 552 1482 tat,
589 1434 679 1474 aliis
721 1443 855 1490 turpe,
893 1434 1074 1475 Camillo
1110 1434 1235 1475 etiam
1276 1434 1391 1475 nefas
1431 1442 1503 1475 est.
1570 1434 1689 1482 Quid
1727 1434 1842 1475 enim

452 1493 462 1511 ⁶
477 1490 747 1544 repetiimus?
778 1492 882 1546 quid
895 1493 1101 1533 obsessam
1119 1507 1171 1532 ex
1188 1491 1371 1532 hostium
1388 1492 1581 1532 manibus
1597 1491 1839 1547 eripuimus,

451 1551 462 1568 ⁶
475 1546 510 1586 si
526 1557 814 1602 recuperatam
830 1549 909 1604 ipsi
931 1549 1191 1589 deserimus?
1223 1557 1266 1589 et
1286 1563 1431 1604 quum,
1446 1548 1673 1589 victoribus
1692 1547 1838 1598 Gallis,

451 1607 462 1625 ⁶
475 1611 597 1658 capta
620 1612 708 1644 tota
728 1605 843 1653 urbe,
870 1604 1129 1660 Capitolium
1151 1614 1290 1646 tamen
1319 1615 1444 1661 atque
1466 1620 1605 1646 arcem
1632 1605 1776 1661 diique
1798 1613 1840 1646 et

451 1659 668 1701 ‘homines
697 1661 880 1701 Romani
908 1662 1134 1711 tenuerint,
1158 1663 1462 1703 habitaverint:
1497 1663 1722 1703 victoribus
1751 1662 1840 1702 Ro-

449 1722 460 1739 ⁶
474 1717 618 1766 manis,
641 1727 884 1773 recuperata
904 1719 1019 1768 urbe,
1042 1733 1116 1759 arx
1138 1734 1306 1774 quoque
1325 1727 1367 1759 et
1394 1718 1653 1774 Capitolium
1673 1719 1840 1759 desere-

449 1775 571 1815 ⁶tur?
612 1783 655 1815 et
684 1775 777 1830 plus
808 1775 1009 1816 vastitatis
1036 1775 1134 1815 huic
1165 1775 1257 1815 urbi
1290 1775 1473 1815 secunda
1503 1783 1644 1815 nostra
1672 1775 1841 1816 fortuna

450 1836 460 1852 ⁶
477 1831 612 1880 faciet,
640 1847 767 1887 quam
792 1832 964 1872 adversa
990 1832 1119 1872 fecit?
1152 1831 1376 1886 Equidem,
1399 1832 1433 1871 si
1461 1832 1580 1872 nobis
1608 1846 1705 1872 cum
1735 1833 1838 1873 urbe

449 1888 596 1928 ‘simul
636 1889 795 1944 positae
836 1889 1097 1943 traditaeque
1140 1903 1214 1943 per
1249 1902 1397 1928 manus
1436 1889 1659 1943 religiones
1698 1888 1838 1930 nullae

448 1949 627 1993 ‘essent‚
658 1954 798 1986 tamen
830 1954 913 1986 tam
943 1945 1114 1986 evidens
1143 1959 1301 1984 numen
1331 1944 1409 1984 hac
1439 1953 1686 2000 tempestate
1715 1945 1839 1986 rebus

449 2007 460 2023 ⁶
476 2002 595 2041 affuit
625 2001 841 2050 Romanis,
864 2010 910 2041 ut
933 2016 1101 2041 omnem
1127 2001 1427 2056 negligentiam
1448 2001 1578 2041 divini
1607 2002 1744 2042 cultus
1764 2017 1838 2042 ex-

449 2064 460 2080 ⁶
476 2066 660 2113 emptam
681 2058 922 2099 hominibus
942 2066 1101 2114 putem.
1164 2057 1396 2098 Intuemini
1417 2058 1530 2098 enim
1552 2058 1701 2098 horum
1718 2058 1837 2100 dein-

448 2120 573 2170 ⁶ceps
602 2130 805 2156 annorum
832 2114 899 2155 vel
926 2114 1130 2155 secundas
1161 2129 1238 2163 reS,
1267 2114 1334 2155 vel
1364 2114 1579 2156 adversas:
1613 2115 1837 2156 invenietis

447 2177 458 2195 ⁶
475 2172 616 2212 omnia
645 2187 741 2228 pros
773 2186 841 2213 ere
870 2171 1055 2212 evenisse
1086 2171 1358 2226 sequentibus
1389 2171 1502 2220 deos,
1529 2172 1700 2213 adversa
1723 2187 1837 2228 sper-

448 2234 459 2252 ‘
473 2229 681 2270 uentibus.
743 2188 834 2270 Yam
857 2228 1046 2269 omnium
1067 2228 1250 2284 primum
1264 2227 1423 2269 Veiens
1442 2228 1599 2269 bellum
1617 2228 1712 2285 (per
1732 2237 1837 2284 quot

447 2291 457 2308 ⁶
475 2301 617 2334 annos,
655 2294 812 2342 quanto
852 2285 992 2326 labore
1032 2293 1196 2340 gestum
1211 2284 1248 2340 Σ)
1287 2300 1373 2326 non
1414 2293 1512 2326 ante
1545 2286 1658 2341 cepit
1691 2285 1834 2335 finem,

446 2348 598 2397 ‘quam
629 2343 792 2384 monitu
822 2342 997 2383 deorum
1028 2357 1136 2397 aqua
1167 2357 1219 2382 ex
1252 2342 1346 2382 lacu
1379 2342 1547 2382 Albano
1579 2342 1728 2382 emissa
1759 2351 1832 2383 est.

446 2404 459 2423 ⁶
478 2399 596 2448 Quid
623 2400 726 2441 haec
752 2399 922 2440 tandem
954 2399 1066 2439 urbis
1093 2407 1257 2439 nostrae
1280 2398 1417 2439 clades
1442 2398 1579 2439 nova?
1608 2413 1711 2439 num
1737 2407 1833 2440 ante

446 2462 458 2480 ⁶
474 2465 620 2497 exorta
640 2466 714 2506 est,
737 2471 863 2513 quam
885 2464 1022 2512 spreta
1041 2470 1122 2495 vox
1143 2455 1260 2495 coelo
1281 2454 1430 2495 emissa
1450 2454 1502 2495 de
1525 2455 1709 2496 adventu
1732 2454 1834 2496 Gal-

447 2518 459 2537 ‘
474 2513 642 2555 lorum?
678 2528 804 2569 quam
836 2513 1028 2568 gentium
1058 2512 1122 2552 ius
1154 2512 1205 2552 ab
1237 2511 1382 2567 legatis
1417 2512 1567 2552 nostris
1603 2512 1834 2553 violatum?

446 2577 457 2595 ⁶
471 2586 598 2626 quam
619 2587 643 2611 a
672 2570 804 2620 nobis,
828 2585 959 2626 quum
979 2568 1182 2610 vindicari
1203 2568 1386 2617 deberet,
1409 2568 1557 2609 eadem
1577 2568 1834 2625 negligentia

445 2635 456 2652 ⁶
472 2628 647 2669 deorum
668 2627 1029 2684 praetermissum?
1070 2625 1205 2680 Igitur
1224 2625 1323 2666 victi
1344 2626 1540 2682 captique
1561 2641 1608 2667 ac
1625 2626 1832 2682 redempti

444 2690 456 2708 ‘
470 2693 631 2726 tantum
649 2699 878 2740 poenarum
901 2683 979 2724 diis
999 2683 1323 2738 hominibusque
1341 2682 1546 2733 dedimus,
1561 2691 1609 2723 ut
1629 2690 1831 2723 terrarum

445 2749 454 2765 ‘
469 2742 558 2783 orbi
579 2743 833 2783 documento
865 2755 1057 2783 essemus
1122 2739 1337 2781 Adversae
1359 2739 1512 2780 dein-:le
1541 2755 1605 2781 res
1626 2739 1830 2780 admonu-

488 2895 502 2923 7
529 2888 599 2916 Non
599 2908 699 2917 .....
718 2888 899 2923 rediturus]
926 2887 1023 2917 Certo
1040 2897 1111 2916 con-
1158 2896 1321 2924 nunquarn
1346 2885 1459 2923 redire,
1481 2883 1604 2916 etiamsi
1627 2893 1679 2913 me
1701 2892 1826 2914 revoca-

442 2927 512 2957 silio
535 2929 621 2966 apud
647 2928 790 2957 animum
814 2939 923 2959 meum
946 2928 1112 2958 statuerim
1157 2927 1240 2959 retis.
1265 2928 1370 2958 CREV.
