1934 3211
378 185 460 222 282
900 182 1049 224 ΤΙΤΙ
1092 181 1272 225 LIVII

345 301 352 308 -
379 273 547 314 toritate
577 281 746 314 senatus
767 273 956 314 tribunos
987 273 1181 323 militum,
1204 280 1416 328 postremo
1437 270 1564 311 etiam
1592 269 1782 310 tribunos

346 344 352 351 ·
379 330 518 386 plebei
550 330 822 386 appellarent,
855 339 897 371 et
933 331 1174 372 consulibus
1205 344 1374 385 quoque
1409 329 1460 369 ab
1492 343 1542 368 ea
1573 334 1781 382 potestate

379 388 464 428 vim
486 403 611 443 super
637 388 708 428 tali
737 403 780 428 rc
810 388 1032 428 inhibitam
1061 388 1286 428 referrent:
1321 385 1478 436 tribuni
1508 384 1660 440 plebei,
1682 382 1783 424 laeti

381 444 590 486 discordia
617 445 805 493 Patrum,
831 451 842 468 ‘
860 444 983 485 Nihil
1005 460 1093 485 esse
1116 445 1159 484 in
1181 444 1245 484 his
1267 443 1429 484 auxilii'
1451 442 1655 490 dicerent,
1680 446 1692 464 ‘
1708 439 1781 496 qui

383 507 494 543 ‘non
530 503 697 551 civium,
732 518 818 542 non
855 502 1040 556 denique
1074 501 1296 541 hominum
1328 515 1504 540 numero
1538 506 1676 539 essent
1694 513 1704 547 3
1747 496 1782 537 si

383 564 395 582 ‘
411 559 582 615 quando
603 559 832 614 promiscui
852 559 1047 607 honores,
1070 558 1381 598 communicata
1402 556 1638 612 respublica
1659 563 1780 604 esset,

383 622 501 657 ‘tum
531 631 572 656 se
605 616 979 664 animadversuros,
1009 630 1062 655 ne
1095 630 1190 669 qua,
1223 614 1419 669 superbia
1449 613 1781 668 magistratuum,

384 674 527 714 ‘irrita
548 672 909 713 senatusconsulta
925 680 1081 720 essent3
1115 671 1285 711 interim
1307 670 1484 726 patricii,
1503 669 1628 710 soluti
1641 669 1784 724 legum

385 736 396 754 ‘
412 731 816 785 magistratuumque
848 729 1114 777 verecundia,
1144 743 1220 783 per
1247 742 1289 768 se
1319 742 1489 782 quoque
1516 726 1784 767 tribuniciam

385 793 397 811 ‘
412 795 662 843 potestatem
684 786 881 841 agerent?
933 785 1053 826 Haec
1075 785 1290 826 contentio
1312 784 1484 825 minime
1502 783 1657 824 idoneo
1679 791 1786 824 tem-

382 859 497 900 pore,
521 858 652 899 quum
681 852 845 883 tantum
872 842 972 884 belli
994 843 1038 883 in
1060 842 1253 883 manibus
1275 851 1396 891 esset,
1419 848 1695 896 occupaverat
1715 855 1785 880 co-
1801 856 1817 888 7

382 901 608 956 gitationcs
628 900 873 941 hominum:
908 900 1057 949 donec,
1080 900 1153 940 ubi
1175 899 1250 940 diu
1271 899 1442 939 alternis
1463 898 1597 939 Iulius
1622 897 1786 938 Corne-

383 958 563 1013 liusque,
588 963 600 981 (
614 973 746 1013 quum
768 958 820 998 ad
843 957 887 998 id
907 957 1067 998 bellum
1096 957 1174 1012 ipsi
1197 957 1294 997 satis
1316 956 1459 996 idonei
1481 956 1610 996 duces
1631 963 1784 1004 essent,

386 1021 397 1038 ⁶
414 1031 501 1056 non
522 1031 609 1056 esse
633 1030 828 1071 aequum,
847 1015 1091 1055 mandatum
1115 1014 1193 1055 sibi
1214 1030 1238 1054 a
1257 1013 1414 1069 populo
1431 1013 1536 1068 eripi
1557 1012 1787 1061 honorem,’

385 1072 640 1113 disseruere:
676 1082 766 1113 tum
797 1072 937 1113 Ahala
961 1071 1160 1112 Servilius
1189 1071 1380 1111 tribunus
1402 1070 1597 1119 militum,
1623 1069 1788 1110 ‘Tacu-

387 1130 491 1171 ‘isse
515 1145 557 1170 se
581 1139 666 1170 tam
692 1129 791 1179 diu,’
813 1130 883 1179 ait,
909 1135 919 1152 ⁶
934 1144 1020 1169 non
1042 1129 1142 1184 quia
1169 1128 1353 1168 incertus
1376 1127 1609 1168 sententiae
1631 1127 1784 1175 fuerit3

387 1187 561 1243 6(quem
590 1187 704 1228 enim
729 1187 888 1227 bonum
920 1186 1054 1227 civem
1084 1200 1299 1226 secernere
1329 1200 1403 1225 sua
1430 1200 1454 1225 a
1480 1184 1659 1240 publicis
1687 1199 1788 1224 con-

387 1250 399 1268 (
415 1244 507 1285 silia
518 1245 557 1299 P)
588 1244 662 1285 sed
684 1245 784 1299 quia
811 1243 1018 1293 maluerit,
1043 1243 1223 1299 collegas
1245 1258 1320 1283 sua
1347 1250 1494 1297 sponte
1517 1241 1667 1282 cedere
1690 1256 1788 1282 auc-

389 1308 399 1325 ⁶
414 1302 571 1342 toritati
593 1310 774 1351 senatus,
799 1316 926 1357 quam
954 1301 1223 1342 tribuniciam
1254 1308 1504 1355 potestatem
1526 1299 1723 1339 adversus
1744 1312 1788 1339 se

390 1359 627 1414 ‘implorari
644 1368 899 1414 paterentur.
953 1358 1067 1398 Tum
1089 1373 1273 1413 quoque,
1291 1357 1324 1397 si
1345 1371 1411 1397 res
1427 1356 1595 1405 sineret,
1610 1356 1791 1396 libenter

391 1421 402 1438 ‘
418 1431 459 1455 se
483 1416 678 1456 daturum
701 1427 866 1471 tempus
888 1416 938 1456 iis
958 1415 1083 1456 fuisse
1107 1415 1159 1456 ad
1180 1423 1397 1470 receptum
1418 1414 1543 1454 nimis
1564 1413 1791 1469 pertinacis

391 1473 672 1513 ‘sentcntiae:
708 1473 794 1521 sed,
828 1488 959 1528 quum
990 1473 1088 1514 belli
1120 1472 1390 1513 necessitates
1425 1486 1512 1512 non
1542 1477 1791 1526 exspectent

392 1535 402 1552 ‘
418 1529 604 1570 humana
625 1530 811 1578 consilia,
834 1530 1041 1585 potiorem
1070 1530 1149 1570 sibi
1171 1529 1427 1584 collegarum
1457 1528 1591 1584 gratia
1620 1542 1790 1583 rempu-
1810 1555 1812 1557 »

392 1586 568 1627 ‘blicam
584 1587 695 1626 fore:
730 1595 784 1635 et,
803 1587 836 1626 si
858 1597 1024 1627 maneat
1046 1587 1090 1626 in
1111 1587 1321 1627 sententia
1341 1594 1523 1634 senatus,
1542 1585 1790 1625 dictatorem

393 1649 404 1667 ‘
416 1652 540 1684 nocte
554 1644 747 1699 proxima
761 1643 991 1691 dicturum3
1026 1658 1086 1691 ac,
1102 1643 1135 1683 si
1150 1643 1245 1697 quis
1263 1642 1497 1682 intercedat
1519 1650 1791 1682 senatuscon-

393 1706 404 1724 ‘
420 1700 542 1749 sulto‚
558 1700 806 1740 auctoritate
825 1715 867 1740 sc
881 1700 967 1740 fore
983 1699 1257 1740 contentum.⁹
1293 1698 1391 1746 Quo
1404 1698 1514 1738 facto
1530 1713 1661 1753 quum
1675 1697 1790 1738 haud
1803 1707 1823 1737 8

391 1757 825 1798 immeritam'laudem
840 1757 1100 1811 gratiamque
1112 1755 1225 1810 apud
1239 1770 1385 1795 omncs
1401 1754 1573 1804 tulisset,
1585 1755 1789 1795 dictatore

392 1815 439 1855 P.
467 1814 667 1855 Cornelio
689 1814 816 1863 dicto,
840 1814 926 1868 ipse
949 1814 1000 1853 ab
1029 1828 1079 1853 eo
1102 1812 1299 1867 magister
1320 1812 1511 1867 equitum
1532 1821 1696 1852 creatus
1717 1826 1792 1852 ex-

392 1871 531 1927 emplo
553 1871 631 1911 fuit
653 1871 831 1926 collegas
853 1886 1035 1925 eumque
1064 1870 1339 1918 intuentibus,
1363 1884 1490 1923 quam
1511 1869 1644 1924 gratia
1664 1876 1790 1923 atque

392 1929 525 1969 honos
576 1928 877 1984 opportuniora
924 1927 1139 1967 interdum
1187 1942 1273 1966 non
1321 1925 1590 1980 cupientibus
1637 1934 1788 1966 essent.

393 1985 563 2026 Bellum
584 1985 698 2025 haud
720 1984 990 2024 memorabile
1004 1984 1094 2024 fuit.
1160 1983 1259 2024 Uno
1282 1991 1408 2038 atque
1431 1998 1481 2023 eo
1497 1982 1608 2023 facili
1629 1982 1791 2038 proelio

392 2043 500 2083 caesi
523 2042 576 2082 ad
598 2042 778 2082 Antium
802 2041 964 2082 hostes:
999 2041 1132 2081 victor
1153 2040 1363 2081 exercitus
1389 2039 1666 2096 depopulatus
1686 2039 1791 2080 Vol-

391 2115 508 2141 scum
531 2114 695 2155 agrum:
730 2098 946 2139 castellum
964 2098 1017 2138 ad
1033 2098 1172 2138 lacum
1195 2097 1402 2138 Fucinum
1417 2097 1458 2138 vi
1475 2090 1823 2154 expugnatumz‘ss

393 2167 518 2213 atquc
541 2157 581 2197 in
606 2172 656 2197 co
679 2156 757 2196 tria
778 2155 909 2196 millia
929 2155 1149 2196 hominum
1171 2163 1304 2211 capta,
1327 2154 1475 2195 ceteris
1496 2154 1661 2195 Volscis
1681 2154 1793 2195 intra

161 278 206 352 ῨἿΞ

224 277 252 352 00

301 285 342 360 ἓξ

280 287 299 360 -ῐλω

236 797 303 838 57.

173 1714 210 1744 Ρ.
223 1713 342 1744 Corne-

172 1756 234 1786 lius
251 1756 349 1786 dicta-

172 1802 231 1829 tor.

175 2055 263 2085 Victi

175 2098 297 2129 Volsci.

439 2332 454 2363 7
478 2326 521 2355 In
536 2325 701 2361 manibus]
728 2323 883 2353 Similiter
897 2323 1026 2359 Graeci,
1039 2324 1071 2353 ἐν
1115 2325 1290 2354 auctoritas
1306 2324 1489 2353 vocabatur.
1532 2321 1626 2352 Haec
1642 2321 1708 2350 fere
1725 2319 1791 2350 Dio

393 2367 504 2406 χερσὶν
529 2365 613 2396 εἶναι.
647 2367 686 2396 cf.
705 2366 774 2397 Cic.
793 2367 833 2396 ad
852 2366 926 2396 Div.
951 2366 993 2396 xi.
1023 2375 1069 2405 13.
1115 2367 1157 2396 lv.
1183 2367 1222 2396 cf.
1240 2366 1308 2396 Cic.
1325 2366 1366 2395 ad
1384 2365 1459 2395 Div.
1478 2364 1498 2395 i.
1516 2374 1543 2395 2.
1568 2363 1632 2393 viii.
1653 2371 1678 2402 7.
1701 2363 1763 2393 CR.

394 2410 504 2439 Dosa.

436 2452 454 2480 8
478 2454 504 2481 ,1
515 2452 697 2488 actoritate]
734 2452 923 2481 Auctoritas
937 2455 1070 2481 senatus

393 2497 441 2523 cst
458 2493 614 2523 iudiciuin
632 2497 762 2523 senatus
779 2493 1005 2532 perscriptum,
1019 2492 1069 2522 cui

394 2535 537 2574 legitima
561 2535 831 2565 senatusconsulti
854 2536 958 2564 forma
981 2545 1069 2564 acce-

394 2579 468 2607 dere
496 2588 559 2607 non
589 2577 705 2616 potnit.
758 2578 871 2612 Quum
900 2576 986 2606 enim
1014 2580 1071 2606 aut

394 2630 547 2649 numerus
584 2624 768 2649 senatorum
807 2619 967 2649 sufficiens
1004 2629 1068 2648 11011

394 2663 531 2697 adesset,
558 2666 613 2691 aut
637 2672 701 2691 non
727 2663 798 2692 loco
822 2661 914 2691 dieve
941 2661 1068 2697 idoneo,

395 2708 451 2732 aut
479 2705 585 2733 edicto
612 2714 676 2733 non
706 2704 849 2743 legitimo
876 2707 1069 2734 convocatus

396 2750 477 2774 cssct
508 2750 648 2781 senatus,
678 2751 735 2776 aut
766 2746 949 2776 intercessio
983 2746 1070 2775 fieret

396 2789 675 2817 senatusconsulto
716 2790 756 2818 ab
795 2799 832 2818 co
870 2788 1070 2827 magistratu,

397 2828 487 2856 cuius
514 2829 543 2858 111
572 2830 620 2859 ius
643 2834 745 2866 esset3
768 2835 838 2860 tum
863 2835 1068 2860 senatuscon-

397 2870 516 2898 sultum
548 2871 613 2899 tici-i
641 2883 703 2901 11011
733 2876 881 2910 poterat;
914 2872 1069 2902 iudicium

397 2914 503 2941 tamen
529 2916 658 2942 senatus
684 2915 948 2951 perscribebatur,
970 2925 1071 2953 eaque

1158 2418 1177 2448 9
1202 2408 1391 2444 Castellum]
1431 2407 1505 2436 Hoc
1533 2405 1703 2436 castellum
1728 2406 1789 2435 Ae-

1115 2460 1262 2488 quorum,
1275 2460 1338 2479 non
1358 2449 1551 2478 Volscorum
1569 2448 1665 2478 fuisse
1681 2450 1790 2477 censet

1116 2492 1251 2522 Niebhr.
1269 2491 1287 2521 i.
1306 2502 1336 2530 p.
1357 2499 1403 2530 71.

1163 2545 1173 2564 1
1199 2535 1254 2563 Ad
1269 2535 1373 2563 lacum
1389 2534 1568 2571 Fucinum]
1607 2533 1640 2563 N
1644 2532 1790 2563 iebuhrio

1115 2577 1147 2607 ii.
1166 2587 1195 2615 p.
1213 2575 1284 2614 46¹2.
1303 2576 1383 2605 hacc
1407 2586 1455 2606 res
1476 2575 1529 2606 vix
1554 2574 1727 2614 probabilis
1746 2574 1790 2604 vi-

1114 2620 1218 2655 detur,
1242 2619 1297 2648 scd
1322 2619 1382 2648 hoc
1406 2623 1563 2657 tempore,
1580 2627 1679 2656 quum
1699 2617 1789 2647 Sam-

1114 2661 1196 2691 nites
1234 2662 1381 2691 Ausonas
1418 2661 1561 2699 undique
1597 2662 1791 2698 premerent,

1119 2703 1243 2733 Volscis
1265 2707 1362 2742 atque
1384 2703 1517 2742 Aequis,
1540 2701 1674 2741 ancipiti
1697 2701 1790 2731 hoste

1115 2756 1198 2785 pene
1225 2745 1461 2782 circumventis,
1488 2748 1599 2774 contra
1624 2745 1790 2774 Romanos

1117 2792 1241 2827 partem
1265 2789 1371 2817 forsan
1396 2787 1551 2817 minorem
1576 2786 1716 2816 militum
1740 2793 1787 2814 so-

1114 2831 1179 2860 lam
1203 2830 1358 2860 instruere
1382 2830 1508 2859 licebat.
1556 2829 1609 2858 De
1632 2829 1704 2857 lacu
1723 2825 1751 2856 F
1754 2836 1787 2855 u-

1115 2873 1199 2907 cino,
1216 2872 1255 2903 cf.
1273 2872 1350 2902 Tac.
1369 2872 1453 2902 Ann.
1471 2871 1524 2901 xii.
1544 2869 1593 2909 56.
