1934 3211
563 149 690 190 LIB.
723 148 806 190 IX.
853 149 1004 191 CAP.
1038 155 1105 192 38.
1452 156 1536 195 543

131 247 334 296 metuque
364 240 410 280 in
437 253 592 295 magno
622 238 839 280 civitatem
870 237 1012 288 fuisse,
1042 254 1098 280 ne
1129 239 1382 282 interclusus
1415 257 1537 284 exer·
1551 261 1596 294 U,
1613 262 1650 294 C.
1668 273 1742 302 444-

130 297 239 338 citus
260 305 345 338 tam
367 295 520 337 infesto
548 295 670 345 saltu,
693 296 846 337 coortis
866 295 1058 352 undique
1088 295 1239 337 Tuscis
1262 296 1535 355 Umbrisque,
1551 306 1590 337 A.
1615 305 1653 338 C.
1671 305 1744 346 308.

130 354 448 410 opprimeretur.
515 351 613 403 Sed,
636 353 880 409 ubicunque
902 361 1141 410 pugnatum
1163 361 1238 403 est,
1255 369 1322 395 res
1343 354 1539 398 Romana

97 410 319 467 4superior
351 410 455 452 fuit:
499 410 642 466 itaque
680 426 705 452 a
739 411 927 461 Perusia,
959 420 1003 453 et
1042 410 1245 461 Cortona,
1278 420 1322 452 et
1353 412 1536 464 Arretio,

129 482 238 524 quae
259 467 390 509 ferme
412 469 551 525 capita
572 468 766 510 Etruriae
784 469 1038 525 populorum
1060 483 1110 510 ea
1131 477 1380 525 tempestate
1402 479 1536 520 erant,

128 524 270 581 legati,
292 540 442 581 pacem
462 526 695 583 foedusque
728 527 780 568 ab
813 526 1019 568 Romanis
1044 534 1251 582 petentes,
1274 526 1462 568 indutias
1491 528 1537 568 in

127 582 302 638 triginta
321 598 454 625 annos
475 584 818 640 impetraverunt.

186 639 305 681 Dum
333 640 439 682 haec
460 641 505 682 in
541 641 711 682 Etruria
731 651 949 697 geruntur,
972 641 1119 683 consul
1140 641 1246 683 alter
1277 641 1327 683 C.
1348 641 1537 684 Marcius
1615 649 1682 687 38.

129 697 303 739 Rutilus
325 698 476 740 Allifas
497 699 550 740 de
576 698 835 741 Samnitibus
852 700 893 740 vi
914 700 1039 756 cepit.
1104 698 1247 741 Multa
1267 699 1348 741 alia
1367 700 1537 742 castella

127 755 308 811 vicique,
344 765 417 797 aut
449 756 590 798 deleta
629 757 850 807 hostiliter,
885 766 958 798 aut
998 757 1161 813 integra
1201 757 1247 797 in
1281 766 1535 813 potestatem

125 828 291 855 venere.
354 813 439 855 Per
455 814 568 856 idem
591 823 759 870 tempus
775 824 818 856 et
834 814 974 856 classis
992 814 1187 856 Romana
1203 830 1228 855 a
1248 814 1295 855 P.
1318 813 1533 866 Cornelio,
1548 824 1670 857 Classis
1689 825 1756 857 Ro-

129 886 258 927 quem
286 881 456 913 senatus
486 872 721 913 maritimae
754 888 850 914 orae
882 872 1152 928 praefecerat,
1176 872 1220 912 in
1255 871 1535 929 Campaniam
1547 878 1654 900 mana.

95 937 231 978 sacta,
255 944 387 985 quum
409 929 584 986 appulsa
614 929 842 986 Pompeios
864 938 995 979 esset3
1030 930 1131 971 socii
1153 929 1253 971 inde
1285 930 1452 972 navales
1481 931 1536 973 ad

126 985 476 1042 depopulandum
498 1002 645 1043 agrum
661 987 929 1029 Nucerinum
950 987 1141 1044 profecti,
1157 988 1360 1043 proximis
1381 989 1534 1044 raptim

124 1044 306 1094 vastatis,
325 1044 438 1086 unde
460 1045 621 1086 reditus
642 1054 758 1086 tutus
779 1045 832 1086 ad
853 1060 981 1086 naves
1000 1053 1122 1095 esset,
1146 1045 1385 1095 dulcedine,
1404 1055 1451 1087 ut
1471 1046 1533 1096 fit,

124 1101 305 1158 praedae
346 1101 513 1158 longius
553 1104 772 1159 progressi,
811 1103 1003 1144 excivere
1044 1103 1196 1144 hostes.
1260 1102 1418 1144 Palatis
1459 1119 1535 1160 per

125 1173 246 1216 agros
266 1174 394 1202 nemo
415 1160 563 1201 obvius
580 1161 672 1210 fuit,
691 1176 823 1217 quum
846 1161 1064 1202 occidione
1087 1160 1223 1202 occidi
1240 1170 1411 1216 possent
1429 1175 1438 1200 :
1469 1175 1535 1202 re—

125 1216 307 1258 deuntes
355 1218 523 1274 agmine
564 1218 735 1260 incauto
782 1218 898 1259 haud
938 1217 1086 1275 procul
1133 1218 1310 1260 navibus
1356 1219 1536 1260 assecuti

125 1283 308 1331 agrestes
336 1284 547 1317 exuerunt
578 1276 746 1332 praeda,
769 1285 931 1332 partem
961 1276 1089 1318 etiam
1121 1276 1390 1318 occiderunt:
1425 1291 1535 1332 quae

125 1332 333 1389 superfuit
354 1333 487 1383 caedi,
512 1334 676 1390 trepida
695 1333 925 1375 multitudo
947 1334 1000 1375 ad
1021 1349 1148 1375 naves
1169 1333 1386 1390 compulsa
1405 1343 1479 1375 est.

184 1389 396 1432 Profectio
449 1390 502 1440 Q.
528 1391 646 1433 Fabii
694 1401 808 1433 trans
859 1390 1091 1433 Ciminiam
1139 1391 1284 1433 silvam
1326 1400 1534 1447 quantum

126 1447 290 1490 Romae
309 1458 509 1490 terrorem
532 1449 700 1499 fecerat,
718 1458 803 1491 tam
825 1449 978 1491 laetam
994 1450 1148 1490 famam
1170 1449 1214 1489 in
1239 1448 1458 1490 Samnium
1480 1449 1534 1490 ad

123 1505 266 1548 hostes
288 1506 463 1548 tulerat:
500 1507 801 1549 ‘interclusum
820 1507 1063 1549 Romanum
1085 1507 1318 1548 exercitum
1336 1506 1534 1556 obsideri,

126 1568 139 1588 ‘
154 1563 368 1621 cladisque
418 1564 647 1621 imaginem
698 1564 898 1606 Furculas
952 1564 1187 1606 Caudinas'
1228 1564 1531 1605 memorabant.

126 1620 316 1663 ‘Eadem
350 1623 585 1665 temeritate
617 1622 782 1664 avidam
811 1622 1059 1664 ulteriorum
1090 1636 1256 1678 semper
1287 1630 1460 1678 gentem
1489 1621 1533 1662 in

126 1684 138 1703 ‘
153 1678 282 1720 saltus
303 1679 438 1721 invios
458 1679 699 1731 deductam,
717 1688 905 1737 saeptam
927 1695 1014 1721 non
1030 1679 1216 1721 hostium
1238 1679 1371 1735 magis
1392 1679 1531 1729 armis,

126 1741 283 1794 ‘quam
307 1736 497 1779 locorum
526 1737 821 1794 iniquitatibus
842 1738 959 1780 esse.'
1019 1737 1110 1779 Iam
1138 1737 1342 1794 gaudium
1374 1736 1534 1778 invidia

123 1794 307 1851 quadam
329 1795 594 1846 miscebatur,
618 1796 735 1853 quod
764 1795 866 1838 belli
891 1795 1074 1838 Romani
1096 1794 1226 1837 decus
1247 1795 1299 1836 ab
1331 1794 1534 1837 Samniti-

121 1852 201 1894 bus
220 1852 391 1894 fortuna
420 1853 471 1894 ad
507 1853 707 1895 Etruscos
728 1854 954 1895 avertisset.
1017 1853 1168 1909 Itaque
1200 1852 1326 1894 armis
1347 1853 1531 1908 virisque

123 1909 178 1952 ad
194 1910 476 1952 obterendum
496 1910 546 1952 C.
565 1910 776 1953 Marcium
791 1911 1007 1953 consulem
1025 1919 1306 1959 concurrunt3
1371 1910 1534 1951 rotinus

123 1967 225 2009 inde
255 1967 469 2009 Etruriam
491 1983 567 2024 per
598 1968 763 2010 Marsos
784 1983 831 2010 ac
864 1968 1041 2009 Sabinos
1069 1967 1256 2024 petituri,
1279 1967 1312 2008 si
1374 1966 1534 2008 Iarcius

124 2024 356 2066 dimicandi
387 2033 638 2081 potestatem
671 2041 757 2067 non
788 2026 922 2067 faeiat.
988 2025 1150 2066 Obvius
1182 2024 1232 2065 iis
1262 2024 1408 2066 consul
1439 2024 1530 2065 fuit.

125 2082 388 2124 Dimicatum
420 2082 580 2138 proelio
612 2083 824 2139 utrimque
857 2083 1000 2132 atroci,
1024 2092 1151 2138 atque
1183 2082 1345 2123 incerto
1377 2090 1533 2123 eventu
1545 2090 1678 2139 Anceps

124 2148 212 2182 est:
256 2149 299 2183 et
367 2155 469 2181 uum
505 2155 659 2197 anceps
692 2140 842 2182 caedes
871 2140 1030 2190 fuisset,
1059 2140 1254 2182 adversae
1292 2148 1433 2180 tamen
1470 2139 1531 2181 rei
1545 2135 1705 2208 P¹⁰0¹¹S¹¹¹¹¹

124 2198 236 2240 fama
268 2199 312 2239 in
368 2198 567 2239 Romanos
603 2199 742 2248 vertit,
777 2199 830 2240 ob
873 2198 1044 2239 amissos
1080 2197 1285 2254 quosdam
1327 2197 1532 2253 equestris
1545 2185 1728 2252 ssssssssus‘fm‘

125 2256 297 2306 ordinis,
316 2256 591 2322 tribunosque
609 2256 804 2306 militum,
823 2265 951 2313 atque
970 2271 1101 2297 unum
1119 2255 1319 2311 legatum,
1338 2263 1380 2296 et
1395 2255 1533 2311 (quod

125 2313 289 2371 insigne
313 2314 495 2356 maxime
512 2314 610 2369 fuit)
624 2314 806 2356 consulis
824 2313 954 2371 ipsius
970 2313 1133 2354 vulnus.
1199 2312 1268 2354 Ob
1286 2312 1390 2354 haec
1404 2313 1534 2354 etiam

125 2381 250 2414 aucta
280 2372 402 2421 fama,
428 2380 473 2413 ut
504 2371 622 2421 solet,
646 2372 795 2427 ingens
827 2381 960 2413 terror
991 2371 1137 2412 Patres
1169 2370 1331 2419 invasit,
1355 2370 1533 2412 dictato-

125 2444 300 2487 remque
322 2429 406 2471 dici
428 2429 643 2486 placebat:
678 2445 770 2480 nec,
788 2429 891 2486 quin
917 2429 1078 2471 Cursor
1094 2428 1288 2485 Papirius
1305 2427 1530 2478 diceretur,

166 2599 805 2640 4Cortona1Qnamcxnumorouecom
854 2597 935 2628 lites.
980 2597 1054 2628 vid.
1083 2597 1154 2628 infr.
1183 2597 1248 2628 xxi.
1278 2607 1327 2638 ⁴9-
1391 2597 1439 2627 Ex
1472 2597 1535 2628 hoc

126 2644 253 2674 urbium
272 2642 693 2679 Etrurine-infr.xxxiii.45.
713 2641 806 2670 intor-
854 2640 983 2670 nominc
1015 2641 1099 2679 quod
1139 2639 1169 2670 in
1210 2651 1268 2670 usu
1308 2650 1436 2679 semper
1468 2650 1533 2670 mn-

127 2686 242 2717 cidissc
265 2685 479 2716 admiratione
499 2686 638 2724 quadarn
663 2683 806 2713 animanl-
854 2684 962 2716 nebat.
989 2682 1118 2712 forsitan
1149 2683 1306 2713 coniiccre
1335 2682 1459 2712 licuerit
1486 2692 1534 2712 so·

128 2729 221 2760 vertit
248 2727 459 2762 Niebuhrius,
478 2732 576 2766 utque
599 2726 717 2756 idcirco
740 2736 806 2756 mu-
854 2725 918 2755 cios
939 2726 1103 2756 Romanos
1120 2730 1154 2755 ut
1171 2735 1256 2765 supr.
1277 2734 1326 2764 30.
1345 2735 1442 2755 naves
1460 2735 1533 2765 sup-

127 2771 284 2811 nicipium
313 2772 498 2801 Romanum
525 2770 716 2809 iampridem
744 2769 806 2799 suc·
855 2768 1026 2808 peditus&
1039 2768 1154 2807 quibus
1170 2768 1269 2799 duces
1285 2767 1425 2799 Romani
1446 2777 1536 2808 prae-

127 2819 194 2845 tam
212 2814 309 2845 fuine
326 2818 447 2850 censet,
464 2813 482 2843 i.
501 2823 530 2843 n.
546 2812 617 2853 369.
856 2812 1037 2842 tir-crentur.

172 2867 189 2897 5
212 2858 296 2888 Socii
314 2880 320 2888 .
340 2880 346 2886 .
363 2880 370 2888 .
388 2856 537 2893 navales]
569 2853 733 2887 classiarii
750 2853 807 2884 rni-
