1934 3211
467 177 546 216 164
973 175 1121 222 ΤΙΤΙ
1162 177 1344 223 LIVII

387 280 406 313 9
431 294 438 302 ·
467 265 597 317 malis,
619 282 744 310 nemo
766 268 954 310 tribunos
981 279 1053 312 aut
1073 270 1240 327 plebem
1261 271 1447 312 timebat.
1511 268 1793 312 Mansuetum’
1811 268 1858 311 id

467 323 637 374 malum,
660 333 702 367 et
722 341 797 381 per
817 326 993 368 aliorum
1018 329 1205 384 quietem
1233 328 1437 369 malorum
1458 342 1622 383 semper
1649 326 1856 376 exoriens,

469 389 643 438 tumque
673 397 761 424 esse
792 384 1014 440 peregrino
1039 394 1197 426 terrore
1224 386 1407 442 sopitum
1430 384 1662 426 videbatur.
1724 383 1787 424 At
1812 383 1859 424 id

466 453 595 495 prope
618 455 750 480 unum
771 441 952 482 maxime
970 442 1178 483 inclinatis
1195 443 1318 483 rebus
1339 443 1547 483 incubuit:
1582 450 1722 482 tantus
1743 441 1859 481 enim

467 497 657 538 tribunos
677 498 793 538 furor
817 499 966 547 tenuit,
990 507 1037 539 ut
1058 514 1142 539 non
1163 499 1334 548 bellum,
1358 499 1432 540 sed
1460 514 1608 539 vanarn
1631 498 1859 553 imaginem

465 553 576 602 belli,
595 554 648 594 ad
669 555 916 595 avertendos
937 556 988 596 ab
1009 555 1112 610 legis
1133 571 1232 596 cura
1251 556 1384 611 plebis
1405 556 1578 604 animos,
1600 554 1859 610 Capitolium

249 619 384 651 Tribuni
465 610 664 651 insedisse
697 612 1025 652 contenderent:
1065 613 1335 667 patriciorum
1367 613 1551 668 hospites
1584 612 1857 667 clientesque,

248 667 453 711 vetaptarma
463 667 497 707 si
517 668 678 723 perlata
704 668 795 722 lege
817 668 967 708 frustra
996 669 1270 710 tumultuatos
1292 685 1378 710 esse
1407 684 1449 710 se
1471 669 1665 718 sentiant,
1687 668 1857 718 maiore,

249 715 380 778 Ξὲἰᾏὲη
465 739 592 779 quam
613 726 817 774 venerint,
833 725 999 766 silentio
1016 726 1210 766 abituros.
1277 726 1516 767 Concilium
1539 726 1637 766 inde
1660 725 1743 782 legi
1763 740 1859 781 per-

247 789 347 821 nium.
464 781 661 823 ferendae
676 781 843 831 habere,
859 791 1031 823 avocato
1047 783 1204 839 populo
1220 784 1272 824 ab
1288 782 1423 823 armis.
1470 782 1670 824 Senatum
1689 783 1859 824 interim

466 838 656 879 consules
678 838 847 889 habent,
866 839 946 880 alio
963 855 1005 880 se
1028 841 1182 881 maiore
1204 841 1255 882 ab
1273 841 1449 881 tribunis
1463 848 1579 881 metu
1596 839 1858 889 ostendente,

321 900 384 941 17,
465 910 591 951 quam
628 911 755 952 quem
786 905 1016 938 nocturnus
1047 897 1175 938 hostis
1209 898 1419 939 intulerat.
1483 897 1713 953 Postquam
1745 912 1860 938 arma

249 956 399 1005 Valerius
463 954 577 1008 poni,
607 962 649 994 et
678 954 893 995 discedere
925 954 1116 996 homines
1147 956 1198 996 ab
1230 955 1477 996 stationibus
1508 955 1749 995 nuntiatum
1781 962 1856 1004 est,

246 999 425 1071 Ξῖᾗᾟηνθ·
464 1010 511 1050 Ρ.
536 1010 743 1061 Valerius,
762 1011 920 1068 collega
942 1021 1132 1053 senatum
1153 1012 1376 1061 retinente,
1394 1027 1437 1053 se
1459 1027 1512 1053 ex
1533 1012 1649 1053 curia
1668 1011 1856 1068 proripit,

244 1082 398 1115 tribunos.
462 1067 562 1108 inde
593 1068 638 1108 in
672 1069 876 1125 templum
909 1069 962 1110 ad
993 1069 1182 1110 tribunos
1212 1070 1350 1110 venit:
1395 1069 1541 1117 ‘Quid
1572 1069 1652 1110 hoc
1679 1069 1739 1110 rei
1770 1068 1891 1118 est,'8

462 1124 614 1180 inquit,
639 1126 851 1167 ‘tribuni?
883 1127 966 1183 Ap.
992 1125 1203 1167 Herdonii
1228 1126 1359 1167 ductu
1380 1135 1422 1168 et
1449 1126 1633 1182 auspicio
1661 1125 1859 1181 rempub-

465 1182 611 1223 ‘licam
638 1184 820 1225 eversuri
849 1184 980 1225 estis?
1013 1184 1120 1225 Tam
1148 1184 1249 1224 felix
1274 1184 1390 1225 vobis
1418 1183 1735 1239 corrumpendis
1765 1183 1856 1232 fuit,

466 1240 567 1296 ‘qui
599 1241 767 1282 servitia
795 1250 933 1283 vestra
963 1257 1048 1282 non
1077 1242 1304 1282 commovit
1333 1241 1508 1282 auctor?
1543 1240 1688 1289 Quum
1718 1240 1858 1281 hostes

467 1302 478 1320 ‘
491 1313 616 1353 supra
636 1307 762 1354 caput
786 1299 881 1348 sint,
904 1299 1064 1340 discedi
1093 1299 1144 1340 ab
1166 1298 1302 1348 armis,
1325 1298 1522 1354 legesque
1550 1297 1649 1339 ferri
1676 1297 1814 1353 placet
1828 1297 1857 1337 ‘?'

466 1352 573 1394 Inde
594 1355 647 1395 ad
676 1355 992 1397 multitudinem
1021 1357 1209 1397 oratione
1237 1371 1376 1397 versa:
1413 1361 1425 1379 ‘
1440 1355 1484 1396 Si
1504 1370 1578 1396 vos
1598 1355 1724 1404 urbis,
1750 1353 1859 1403 Qui-

466 1411 600 1460 ‘rites,
633 1412 667 1451 si
701 1414 827 1453 vestri
858 1413 974 1454 nulla
1004 1429 1104 1455 cura
1139 1413 1296 1469 tangit3
1340 1421 1382 1454 at
1411 1428 1484 1454 vos
1518 1411 1722 1454 veremini
1756 1411 1858 1453 deos

466 1472 479 1490 ‘
490 1477 659 1518 vestros,
695 1470 746 1510 ab
779 1470 967 1511 hostibus
1004 1480 1156 1527 captos.
1220 1471 1383 1527 Iupiter
1418 1470 1601 1526 optimus
1636 1469 1856 1518 maximus,

467 1529 479 1547 ‘
491 1524 600 1566 Iuno
613 1526 770 1581 regina,
785 1535 827 1567 et
845 1527 1051 1576 Minerva,
1067 1528 1136 1568 alii
1151 1529 1210 1569 dii
1227 1528 1415 1584 deaeque
1433 1527 1694 1569 obsidentur:
1726 1533 1859 1567 castra

467 1586 705 1623 ‘servorum
737 1584 927 1639 publicos
963 1594 1120 1625 vestros
1153 1594 1327 1640 penates
1364 1593 1522 1626 tenent.
1587 1583 1707 1625 Haec
1740 1583 1858 1624 vobis

465 1639 622 1680 ‘forma
642 1655 764 1681 sanae
787 1641 963 1681 civitatis
984 1642 1180 1682 videtur?
1212 1642 1398 1682 Tantum
1416 1642 1599 1682 hostium
1620 1656 1707 1682 non
1724 1639 1858 1681 solum

465 1697 599 1737 ‘intra
638 1712 778 1738 muros
814 1706 888 1747 est,
930 1698 1005 1738 sed
1045 1699 1088 1738 in
1129 1714 1222 1739 arce
1264 1714 1388 1754 supra
1422 1699 1558 1739 forum
1598 1697 1854 1753 curiamque.

466 1758 477 1776 ⁶
494 1752 679 1794 Comitia
704 1755 872 1795 interim
894 1754 937 1794 in
958 1755 1047 1795 foro
1076 1765 1196 1795 sunt:
1231 1764 1398 1796 senatus
1418 1755 1463 1795 in
1484 1755 1600 1796 curia
1624 1763 1708 1795 est:
1741 1754 1858 1795 velut

465 1815 622 1866 ‘quum
652 1811 785 1851 otium
813 1820 993 1867 superat,
1017 1820 1185 1852 senator
1212 1813 1463 1869 sententiam
1485 1812 1613 1852 dicit:
1647 1811 1717 1852 alii
1749 1811 1858 1859 Qui-

465 1872 477 1890 ‘
489 1868 589 1908 rites
605 1869 847 1923 suffragium
864 1869 1024 1909 ineunt.
1089 1868 1203 1918 Non,
1222 1869 1426 1924 quicquid
1447 1869 1621 1909 Patrum
1637 1868 1856 1924 plebisque

465 1929 564 1974 ‘est,
594 1925 798 1974 consules,
828 1925 1029 1974 tribunos,
1059 1925 1171 1974 deos,
1198 1926 1474 1981 hominesque
1503 1941 1648 1966 omnes
1678 1935 1889 1978 armatos9

465 1986 612 2037 ‘opem
638 1983 757 2031 ferre,
780 1982 823 2022 in
849 1982 1108 2037 Capitolium
1136 1998 1315 2032 currere,
1338 1983 1513 2024 liberare
1539 1998 1586 2024 ac
1607 1998 1755 2039 pacare
1784 1998 1858 2024 au—

465 2039 768 2093 ‘gustissimam
800 2039 913 2080 illam
947 2039 1117 2080 domum
1151 2039 1260 2080 Iovis
1291 2040 1439 2096 optimi
1475 2040 1648 2080 maximi
1683 2040 1857 2082 decuit?

465 2100 477 2118 ‘
492 2095 674 2136 Romule
703 2104 833 2151 pater,
857 2105 903 2137 tu
924 2105 1110 2138 mentem
1132 2106 1260 2146 tuam,
1284 2113 1368 2152 qua
1388 2097 1601 2152 quondam
1631 2112 1782 2148 arcem,
1804 2098 1857 2139 ab

465 2151 553 2192 ‘his
578 2152 725 2193 iisdem
759 2152 923 2194 Sabinis
951 2169 1051 2194 auro
1072 2162 1249 2210 captam,
1279 2154 1485 2210 recepisti,
1508 2154 1562 2195 da
1588 2154 1706 2210 stirpi
1733 2162 1854 2196 tuae:

465 2208 586 2250 ‘iube
604 2209 713 2250 hanc
729 2210 894 2266 ingredi
915 2211 1036 2259 viam,
1055 2226 1181 2266 quam
1204 2219 1250 2252 tu
1270 2210 1370 2260 dux,
1389 2226 1515 2267 quam
1537 2219 1632 2252 tuus
1649 2211 1857 2267 ingressus

466 2266 702 2307 ‘exercitus
722 2275 795 2307 est.
859 2267 1038 2317 Primus,
1061 2283 1128 2317 en,
1151 2283 1229 2321 ego
1257 2268 1414 2318 consul,
1437 2276 1644 2324 quantum
1671 2268 1857 2310 mortalis

466 2322 616 2363 ‘deum
648 2338 829 2378 possum,
853 2332 907 2373 te,
931 2340 978 2364 ac
1000 2332 1071 2365 tua
1097 2325 1272 2380 vestigia
1291 2326 1467 2380 sequar.'
1527 2324 1737 2366 Ultimum
1765 2340 1859 2366 ora-

464 2379 590 2421 tionis
624 2381 716 2429 fuit,
753 2380 833 2421 ‘Se
867 2396 982 2422 arma
1013 2396 1175 2437 capere,
1213 2396 1359 2422 vocare
1396 2396 1542 2422 omnes
1581 2380 1768 2429 Quirites
1803 2381 1857 2423 ad

465 2442 627 2478 ‘armat
666 2438 701 2478 si
733 2438 827 2493 quis
857 2438 1072 2494 impediat,
1109 2438 1193 2479 iam
1229 2453 1271 2479 se
1307 2437 1533 2480 consularis
1562 2438 1741 2494 imperii,
1773 2438 1871 2480 iamt

249 270 293 345 N:

393 282 439 345 με*

367 281 385 353 *to

390 332 405 354 ‘J

463 2573 618 2603 vocalem.
675 2572 859 2612 Scripturae
896 2572 1061 2603 Sorbonici
1098 2583 1136 2603 ac
1181 2571 1463 2603 concionabantur.
1477 2572 1582 2604 Cnnv.
1607 2573 1646 2603 cf.
1661 2583 1745 2612 supr.
1756 2572 1789 2605 ii.
1803 2574 1853 2614 56.

464 2615 624 2645 Victorini
641 2616 733 2645 codd.
751 2626 789 2645 ac
808 2616 1032 2654 merqentibus,
1048 2625 1135 2645 nem—
1227 2624 1246 2655 9
1268 2616 1370 2652 Deos]
1412 2615 1503 2647 Cives
1532 2616 1755 2654 reponendum
1784 2617 1856 2647 vult

464 2667 505 2696 pe
521 2657 766 2696 rempublicam,
781 2658 876 2687 favet.
900 2658 1004 2687 CREv.
1042 2684 1044 2687 .
1183 2657 1210 2687 I.
1229 2657 1281 2687 Fr.
1299 2657 1453 2694 Gronov.,
1477 2667 1540 2696 quo
1558 2657 1702 2697 gradatio
1725 2658 1853 2688 concin-

507 2700 526 2728 8
552 2701 732 2738 Templum]
760 2700 853 2729 Haec
877 2699 1007 2730 comitia
1021 2698 1053 2728 in
1069 2698 1137 2728 foro
1180 2699 1251 2728 nior
1266 2698 1324 2729 sit:
1350 2700 1405 2729 sed
1421 2699 1502 2729 nihil
1519 2709 1601 2738 opus
1616 2703 1674 2737 est,
1690 2699 1854 2738 quoniam,

464 2739 672 2771 habebantur.
719 2742 853 2772 Comitia
874 2743 1003 2772 interim
1018 2743 1053 2770 in
1061 2742 1138 2779 soro
1182 2744 1288 2780 patres
1298 2741 1397 2780 plebi,
1411 2742 1558 2771 consules
1567 2741 1715 2779 tribunis,
1728 2741 1784 2771 Dii
1797 2741 1853 2771 ho-

463 2786 549 2817 sunt,
565 2782 669 2820 inquit
686 2783 837 2814 Valerius
852 2783 885 2813 in
902 2784 1044 2813 oratione
1060 2792 1135 2812 mox
1179 2783 1331 2821 minibus,
1339 2783 1503 2813 contrariis
1513 2783 1853 2822 contraria‚opponun-

463 2827 618 2853 secutura.
665 2825 780 2864 Itaque
806 2826 979 2865 templum,
1002 2826 1042 2855 de
1072 2835 1135 2863 quo
1179 2828 1242 2862 tur,
1257 2825 1408 2864 idemque
1431 2825 1627 2865 intelligunt,
1642 2825 1728 2864 quod
1747 2834 1852 2856 omnes

463 2863 516 2893 hic
531 2864 644 2902 agitur,
660 2867 710 2896 vel
734 2867 901 2897 comitium
924 2871 983 2905 est,
999 2868 1050 2898 vel
1065 2877 1134 2907 sug·
1179 2869 1316 2905 omnino,
1331 2870 1367 2897 ut
1383 2866 1499 2898 Duker
1514 2870 1630 2897 censet.

462 2909 587 2945 gestum
612 2916 650 2936 ex
676 2917 740 2945 quo
763 2908 883 2939 tribuni
908 2910 950 2940 ad
977 2910 1136 2949 populum
1226 2919 1239 2940 1
1264 2911 1337 2942 Iam
1351 2920 1384 2942 se
1399 2910 1577 2942 consularis
1591 2908 1720 2949 imperii
1735 2930 1744 2941 .
1757 2931 1765 2941 .
1777 2931 1785 2940 .
1801 2909 1851 2941 ob-
