1934 3211
233 285 272 359 {³³0

271 285 334 359 or>

373 284 392 358 (7205

328 337 424 368 .33.

246 1942 358 1973 Oratio
375 1942 435 1973 Ca-

246 1984 329 2016 milli
341 1986 382 2015 ad
392 1984 449 2014 mi-

245 2026 328 2059 lites.

450 191 532 230 356
971 187 1119 231 ΤΙΤΙ
1157 187 1336 230 LIVII

353 295 370 325 3
395 294 424 326 9.
453 284 465 302 ⁶
481 278 676 320 causariis
707 278 1023 333 senioribusque
1052 293 1077 319 a
1108 278 1156 318 L.
1181 277 1385 326 Quinctio
1412 277 1627 327 scribatur,
1650 276 1724 333 qui
1752 276 1845 319 urbi

453 336 782 391 ‘moenibusque
813 335 1020 391 praesidio
1047 335 1110 376 sit.
1174 335 1223 376 L.
1244 334 1446 376 Horatius
1475 349 1602 384 arma,
1635 334 1730 384 tela,
1760 335 1848 375 fru-

454 399 685 442 ‘mentum,
716 408 909 448 quaeque
940 392 1039 434 belli
1070 391 1151 432 alia
1181 402 1370 448 tempora
1398 401 1585 447 poscent,
1613 391 1844 448 provideat.

453 456 465 474 ‘
479 449 556 500 Te,
575 449 660 492 Ser.
675 449 861 499 Corneli,
879 449 1113 514 praesidem
1129 449 1255 490 huius
1267 449 1425 504 publici
1439 449 1614 498 consilii,
1629 448 1848 490 custodem

453 514 465 531 ‘
477 508 742 563 religionum,
765 507 1041 554 comitiorum,
1063 506 1217 561 legum,
1235 521 1376 546 rerum
1392 507 1581 547 omnium
1595 507 1849 547 urbanarum

453 570 466 588 ‘
486 565 670 620 collegae
691 564 876 605 facimus.
882 563 890 580 ⁹
953 563 1161 603 Cunctis
1152 577 1197 602 in
1217 571 1355 618 partes
1376 564 1561 603 muneris
1582 563 1645 604 sui
1664 563 1849 617 benigne

454 621 750 686 pollicentibus
781 635 963 675 operam,
987 619 1195 667 Valeiius,
1219 619 1354 659 socius
1374 619 1541 674 imperii
1566 620 1713 669 lectus,
1735 619 1851 660 adie-

454 679 525 728 cit,
560 685 571 702 ⁵
588 678 649 718 M.
669 677 843 718 Furium
867 677 945 716 sibi
969 691 1045 731 pro
1073 676 1289 724 dictatore,
1319 690 1447 730 seque
1476 677 1515 716 ei
1544 691 1620 731 pro
1651 677 1850 732 magistro

457 736 676 791 ‘equitum
706 734 904 774 futurum.
967 732 1166 781 Proinde,
1199 747 1326 787 quam
1357 732 1602 788 opinionem
1635 732 1687 773 de
1724 733 1850 773 unico

458 793 745 847 ‘imperatore,
769 805 861 832 eam
889 805 1006 846 spem
1034 790 1086 830 de
1118 789 1229 830 bello
1257 789 1471 830 haberent.
1538 789 1591 831 Se
1612 805 1711 831 vero
1741 790 1850 831 bene

458 855 469 872 ‘
485 849 677 904 sperare,’
702 848 862 897 Patres,
894 854 905 871 ⁶
919 855 961 888 ct
981 847 1034 888 de
1065 846 1189 896 bello,
1212 854 1255 887 et
1275 846 1327 887 de
1355 861 1458 902 pace
1487 848 1764 903 universaque
1787 862 1852 887 re-

459 905 676 962 ‘publica,’
705 905 832 947 erecti
860 905 1026 961 gaudio,
1058 904 1264 945 fremunt:
1301 910 1404 945 ‘nec
1429 904 1632 945 dictatore
1663 919 1851 960 unquam

458 969 470 987 ‘
485 978 590 1019 opus
610 963 698 1004 fore
730 962 999 1018 reipublicae,
1022 962 1054 1002 si
1083 961 1186 1002 tales
1206 962 1317 1002 viros
1341 961 1386 1001 in
1413 961 1657 1017 magistratu
1685 961 1851 1010 habeat,

458 1027 567 1062 ‘tam
600 1020 877 1062 concordibus
913 1021 1078 1060 iunctos
1109 1019 1270 1068 animis,
1303 1033 1447 1074 parere
1484 1028 1610 1074 atque
1646 1019 1852 1075 imperare

458 1078 600 1119 ‘iuxta
629 1086 807 1134 paratos,
836 1077 1089 1133 laudemque
1118 1077 1381 1118 conferentes
1407 1077 1547 1133 potius
1577 1077 1622 1117 in
1651 1075 1852 1125 medium,

456 1141 468 1160 ‘
482 1151 609 1191 quam
630 1150 683 1176 ex
705 1135 919 1176 communi
939 1135 993 1175 ad
1015 1149 1057 1175 se
1080 1134 1317 1175 trahentes)

516 1192 682 1234 Iustitio
704 1193 877 1242 indicto,
896 1192 1147 1247 delectuque
1169 1192 1326 1241 habito,
1349 1191 1500 1232 Furius
1521 1206 1568 1232 ac
1585 1189 1781 1233 Valerius
1801 1190 1855 1231 ad

461 1250 669 1292 Satricum
698 1250 895 1306 profecti:
930 1265 1015 1306 quo
1042 1264 1129 1290 non
1158 1250 1198 1291 V
1203 1249 1410 1289 olscorum
1438 1249 1564 1289 modo
1591 1248 1853 1289 iuventutem
1870 1260 1887 1289 5

460 1308 656 1349 Antiates
678 1323 731 1348 ex
756 1323 865 1349 nova
892 1307 1036 1348 subole
1063 1307 1228 1356 lectam,
1252 1306 1326 1347 sed
1356 1306 1574 1371 ingentem
1605 1305 1854 1346 Latinorum

460 1364 830 1421 Hernicorumque
867 1365 1135 1411 conciverant
1166 1379 1219 1404 ex
1249 1363 1529 1428 integerrimis
1559 1362 1724 1404 diutina
1751 1377 1854 1418 pace

459 1422 637 1486 populis.
700 1422 850 1478 Itaque
882 1437 1014 1463 novus
1049 1422 1180 1463 hostis
1210 1421 1341 1462 veteri
1377 1419 1600 1462 adiunctus
1629 1419 1857 1461 commovit

460 1479 622 1520 animos
651 1479 795 1520 militis
827 1479 1024 1520 Romani.
1090 1479 1220 1527 Quod
1251 1478 1323 1519 ubi
1354 1479 1488 1520 aciem
1518 1478 1602 1518 iam
1632 1477 1856 1518 instruenti

465 1534 646 1576 Camillo
692 1537 960 1578 centuriones
1006 1537 1367 1586 renuntiaverunt,
1418 1542 1429 1559 ‘
1445 1536 1628 1577 turbatas
1674 1533 1857 1575 militum

463 1597 476 1616 ‘
491 1601 654 1633 mentes
675 1608 776 1642 esse,
799 1594 983 1649 segniter
1003 1609 1117 1634 arma
1144 1602 1278 1650 capta,
1300 1592 1703 1648 cunctabundosque
1725 1599 1768 1632 et
1792 1597 1891 1633 re-6

464 1655 476 1673 ‘
492 1650 683 1691 sistentes
704 1665 889 1705 egressos
910 1650 1052 1691 castris
1074 1666 1186 1699 esse3
1221 1651 1325 1705 quin
1344 1666 1467 1692 voces
1489 1665 1659 1706 quoque
1680 1648 1856 1698 auditas,

463 1712 474 1731 ‘
490 1722 586 1748 cum
609 1707 797 1748 centenis
817 1706 1007 1747 hostibus
1022 1707 1206 1762 singulos
1226 1715 1508 1762 pugnaturos3
1541 1715 1584 1748 et
1603 1721 1726 1761 aegre
1747 1705 1858 1746 iner-

463 1770 474 1788 ‘
490 1779 602 1805 mem
642 1773 803 1805 tantam
842 1763 1172 1813 multitudinem,
1208 1764 1367 1804 nedum
1408 1771 1622 1812 armatam,
1663 1764 1859 1805 sustineri

464 1827 475 1845 ‘
490 1836 610 1877 posse
628 1821 698 1870 3’
688 1837 732 1861 111
754 1836 911 1877 equum
932 1820 1074 1870 insilit,
1098 1829 1152 1870 et,
1175 1829 1271 1862 ante
1287 1821 1407 1876 signa
1427 1821 1653 1862 obversus*
1643 1836 1688 1861 111
1710 1821 1856 1871 aciem,

463 1878 632 1919 ordines
644 1878 961 1934 interequitans,
987 1878 1130 1926 ‘Quae
1153 1878 1331 1927 tristitia,
1349 1877 1515 1927 milites,
1530 1878 1646 1927 haec,
1665 1894 1772 1935 quae
1793 1879 1859 1919 111-

464 1935 609 1976 ‘solita
641 1936 853 1976 cunctatio
887 1936 978 1976 est?
1025 1935 1218 1984 Hostem,
1245 1950 1298 1975 an
1329 1949 1410 1984 me,
1439 1950 1493 1975 an
1522 1950 1596 1976 vos
1626 1935 1859 1991 ignoratis?

464 1997 476 2017 ‘
498 1992 645 2033 Hostis
685 2001 747 2033 est
782 1991 886 2048 quid
927 1992 1053 2041 aliud,
1091 2007 1218 2047 quam
1249 2001 1454 2047 perpetua
1487 1993 1660 2033 materia
1694 1992 1859 2034 virtutis

465 2049 732 2105 ‘gloriaeque
767 2050 962 2090 vitestrae
1002 2048 1091 2090 Vos
1124 2056 1281 2098 contra,
1319 2063 1385 2089 me
1419 2049 1540 2098 duce,
1573 2049 1641 2105 (ut
1675 2049 1860 2091 Falerios

466 2112 477 2131 ‘
495 2106 709 2162 Veiosque
751 2114 907 2162 captos,
939 2114 982 2147 et
1017 2106 1062 2146 in
1095 2114 1217 2170 capta
1255 2106 1390 2170 patria
1423 2105 1643 2147 Gallorum
1674 2106 1860 2163 legiones

465 2169 627 2205 ‘caesas
648 2163 830 2218 taceam)
850 2163 976 2204 modo
997 2163 1244 2218 trigeminae
1265 2162 1462 2204 victoriae
1484 2163 1692 2218 triplicem
1712 2164 1860 2205 trium-

465 2221 626 2277 ‘phum
647 2236 701 2262 ex
721 2220 818 2261 his
808 2221 907 2276 ipsis
933 2220 1105 2270 Volscis,
1128 2228 1171 2261 et
1193 2220 1368 2275 Aequis,
1387 2228 1430 2261 et
1445 2235 1498 2261 ex
1521 2220 1692 2262 Etruria
1706 2221 1857 2286 egistis.

466 2278 565 2319 ‘An
605 2293 686 2327 me,
718 2277 834 2334 quod
865 2293 951 2319 non
986 2277 1165 2318 dictator
1193 2277 1322 2326 vobis,
1354 2277 1428 2317 sed
1458 2277 1661 2327 tribunus,
1693 2278 1860 2334 signum

467 2341 479 2360 ‘
494 2335 607 2385 dedi,
629 2350 716 2376 non
743 2335 965 2391 agnoscitis
985 2334 1167 2375 ducem?
1209 2333 1363 2389 Neque
1385 2349 1463 2389 ego
1484 2335 1667 2375 maxima
1687 2335 1862 2390 imperia

467 2398 479 2417 ‘
492 2393 536 2433 in
557 2407 628 2434 vos
649 2392 864 2433 desidero:
899 2400 941 2432 et
962 2406 1034 2432 vos
1054 2392 1099 2431 in
1120 2407 1186 2432 me
1208 2390 1327 2439 nihil,
1349 2399 1515 2446 praeter
1535 2406 1601 2432 me
1623 2391 1773 2456 ipsum,
1796 2391 1861 2432 in-

466 2455 478 2473 ‘
495 2450 602 2490 tueri
627 2449 775 2496 decet3
807 2464 946 2503 neque
975 2448 1089 2488 enim
1120 2447 1327 2488 dictatura
1356 2447 1460 2487 mihi
1487 2462 1673 2502 unquam
1700 2448 1861 2490 animos

469 2623 604 2654 militiae
632 2621 757 2652 xacatio
783 2624 874 2651 esset.
918 2620 1066 2651 Seniores
1091 2619 1144 2658 qui

470 2666 545 2705 plus
567 2674 668 2695 annos
688 2662 900 2702 quadraginta
923 2661 1066 2701 quinque
1090 2662 1144 2692 ha-

470 2708 594 2744 berent,
625 2716 730 2745 neque
766 2705 874 2735 adhuc
910 2704 1145 2743 sexagesimum

471 2759 565 2780 suum
589 2757 710 2779 annum
731 2749 946 2777 numerarent.
994 2745 1060 2776 Hic
1077 2745 1144 2784 qui-

472 2792 546 2821 dem
570 2790 740 2826 exercitus,
762 2793 918 2828 tanquam
940 2788 1147 2819 subsidiarius

473 2833 663 2871 plerumque
698 2831 967 2868 conscribebatur,
997 2834 1033 2860 ut
1060 2840 1145 2869 supr.

474 2873 517 2902 iii.
535 2883 584 2903 20.
609 2874 708 2904 Dion.
725 2874 768 2904 ix.
787 2881 815 2912 5.

518 2922 534 2952 5
557 2915 735 2951 Satricum]
768 2915 856 2945 Urbs
878 2915 958 2945 haec
985 2924 1048 2944 una
1073 2923 1146 2944 cum

1191 2619 1326 2650 Velitris
1340 2630 1391 2650 an.
1409 2619 1479 2659 361.
1492 2620 1535 2652 U.
1547 2620 1585 2652 C.
1601 2631 1621 2651 a
1636 2621 1794 2652 Romanis
1807 2622 1860 2652 de-

1190 2661 1317 2692 fecerat.
1344 2661 1477 2693 Diodor.
1494 2662 1558 2693 xiv.
1579 2672 1647 2694 102.

1232 2702 1251 2734 6
1273 2704 1483 2742 Resistentes]
1510 2705 1574 2735 Pro
1588 2706 1769 2737 resistentes
1781 2704 1860 2735 Gro-

1190 2745 1304 2776 novius
1328 2747 1511 2777 restitantes
1535 2747 1707 2786 legendum
1737 2747 1862 2784 suadet,

1191 2798 1287 2827 quam
1301 2797 1412 2819 vocem
1428 2787 1461 2818 in
1477 2792 1604 2818 textum
1620 2788 1762 2828 reposuit
1775 2788 1861 2819 Bek-

1190 2830 1350 2902 lgaenksed
1397 2829 1478 2861 nihil
1519 2831 1712 2861 mutandum
1755 2834 1862 2861 censet

1228 2882 1261 2902 ra
1288 2895 1294 2902 .
