1934 3211
563 184 686 226 LIB.
721 184 777 226 ΙΙ.
826 185 971 227 CAP.
1011 190 1048 226 3.
1446 189 1498 229 75

115 277 231 318 nium
271 276 451 331 primum
493 275 780 316 iusiurandum
821 275 965 331 populi
1006 276 1164 317 recitat.
1244 277 1498 319 ‘Neminem
1514 291 1556 322 U.
1574 292 1611 323 C.
1630 302 1700 332 ²45·

117 340 311 389 ‘regnare
332 347 534 388 passuros,
556 348 634 374 nee
659 348 747 374 esse
774 332 949 381 Romae,
972 333 1085 374 unde
1114 333 1348 390 periculum
1376 335 1499 376 liber-
1512 335 1550 365 A.
1575 336 1613 367 C.
1631 343 1701 375 507-

117 390 215 432 ‘tati
243 388 361 431 foret.
424 389 476 431 Id
510 405 673 432 summa
702 406 781 447 ope
813 390 1019 432 tuendum
1050 406 1161 432 esse:
1200 406 1339 447 neque
1372 392 1499 434 ullam

115 454 240 497 ‘rem,
281 463 388 503 quae
429 463 480 489 eo
519 448 738 504 pertineat,
780 448 1146 490 contemnendam.
1227 448 1414 490 Invitum
1455 466 1498 492 se

114 504 278 547 ‘dicere
305 505 486 547 hominis
506 521 651 547 causa:
684 521 763 548 nec
784 506 996 548 dicturum
1024 506 1162 556 fuisse,
1184 506 1229 547 ni
1250 507 1398 548 caritas
1418 508 1500 549 rei-

114 562 329 620 ‘publicae
349 563 546 605 vinceret.
593 563 696 606 Non
716 564 886 606 credere
907 579 962 621 po
994 563 1111 605 ulum
1134 564 1388 615 Romanum,
1403 565 1500 606 soli-

82 641 99 662 2
114 626 125 645 ‘
137 620 234 662 dam
250 620 487 662 libertatem
503 630 789 678 recuperatam
805 637 905 664 esse.
1013 623 1153 678 egium
1174 638 1320 679 genus,
1337 623 1498 679 regium

113 684 305 729 ‘nomen,
327 694 414 720 non
443 679 577 721 solum
596 680 641 720 in
666 680 844 730 civitate,
867 680 942 722 sed
969 680 1095 722 etiam
1117 681 1162 721 in
1189 680 1365 737 imperio
1396 696 1497 723 esse.

112 735 191 778 ‘Id
220 736 399 787 officere,
428 737 474 778 id
502 738 665 779 obstare
696 737 891 780 libertati.
953 737 1083 780 Hunc
1117 738 1186 788 tu,’
1215 738 1367 795 inquit,
1402 744 1502 780 ‘tua

112 794 366 845 ‘voluntate,
409 795 458 836 L.
503 795 722 852 Tarquini,
764 811 931 838 remove
972 805 1145 838 metum.
1208 795 1499 847 Meminimus,

113 852 328 902 ‘fatemur‚
350 853 508 895 eiecisti
529 868 658 910 reges.
709 853 893 896 Absolve
914 854 1168 896 beneficium
1190 863 1321 896 tuum.
1366 854 1502 896 Aufer

114 910 237 952 ‘hinc
272 911 432 967 regium
463 926 630 952 nomen.
695 911 781 953 Res
812 920 903 953 tuas
934 912 1009 954 tibi
1040 928 1127 954 non
1156 912 1290 954 solum
1321 912 1502 954 reddent

114 968 248 1010 ‘cives
270 969 345 1019 tui,
367 978 536 1011 auctore
566 984 658 1018 me3
691 969 778 1020 sed,
801 970 833 1010 si
862 970 966 1026 quid
993 970 1124 1020 deest,
1147 970 1345 1012 munifice
1375 985 1502 1027 auge-

113 1033 123 1050 ‘
137 1027 254 1069 bunt.
306 1026 483 1068 Amicus
503 1027 592 1069 abi:
627 1043 811 1069 exonera
829 1028 1040 1070 civitatem
1061 1043 1169 1070 vano
1184 1028 1355 1070 forsitan
1371 1038 1499 1070 metu.

112 1084 204 1126 ‘Ita
231 1099 474 1141 persuasum
502 1094 565 1127 est
592 1086 753 1136 animis,
786 1101 882 1127 cum
907 1095 1032 1142 gente
1062 1086 1295 1142 Tarquinia
1323 1101 1502 1143 regnum

112 1142 235 1184 ‘hinc
255 1142 492 1184 abiturum.'
554 1142 731 1185 Consuli
758 1144 894 1200 primo
915 1154 999 1185 tam
1028 1159 1159 1186 novae
1180 1145 1241 1186 rei
1262 1160 1309 1186 ac
1339 1144 1500 1187 subitae

109 1200 330 1242 admiratio
370 1200 594 1242 incluserat
629 1217 786 1243 vocem.
849 1201 1003 1243 Dicere
1040 1201 1194 1244 deinde
1228 1202 1499 1259 incipientem

110 1257 312 1315 primores
351 1259 528 1300 civitatis
568 1259 890 1310 circumsistunt,
931 1259 1079 1302 eadem
1120 1259 1262 1301 multis
1307 1260 1500 1316 precibus

110 1324 241 1357 orant.
305 1315 361 1358 Et
381 1316 509 1358 ceteri
531 1317 703 1372 quidem
727 1318 950 1359 movebant
970 1317 1118 1358 minus.
1173 1317 1403 1373 Postquam
1427 1317 1497 1374 Sp.

80 1383 98 1413 3
112 1373 346 1423 Lucretius,
369 1374 500 1416 maior
520 1383 656 1416 aetate
677 1390 725 1416 ac
746 1375 964 1431 dignitate,
986 1390 1103 1416 socer
1122 1384 1339 1431 praeterea
1358 1375 1499 1432 ipsius,

110 1446 233 1487 agere
255 1432 378 1482 varie,
401 1432 586 1487 rogando
607 1432 777 1474 alternis
804 1432 1118 1489 suadendoque,
1141 1433 1294 1489 coepit,
1316 1441 1364 1474 ut
1390 1433 1501 1474 vinci

109 1505 152 1531 se
173 1504 379 1531 consensu
400 1490 579 1531 civitatis
609 1499 848 1546 pateretur3
883 1490 1035 1532 timens
1063 1490 1220 1541 consul,
1243 1506 1296 1532 ne
1317 1499 1502 1547 postmo-

108 1547 209 1588 dum
230 1547 391 1603 privato
411 1547 489 1588 sibi
510 1547 657 1589 eadem
679 1547 750 1588 illa
770 1563 867 1589 cum
887 1548 1093 1590 bonorum
1121 1548 1356 1599 amissione,
1378 1548 1498 1590 addi-

110 1615 233 1661 taque
255 1604 336 1646 alia
366 1605 537 1661 insuper
560 1605 802 1660 ignominia,
825 1606 1076 1657 acciderent,
1100 1606 1309 1648 abdicavit
1328 1622 1371 1649 se
1397 1622 1497 1649 con-
1510 1615 1648 1646 Abdicat
1664 1626 1697 1647 se

107 1662 263 1704 sulatu:
297 1663 503 1720 rebusque
525 1663 610 1704 suis
630 1664 824 1705 omnibus
846 1664 1069 1706 Lavinium
1091 1664 1311 1715 translatis,
1329 1665 1496 1707 civitate
1510 1659 1688 1690 ⁰⁰¹¹²³¹¹¹³t¹¹·

107 1721 240 1762 cessit.
304 1720 460 1763 Brutus
500 1737 552 1763 ex
586 1722 946 1764 senatusconsulto
982 1722 1035 1764 ad
1067 1722 1270 1780 populum
1306 1722 1416 1774 tulit,
1451 1732 1498 1765 ut

107 1793 252 1820 omnes
292 1778 548 1835 Tarquiniae
589 1780 726 1835 gentis
766 1780 932 1822 exsules
972 1790 1132 1823 essent:
1177 1781 1381 1837 collegam
1420 1781 1498 1823 sibi

76 1856 94 1883 4
107 1837 286 1879 comitiis
305 1837 546 1879 centuriatis
567 1838 722 1880 creavit
743 1838 790 1879 P.
816 1838 1045 1890 Valerium,
1063 1855 1148 1895 quo
1169 1839 1359 1881 adiutore
1381 1854 1499 1896 reges
1513 1846 1676 1878 Sufficitur

106 1894 295 1937 eiecerat·
1513 1890 1552 1921 P.
1561 1890 1719 1922 Valerius.

167 1952 312 2002 Quum
329 1953 441 1995 haud
459 1954 654 2010 cuiquam
671 1954 714 1995 in
728 1954 857 1996 dubio
871 1964 991 2005 esset,
1009 1955 1165 1997 bellum
1183 1956 1234 1997 ab
1256 1955 1500 2012 Tarquiniis
1596 1953 1632 1992 3·

108 2011 339 2061 imminere,
372 2011 415 2052 id
446 2011 618 2067 quidem
649 2027 721 2068 spe
753 2013 942 2054 omnium
968 2013 1097 2054 serius
1125 2014 1214 2055 fuit.
1280 2013 1498 2063 Ceterum,

108 2068 151 2109 id
181 2069 296 2124 quod
327 2084 412 2110 non
450 2069 665 2118 timebant,
698 2085 772 2125 per
803 2070 946 2111 dolum
978 2086 1026 2112 ac
1056 2070 1338 2127 proditionem
1399 2086 1500 2127 rope

108 2125 275 2168 libertas
307 2127 454 2168 amissa
489 2137 561 2168 est.
628 2127 758 2169 Erant
791 2128 833 2168 in
868 2128 1060 2169 Romana
1090 2129 1307 2170 iuventute
1339 2087 1500 2170 880105-

78 2193 250 2226 §centes
285 2183 456 2240 aliquot,
495 2200 572 2226 nce
609 2185 636 2225 ii
674 2185 790 2226 tenui
824 2185 916 2227 loco
949 2186 1041 2235 orti,
1078 2201 1257 2241 quornm
1291 2186 1333 2226 in
1369 2201 1500 2242 regno

109 2241 238 2283 libido
270 2241 445 2283 solutior
476 2242 622 2292 fimrat,
660 2242 855 2299 aequales
890 2243 1134 2300 sodalesque
1169 2243 1499 2285 adolescentium

108 2298 448 2356 'l'arquiniorutm
490 2301 641 2342 assucti
691 2316 804 2342 more
854 2301 968 2357 regio
1009 2301 1158 2343 vivere.
1241 2301 1346 2343 Eam
1395 2311 1498 2351 tum,

107 2367 285 2414 aequato
328 2358 415 2399 iure
457 2359 658 2405 onmium,
709 2358 916 2401 licentiam
960 2370 1221 2415 quaerente-S,
1265 2359 1498 2402 libertatem

153 2528 168 2549 ἰ
194 2521 325 2559 Remum
340 2523 459 2559 ymmxl
495 2522 566 2551 llot·
583 2528 777 2561 massenum
824 2526 894 2561 δυ).
920 2526 939 2538 ⁴·
953 2524 1017 2552 «luo
1033 2523 1128 2552 creati
1154 2529 1224 2552 sunt
1244 2524 1401 2557 consules,
1421 2522 1498 2553 Bru-

110 2560 364 2600 Tarquiniorum.
396 2564 463 2594 (lic.
492 2565 531 2594 «le
562 2565 643 2603 Rep.
672 2564 701 2594 ii.
730 2574 776 2603 25.
824 2571 875 2594 tus
902 2570 930 2594 vt
959 2565 1176 2604 'tricipitinum
1203 2572 1292 2604 'mu-r
1319 2565 1497 2601 Lucretiae,

109 2604 162 2633 ned
180 2604 330 2636 rationem
349 2606 449 2643 magis
467 2607 661 2646 prohabilem
677 2608 780 2637 adst-rt
824 2607 875 2646 qni
894 2613 924 2637 et
943 2608 1135 2646 'l'arqninins
1151 2608 1333 2639 ‹lit-ebatur:
1357 2609 1397 2637 ob
1412 2609 1496 2648 quod

113 2646 207 2676 Dion.
223 2657 293 2688 ιιι),
311 2657 354 2679 ιο.
372 2655 402 2679 et
424 2649 584 2680 Plutarch.
604 2650 633 2679 in
656 2650 779 2682 Public.
824 2651 924 2680 sulum
950 2656 994 2679 «ast
1022 2652 1097 2680 nrlw
1121 2651 1291 2690 depulsus:
1321 2656 1351 2681 et
1375 2651 1406 2682 in
1430 2651 1498 2682 eius

113 2698 140 2728 7,
157 2701 197 2719 nc.
215 2690 411 2720 Collatinum
435 2693 509 2722 urhe
528 2693 653 2731 pulsnm
673 2693 779 2727 fuisse,
826 2694 928 2722 lucum
958 2694 1143 2730 subrogatus
1169 2700 1214 2723 eat
1242 2693 1388 2724 Valerius
1413 2693 1495 2725 Pub-

111 2738 277 2771 pustqumn
298 2733 455 2771 Aqmllion
476 2735 588 2764 wratis
612 2735 694 2764 tilios
718 2746 777 2764 nw-
828 2736 940 2768 timia:
960 2747 1023 2774 qun
1040 2743 1164 2765 mortun
1181 2736 1255 2766 iton·
1273 2738 1355 2767 nltcr
1368 2743 1415 2768 ent
1432 2738 1494 2768 fac-

110 2775 701 2815 titosupplicincripvrt·conntunvst.
826 2782 894 2808 nm:
931 2785 959 2807 vt
992 2779 1073 2808 ulter
1103 2779 1281 2810 sunnin-rs*
1324 2780 1387 2812 Sed
1417 2780 1496 2811 mire

152 2828 169 2856 3
200 2819 311 2848 ,tlm'or
336 2823 439 2849 aetate
460 2830 498 2848 m·
520 2821 692 2858 diffiniente}
737 2819 776 2849 17!
825 2820 1003 2860 ‹lim-repunt
1021 2827 1174 2852 nui-iores.

108 2858 160 2900 qui
188 2861 334 2900 princi-ps
357 2866 485 2892 »vnaius
508 2867 537 2891 vt
562 2872 600 2892 vx
627 2863 778 2892 maiarum
868 2873 885 2902 5
906 2865 1023 2901 ΊὶίιηιἸ
1064 2864 1207 2896 Duravit.
1235 2866 1273 2897 cs.
1288 2866 1329 2897 iii.
1349 2877 1392 2905 ic).
1408 2866 1494 2898 xxiii.

105 2905 248 2942 nentium
268 2904 417 2943 patribus.
827 2918 872 2944 ⁴⁴-
901 2906 1009 2937 xxxiii.
1033 2917 1076 2937 ¹2.

151 2958 167 2983 ⁴
196 2948 232 2977 Ι’.
259 2948 434 2983 satvr-‘um'
468 2948 553 2977 Serv.
580 2947 608 2977 in
637 2948 713 2977 Aen.
742 2947 778 2978 vi.
