1934 3211
554 192 681 238 LIB.
716 194 792 238 IV.
839 194 987 238 CAP.
1022 200 1089 239 33.
1444 200 1527 240 259

127 292 343 343 ‘regnum‚
379 284 518 327 labem
558 284 768 327 secundae
810 285 1042 328 dictaturae
1084 300 1182 328 suae
1224 285 1527 343 imposuerint)
1544 299 1587 331 U.
1605 299 1643 330 c.
1662 306 1733 339 3²9-

124 341 249 386 Votis
283 343 438 385 deinde
478 339 734 399 nuncupatis
773 344 998 399 profectus,
1033 344 1146 385 mille
1188 352 1232 385 et
1271 344 1527 400 quingentos
1541 343 1580 373 A.
1605 342 1643 372 C.
1662 349 1734 379 423·

125 416 270 457 passus
299 401 403 442 citra
430 398 613 441 Fidenas
643 409 778 441 castra
804 400 940 442 locat:
975 401 1125 443 dextra
1152 401 1379 451 montibus,
1409 401 1528 442 laeva

126 459 274 500 Tiberi
309 473 432 500 amne
469 466 650 513 saeptus.
729 458 780 499 T.
809 458 1062 507 Quinctium
1099 459 1298 500 Pennum
1339 459 1526 515 legatum

125 530 331 572 occupare
347 523 513 556 montes
533 515 664 565 iubet,
682 515 980 572 occultumque
1003 516 1047 557 id
1061 517 1208 571 iugum
1229 531 1393 572 capere,
1412 515 1528 572 quod

123 573 176 614 ab
207 583 325 630 tergo
355 573 545 614 hostibus
574 572 692 614 foret.
756 572 852 629 Ipse
882 582 1050 630 postero
1081 573 1164 624 die,
1198 589 1330 630 quum
1360 573 1528 615 Etrusci

94 630 240 687 Spleni
273 631 509 672 animorum
541 630 592 671 ab
623 630 789 686 pristini
820 631 905 672 diei
936 630 1108 673 meliore
1140 632 1372 681 occasione,
1399 646 1527 687 quam

122 703 278 744 pugna,
314 688 358 729 in
390 687 524 729 aciem
557 688 868 744 processissent,
901 697 1122 730 cunctatus
1152 704 1391 746 parumper,
1424 688 1527 729 dum

122 745 405 801 speculatores
435 745 651 794 referrent,
685 745 938 794 Quinctium
970 746 1146 792 evasisse
1178 747 1222 787 in
1253 747 1400 803 iugum
1432 761 1529 802 pro-

122 802 332 859 pinquum
354 803 438 844 arci
461 802 731 852 Fidenarum,
749 803 868 859 signa
888 803 1063 860 profert:
1097 804 1375 860 peditumque
1393 804 1528 845 aciem

122 859 370 902 instructam
400 860 527 916 pleno
548 860 684 916 gradu
706 861 749 901 in
771 860 936 902 hostem
966 861 1153 902 inducit:
1188 861 1386 917 magistro
1408 861 1529 916 equi-

122 927 213 959 tum
234 918 454 974 praecipit,
476 933 530 958 ne
552 918 714 958 iniussu
741 933 928 974 pugnam
950 918 1147 975 incipiat:
1181 934 1238 968 se,
1262 934 1394 974 quum
1423 933 1529 974 opus

122 975 188 1025 sit,
211 976 397 1031 equestri
419 974 576 1016 auxilio
590 975 755 1031 signum
780 975 995 1017 daturum:
1032 985 1122 1017 tum
1144 985 1191 1017 ut
1207 991 1369 1017 memor
1388 976 1527 1032 regiae

121 1047 304 1089 pugnae,
334 1047 498 1074 memor
527 1032 659 1087 opimi
686 1032 801 1082 doni,
834 1032 1094 1089 Romulique
1120 1049 1168 1075 ac
1194 1033 1305 1075 Iovis
1336 1033 1526 1082 Feretrii,

121 1104 211 1131 rem
232 1098 408 1146 gereret.
462 1089 675 1145 Legiones
697 1090 860 1146 impetu
881 1091 1046 1146 ingenti
1067 1091 1313 1147 confligunt.
1369 1091 1525 1132 Roma-

121 1162 202 1188 nus
223 1147 322 1188 odio
350 1162 562 1196 accensuS,
586 1147 764 1203 impium
795 1147 1057 1198 Fidenatem,
1080 1149 1339 1204 praedonem
1368 1148 1528 1189 Veien-

122 1213 222 1254 tem,
238 1214 431 1261 ruptores
448 1204 721 1254 indutiarum,
738 1215 934 1247 cruentos
948 1205 1180 1262 legatorum
1195 1205 1367 1247 infanda
1383 1205 1526 1254 caede,

121 1277 188 1304 res
219 1277 330 1303 ersos
351 1262 556 1318 sanguine
583 1261 828 1303 colonorum
859 1278 1044 1313 suorum,
1066 1263 1250 1319 perfidos
1279 1263 1425 1312 socios,
1449 1263 1528 1303 im-

121 1319 191 1361 bel
208 1334 252 1361 es
267 1319 408 1361 hostes
422 1319 692 1375 compellans,
710 1319 829 1361 factis
842 1320 967 1361 simul
984 1320 1191 1376 dictisque
1206 1320 1352 1362 odium
1370 1320 1524 1376 explet.

124 1375 408 1418 Concusserat
421 1377 557 1433 primo
574 1377 713 1418 statim
731 1392 956 1433 congressu
974 1377 1156 1418 hostem:
1191 1392 1323 1433 quum
1338 1385 1526 1433 repente,
1612 1384 1679 1422 33.

121 1434 340 1491 patefactis
372 1434 628 1475 Fidenarum
659 1434 803 1490 portis,
834 1449 942 1475 nova
970 1434 1154 1490 erumpit
1185 1435 1307 1483 acies,
1336 1434 1529 1475 inaudita
1542 1439 1718 1470 Fidenates

90 1503 111 1536 6
125 1500 221 1534 ante
244 1491 289 1532 id
311 1500 478 1547 tempus
499 1491 807 1546 invisitataque.
872 1490 1047 1547 Ignibus
1069 1500 1227 1532 armata
1248 1491 1398 1548 ingens
1419 1491 1528 1532 mul·
1541 1486 1728 1555 {Juffiffgss

123 1549 276 1598 titudo,
298 1549 541 1604 facibusque
571 1548 816 1589 ardentibus
837 1556 926 1589 tota
953 1548 1178 1598 collucens,
1201 1548 1318 1590 velut
1344 1549 1527 1590 fanatico
1541 1536 1633 1598 maczti.

122 1606 322 1648 instincta
342 1621 479 1655 cursu,
503 1606 546 1646 in
575 1605 739 1646 hostem
761 1605 869 1646 ruit:
902 1605 1120 1662 formaque
1144 1606 1336 1648 insolitae
1357 1621 1526 1663 pugnae

125 1663 341 1706 Romanos
380 1677 606 1719 parumper
645 1663 860 1704 exterruit.
944 1663 1058 1704 Tum
1100 1663 1292 1714 dictator,
1330 1665 1529 1720 magistro

122 1722 316 1778 equitum
347 1721 661 1777 equitibusque,
693 1729 782 1761 tum
814 1736 867 1762 ex
898 1721 1113 1762 montibus
1143 1721 1348 1770 Quinctio
1380 1722 1526 1772 accito,

94 1778 329 1836 7proelium
364 1779 492 1828 ciens,
527 1778 615 1834 ipse
654 1778 697 1818 in
730 1778 946 1820 sinistrum
982 1793 1127 1829 cornu,
1162 1779 1291 1835 quod,
1329 1779 1529 1821 incendio

122 1836 299 1877 similius
327 1851 455 1892 quam
477 1835 652 1892 proelio,
676 1836 869 1877 territum
898 1845 1078 1878 cesserat
1105 1837 1297 1886 flammis,
1321 1837 1524 1878 accurrit:

122 1893 318 1950 claraque
339 1908 455 1943 voce,
480 1899 491 1917 ‘
506 1893 696 1935 Fumone
718 1893 845 1943 victi,'
865 1894 1018 1950 inquit,
1043 1894 1178 1935 ‘velut
1199 1909 1378 1936 examen
1399 1909 1527 1951 apum

124 1951 242 1993 ‘loco
263 1960 400 1992 vestro
418 1951 568 2001 exacti,
592 1951 745 1992 inermi
761 1951 920 1992 cedetis
941 1951 1082 1993 hosti?
1114 1951 1216 1993 Non
1237 1952 1346 1993 ferro
1368 1953 1528 1993 exstin-

125 2009 287 2064 ‘guetis
312 2009 461 2064 ignes?
492 2023 578 2049 non
600 2008 710 2049 faces
738 2008 812 2049 has
840 2008 948 2064 ipsas
975 2024 1051 2064 pro
1073 2024 1116 2049 se
1146 2010 1338 2064 quisque,
1362 2010 1395 2049 si
1424 2010 1525 2064 igni,

126 2071 237 2106 ‘non
266 2065 372 2114 telis,
399 2065 677 2121 pugnandum
703 2074 778 2114 est,
802 2074 966 2120 ereptas
988 2065 1097 2106 ultro
1126 2066 1346 2106 inferetis?
1379 2067 1522 2121 Agite,

127 2128 138 2146 ‘
155 2122 337 2163 nominis
368 2122 549 2162 Romani
572 2137 619 2162 ac
648 2122 812 2162 virtutis
841 2130 1007 2177 patrum
1034 2132 1279 2177 vestraeque
1306 2137 1525 2172 memores,

128 2179 301 2220 ‘vertite
325 2179 569 2219 incendium
595 2178 675 2219 hoc
698 2179 741 2218 in
764 2178 948 2219 hostium
971 2179 1116 2219 urbem
1135 2195 1145 2227 3
1179 2189 1220 2219 ct
1243 2179 1327 2219 suis
1348 2180 1527 2220 flaminis

126 2243 139 2261 ‘
152 2237 290 2277 delete
315 2236 506 2285 Fidenas,
522 2251 626 2292 quas
642 2236 788 2277 vestris
802 2236 1018 2277 beneficiis
1035 2235 1198 2291 placare
1216 2251 1300 2276 uon
1319 2237 1524 2292 potuistis.

128 2300 139 2318 ‘
154 2293 412 2348 Legatorum
441 2293 520 2335 hoc
542 2308 615 2334 vos
643 2302 873 2334 vestrorum
901 2293 1231 2349 colonorumque
1253 2294 1433 2347 sanguiS,
1459 2309 1528 2334 va-

128 2352 336 2407 ‘statique
374 2352 480 2392 fines
522 2350 721 2391 monent?
783 2351 855 2391 Ad
893 2351 1115 2406 imperium
1159 2351 1373 2391 dictatoris
1415 2360 1529 2392 mota

125 2418 279 2451 cuncta
306 2409 441 2449 acics:
475 2408 586 2449 faces
611 2408 763 2464 partim
794 2409 968 2448 emissae
995 2409 1280 2464 excipiuntur,
1307 2409 1460 2463 partim
1486 2409 1526 2448 vi

126 2466 388 2522 eripiuntur:
424 2475 600 2522 utraque
623 2466 732 2507 acies
749 2475 933 2506 armatur
948 2465 1046 2519 igni.
1112 2465 1318 2519 Magister
1335 2465 1528 2520 equitum

126 2532 170 2564 et
210 2523 298 2578 ipse
334 2531 461 2564 novat
496 2538 681 2580 pugnam
716 2532 967 2578 equestrem.
1034 2522 1190 2564 Frcnos
1224 2532 1270 2562 ut
1306 2522 1529 2563 detrahant

172 2696 188 2726 5
214 2687 264 2716 Ab
284 2687 417 2726 pristini
437 2687 501 2718 diei
524 2687 651 2717 meliore
675 2687 808 2716 oecasio-
900 2694 915 2724 7
941 2687 1043 2723 Quod,
1078 2686 1224 2716 incendio
1261 2687 1398 2716 similius
1435 2698 1532 2727 quam

128 2740 178 2767 ne,
209 2740 305 2769 quam
334 2730 466 2768 puffluz]
507 2729 556 2758 Ab
589 2727 713 2767 pristini
745 2727 809 2758 diei
852 2729 985 2768 praelio,
1006 2729 1172 2765 territum]
1213 2728 1325 2758 Oratio
1354 2729 1464 2768 paullo
1488 2730 1531 2760 el-

127 2782 289 2807 mcc-essu,
320 2771 373 2810 qui
407 2771 514 2810 potius
552 2771 637 2800 bona
673 2770 810 2807 occasio,
857 2770 969 2809 liptica
987 2780 1055 2809 pro,
1071 2771 1155 2810 quod
1170 2772 1209 2800 ab
1225 2782 1271 2805 eo,
1287 2773 1371 2811 quod
1387 2773 1533 2803 incendio

127 2824 226 2853 quam
253 2823 405 2853 prospera
431 2823 550 2852 pugna,
573 2812 636 2843 dici
661 2812 810 2842 debebat.
855 2813 994 2842 similius
1018 2823 1113 2852 quam
1138 2814 1258 2851 praetio
1279 2818 1369 2849 esset,
1385 2815 1532 2845 territum

128 2856 236 2888 Cnm'.
853 2856 1151 2892 ceneratflmnmiu,
1169 2855 1226 2884 nisi
1245 2855 1338 2886 malis
1355 2856 1532 2887 versionem

172 2897 192 2929 6
209 2899 344 2938 lyne'bm
360 2899 506 2935 armam]
534 2897 573 2927 cf.
591 2897 668 2927 Infr.
688 2896 739 2927 vii.
763 2904 807 2935 17.
857 2896 1116 2931 Drakenborch.,
1139 2907 1239 2928 cornu
1263 2899 1372 2936 suine
1396 2900 1533 2929 similius

130 2939 208 2971 Τειο.
229 2941 312 2971 Anu.
331 2940 394 2971 xiv.
414 2949 462 2979 3c.
854 2939 1003 2970 incendio
1018 2949 1113 2978 quam
1128 2940 1260 2979 proelio.

1233 2985 1299 3021 s2
