1934 3211
439 197 490 238 78
943 197 1090 239 TITI
1133 197 1310 240 LIVII

218 295 261 327 U.
279 296 315 327 C.
335 305 406 337 245
436 289 648 344 quondam
670 304 743 346 rge
760 298 882 339 ‚tum
911 289 1060 331 infesto
1082 290 1228 339 exsuli,
1251 290 1487 346 proderent.
1553 290 1788 332 Consules
1778 306 1822 331 111

216 339 406 412 ssroffst507·
434 346 576 387 sedem
609 305 844 403 proceslsere
878 362 1006 396 suam,
1042 348 1242 404 missique
1275 348 1441 389 lictores
1477 348 1530 389 ad
1571 348 1821 389 sumendum

215 392 400 463 poengsores
435 404 686 460 supplicium
703 405 882 446 nudatos
898 405 961 446 vii
961 405 1023 461 gis
1037 405 1229 454 caedunt,
1245 406 1463 461 securique
1480 406 1655 447 feriunt·
1689 421 1820 462 quum

216 467 304 498 dant.
432 461 543 502 inter
563 478 686 503 omne
709 471 873 519 tempus
901 472 1030 519 patei,
1054 463 1293 518 vultusque,
1317 471 1359 504 et
1387 479 1431 504 os
1457 464 1558 513 eius,
1582 463 1820 528 spectaculo

433 528 553 569 esset,
577 520 790 562 eminente
819 520 958 561 animo
980 520 1113 576 patrio
1141 520 1251 561 inter
1270 520 1463 585 publicae
1492 536 1652 586 poenae
1675 536 1819 562 mlnls-

433 577 597 618 terium.
665 577 907 619 Secundum
938 593 1117 634 poenam
1148 578 1404 627 nocentium,
1438 586 1486 618 ut
1520 579 1564 619 in
1595 586 1817 634 utramque

432 644 594 699 partem
625 636 817 677 arcendis
848 635 1071 676 sceleribus
1103 635 1343 690 exemplum
1374 635 1514 676 nobile
1546 643 1666 685 esset,
1697 650 1818 691 prae-

431 692 561 733 mium
593 693 736 742 indici,
760 693 940 749 pecunia
970 708 1022 733 ex
1055 692 1225 742 aerario,
1256 692 1423 733 libertas
1451 701 1493 733 et
1524 692 1680 742 civitas,
1705 693 1813 735 data.

428 748 504 791 Ille
534 750 717 806 primum
739 751 892 791 dicitur
918 750 1103 791 vindicta
1123 750 1330 791 liber-,atus
1398 750 1583 798 Quidam
1603 750 1814 792 vindictae
1829 759 1846 790 5

427 822 596 863 quoque
619 823 774 848 nomen
793 816 970 848 tractum
988 809 1038 849 ab
1056 808 1125 849 illo
1139 816 1315 864 putant3
1349 807 1574 848 Vindicio
1564 807 1643 864 ipsi
1659 823 1815 849 nomen

425 864 561 906 fuisse.
623 865 725 905 Post
741 865 860 905 illum
877 866 1151 915 observatum,
1170 875 1228 915 ut,
1248 865 1321 922 qui
1341 866 1399 906 ita
1418 865 1583 906 liberati
1600 874 1751 916 essent,
1769 866 1814 907 in

428 922 527 962 civit
531 931 641 963 atem
663 923 823 978 accepti
844 923 1097 964 viderentur.

292 979 328 1017 6.
485 979 577 1029 Η15,
601 980 709 1021 sicut
729 988 821 1021 acta
842 989 972 1030 erant,
995 981 1209 1030 nuntiatis,
1234 981 1427 1021 incensus
1449 980 1706 1037 Tarquinius
1726 996 1812 1022 non

206 1033 373 1106 {rzpquuinii
424 1035 565 1078 dolore
607 1037 740 1078 solum
774 1046 913 1079 tantae
951 1038 1003 1078 ad
1036 1038 1198 1079 irritum
1231 1039 1416 1079 cadentis
1447 1039 1547 1094 spei,
1579 1038 1653 1079 sed
1686 1039 1812 1080 etiam

206 1087 410 1151 lssnpssnm
425 1094 521 1135 odio
550 1095 707 1151 iraque,
734 1103 955 1151 postquam
981 1095 1078 1136 dolo
1105 1096 1215 1136 viam
1244 1096 1483 1151 obsaeptam
1514 1095 1631 1146 vidit,
1654 1096 1811 1137 bellum

423 1161 563 1207 aperte
585 1152 845 1193 moliendum
868 1162 992 1202 ratus,
1016 1152 1234 1193 circumire
1257 1153 1433 1209 supplex
1456 1152 1647 1195 Etruriae
1664 1154 1808 1203 urbes3

422 1223 538 1251 orare
571 1210 751 1251 maxime
784 1210 988 1252 Veientes
1021 1210 1445 1266 Tarquiniensesque,
1475 1216 1552 1252 ‘ne
1583 1226 1626 1252 se
1657 1217 1843 1261 ortum,6

423 1272 435 1289 ⁶
448 1268 635 1309 eiusdem
653 1268 880 1324 sanguinis,
895 1277 1103 1309 extorrem
1118 1276 1312 1324 egentem
1326 1283 1378 1309 ex
1395 1276 1511 1309 tanto
1525 1268 1651 1309 modo
1665 1283 1807 1324 regno,

422 1330 434 1348 ‘
448 1341 544 1366 cum
561 1325 702 1367 liberis
719 1325 1053 1367 adolescentibus
1070 1334 1166 1367 ante
1184 1325 1326 1367 oculos
1347 1341 1442 1367 suos
1457 1325 1592 1382 perire
1609 1325 1806 1368 sinerent.

422 1383 567 1424 ‘Alios
607 1399 780 1439 peregre
823 1384 867 1424 in
908 1399 1085 1440 regnum
1128 1383 1308 1424 Romam
1349 1383 1524 1424 accitos:
1567 1399 1610 1424 se
1651 1398 1806 1440 regem,

421 1445 669 1497 ‘augentem
690 1441 801 1482 bello
824 1440 1097 1482 Romanum
1088 1441 1323 1505 imperium,
1343 1456 1367 1481 a
1386 1440 1588 1497 proximis
1609 1440 1808 1482 scelerata

422 1503 434 1521 ‘
447 1499 734 1540 coniuratione
756 1498 934 1555 pulsum.
999 1498 1082 1539 Eos
1104 1498 1214 1539 inter
1234 1514 1290 1548 se,
1314 1499 1413 1554 quia
1432 1514 1556 1540 nemo
1579 1514 1689 1540 unus
1708 1499 1807 1540 satis

421 1556 597 1612 ‘dignus
627 1571 756 1613 regno
789 1571 900 1597 v1sus
935 1556 1000 1605 sit,
1032 1564 1169 1612 partes
1200 1556 1319 1612 regni
1349 1556 1558 1612 rapuisse3
1591 1557 1702 1597 bona
1732 1571 1807 1597 sua

420 1591 698 1670 ‘diripiendae'
708 1613 865 1670 populo
890 1613 1068 1663 dedisse,
1098 1629 1150 1655 ne
1183 1614 1276 1669 quis
1307 1628 1455 1670 expers
1486 1613 1651 1655 sceleris
1681 1623 1802 1655 esset.

417 1677 429 1694 ⁶
442 1671 627 1712 Patriam
648 1687 690 1713 se
708 1687 969 1727 regnumque
988 1687 1109 1712 suum
1130 1679 1332 1727 repetere,
1350 1680 1392 1712 et
1413 1671 1607 1728 persequi
1620 1671 1805 1727 ingratos

418 1729 551 1770 ‘cives
591 1729 708 1770 velle.
792 1728 967 1770 Ferrent
1007 1744 1142 1786 opem,
1181 1729 1449 1770 adiuvarent·
1441 1761 1450 1777 ‚
1500 1744 1593 1770 suas
1634 1744 1802 1786 quoque

418 1792 603 1828 ‘veteres
624 1787 796 1828 iniurias
817 1787 954 1827 ultum
982 1787 1104 1836 irent,
1128 1787 1251 1828 toties
1272 1801 1410 1827 caesas
1435 1787 1635 1843 legiones,
1658 1801 1804 1843 agrum

416 1850 428 1868 ⁶
441 1844 711 1900 ademptum.’
772 1844 890 1885 Haec
907 1853 1127 1885 moverunt
1140 1844 1359 1885 Veientes:
1395 1859 1442 1885 ac
1458 1860 1533 1901 pro
1549 1860 1592 1885 se
1610 1844 1802 1901 quisque,

418 1902 612 1943 Romano
627 1902 775 1943 saltem
793 1902 913 1951 duce,
929 1902 1178 1958 ignominias
1191 1901 1431 1951 demendas,
1446 1902 1641 1958 belloque
1655 1903 1804 1943 amissa

413 1960 656 2024 repetenda,
689 1960 910 2001 minaciter
942 1960 1138 2001 fremunt.
1203 1959 1530 2015 Tarquinienses
1565 1973 1720 2001 nomen
1754 1975 1802 2001 ac

412 2017 605 2073 cognatio
627 2032 721 2059 mov
724 2026 783 2058 61.
817 2017 1038 2074 pulchrum
1058 2017 1288 2067 videbatur,
1313 2032 1408 2059 suos
1430 2017 1591 2058 Romae
1612 2032 1798 2073 regnare.

412 2074 478 2116 Ita
491 2075 575 2116 duo
592 2074 769 2116 duarum
784 2075 1014 2116 civitatium
1032 2075 1252 2124 exercitus,
1267 2075 1321 2116 ad
1334 2074 1611 2140 repetendum
1624 2089 1800 2131 regnum

410 2132 605 2198 belloque
622 2133 934 2189 persequendos
953 2133 1180 2183 Romanos,
1198 2132 1330 2174 secuti
1344 2133 1430 2173 Ta1
1432 2148 1635 2188 quinium
1679 2133 1801 2174 Post—

412 2205 538 2246 quam
559 2191 603 2230 in
632 2205 778 2246 agrum
809 2190 1049 2231 Romanum
1077 2199 1251 2231 ventum
1282 2198 1356 2240 est,
1379 2190 1543 2231 obviam
1570 2189 1680 2231 hosti
1700 2205 1800 2231 con-

411 2247 519 2288 sules
559 2257 672 2289 eunt.
749 2247 941 2289 Valerius
982 2248 1185 2304 quadrato
1225 2247 1390 2304 agmine
1430 2247 1617 2304 peditem
1656 2247 1795 2289 ducit:
1813 2260 1830 2293 7

413 2305 570 2346 Brutus
591 2305 644 2346 ad
673 2305 977 2361 explorandum
1005 2320 1102 2346 cum
1124 2305 1315 2361 equitatu
1339 2305 1570 2346 antecessit.
1635 2305 1797 2346 Eodem

449 2496 465 2527 5
484 2488 631 2518 Vindicta
642 2489 811 2525 liberatus]
832 2486 1081 2527 Virgula‚quam
1125 2489 1219 2518 dicta.
1237 2487 1370 2518 Niebhr.
1382 2487 1401 2518 i.
1413 2498 1443 2528 p.
1456 2496 1526 2528 520.
1538 2489 1608 2528 584.
1626 2489 1795 2522 Wachsm.

409 2530 501 2561 lictor
522 2531 572 2561 vel
596 2531 702 2570 potius
725 2531 859 2561 Praetor
882 2529 978 2569 capiti
1002 2530 1082 2560 servi
1127 2541 1157 2570 p.
1176 2531 1246 2569 248.

410 2573 657 2603 manumittendi
673 2577 721 2603 ter
735 2576 886 2612 quaterve
898 2572 1078 2612 imponenS,
1164 2571 1183 2604 6
1206 2575 1258 2604 Ne
1275 2583 1308 2604 se
1325 2574 1444 2611 ortum]
1473 2574 1513 2604 Se
1536 2584 1611 2604 casu
1633 2578 1724 2605 sexto
1746 2574 1792 2605 in-

409 2626 482 2645 eum
503 2616 535 2646 in
552 2616 731 2646 libertatem
749 2615 938 2646 vindicabat.
985 2615 1078 2645 Haec
1123 2616 1363 2655 terpretandum
1390 2626 1469 2653 esse,
1496 2626 1536 2646 ex
1561 2616 1649 2656 ipsis,
1675 2627 1793 2657 nempe

408 2658 656 2689 manumittendi
671 2657 793 2698 species
807 2658 1000 2695 libertatem,
1014 2667 1078 2688 non
1124 2658 1314 2688 Veientibus
1336 2662 1368 2688 et
1384 2658 1667 2698 Tarquiniensibus
1682 2659 1791 2690 Etrus-

410 2700 571 2731 civitatem
594 2702 701 2732 dabat.
747 2700 814 2737 Qui
831 2711 903 2731 vero
925 2711 1021 2732 censu
1044 2700 1077 2730 li-
1123 2699 1178 2738 cis,
1203 2704 1313 2731 monet
1340 2700 1480 2732 Gronov.
1505 2702 1545 2732 de
1569 2701 1790 2742 Tarquiniens.v

410 2742 652 2783 beratus,11sque
663 2744 704 2774 ad
715 2754 880 2774 censuram
891 2743 953 2783 Ap.
961 2744 1077 2775 Claud.
1122 2744 1161 2774 cf.
1179 2743 1246 2775 Cic.
1264 2743 1360 2774 Tusc.
1378 2744 1443 2779 Qu.
1459 2743 1502 2775 iii.
1524 2754 1570 2776 12.

410 2784 612 2821 Caeci,inter
626 2785 762 2816 aerarios
777 2786 981 2824 referebatur,
994 2789 1078 2826 post·
1167 2794 1183 2825 7
1207 2787 1372 2824 Quadrato
1394 2787 1536 2826 aymine]
1569 2797 1610 2818 sc.
1638 2786 1718 2817 Acie
1742 2786 1788 2816 in-

410 2836 448 2856 ea
470 2830 576 2856 autem
595 2828 755 2859 civitatem
771 2829 893 2868 optimo
915 2828 983 2859 iure
999 2827 1077 2858 obti-
1121 2832 1241 2859 structa
1260 2832 1292 2859 et
1315 2828 1476 2860 ordinibus
1498 2829 1665 2869 phalangis
1679 2829 1788 2860 densa-

410 2869 516 2899 nebat.
572 2870 713 2900 Accessit
746 2871 840 2901 tertia
871 2870 1078 2901 manumissio
1121 2871 1169 2902 tis.
1193 2882 1306 2911 agmen
1332 2881 1404 2902 vero
1433 2873 1572 2911 longum,
1597 2871 1725 2911 quando
1754 2871 1787 2902 in

406 2921 467 2950 per
490 2915 709 2942 testamentum
729 2923 768 2942 ex
789 2913 909 2952 legibus
930 2923 992 2945 ΧΠ.
1015 2914 1077 2943 Τ3-
1122 2914 1233 2945 itinere
1249 2917 1352 2945 essent
1367 2913 1494 2945 milites.

411 2953 568 2983 bularum.
615 2953 743 2983 Nomen
772 2956 934 2985 Vindicius
956 2967 975 2985 a
1005 2957 1077 2985 Vin-
