1934 3211
181 260 224 290 U.
242 260 280 290 C.
297 270 370 299 434.

179 304 218 333 A.
243 304 282 335 C.
300 306 371 343 318.

186 831 322 862 Luceria

185 879 289 914 capta.

189 1459 256 1489 Sub
274 1458 382 1498 iugum

189 1501 276 1530 missi
293 1501 381 1531 Sam-

189 1544 281 1573 nites.

395 164 478 203 516
905 159 1051 201 TITI
1093 158 1271 200 LIVII

399 257 409 274 ‘
426 251 645 307 desperata
665 250 786 292 venia
811 251 951 291 hostes
981 265 1125 291 caecos
1156 250 1199 289 in
1231 248 1434 305 supplicia
1461 264 1603 290 eorum
1633 255 1788 305 ageret,

399 308 600 365 ‘perdere
633 309 760 364 prius,
790 323 915 363 quam
948 308 1096 363 perire,
1126 307 1344 362 optantes.'
1405 307 1598 348 Laudare
1631 322 1681 348 ea
1713 306 1786 347 mi-

396 366 503 415 lites,
525 366 753 421 laetarique
777 365 941 406 obviam
963 365 1069 405 itum
1091 365 1174 404 irae
1197 380 1293 405 suae
1316 379 1417 414 esse,
1436 379 1483 405 ac
1498 364 1630 414 fateri,
1650 364 1792 405 omnia

397 423 597 480 patienda
616 424 767 479 potius,
791 438 917 478 quam
945 421 1193 478 proderetur
1217 421 1326 462 salus
1355 430 1415 463 tot
1441 422 1681 477 principum
1703 421 1792 462 Ro-

399 496 546 522 manae
568 489 808 521 iuventutis.

458 538 643 579 Dimissa
670 537 885 585 concione,
913 535 1133 576 consilium
1160 535 1362 584 habitum,
1386 536 1634 577 omnibusne
1662 535 1792 591 copiis

401 595 623 636 Luceriam
644 602 896 650 premerent,
914 608 967 632 an
989 592 1118 632 altero
1135 592 1322 632 exercitu
1339 601 1381 632 et
1397 593 1503 633 duce
1522 592 1653 649 Apuli
1670 592 1791 640 circa,

400 668 503 707 gens
524 652 675 692 dubiae
691 651 744 691 ad
766 650 809 690 id
821 649 1060 697 voluntatis,
1076 656 1348 689 tentarentur.
1411 649 1617 690 Publilius
1634 649 1791 697 consul,

402 710 454 750 ad
490 707 790 764 peragrandam
833 706 1044 761 profectus
1080 705 1295 760 Apuliam,
1329 706 1490 761 aliquot
1524 707 1793 762 expeditione

401 781 486 806 una
506 765 682 820 populos
704 773 775 805 aut
796 763 836 804 vi
858 763 1035 818 subegit,
1058 771 1131 803 aut
1155 762 1467 804 conditionibus
1488 763 1533 803 in
1554 764 1795 805 societatem

402 823 574 878 accepit.
636 821 804 877 Papirio
833 835 1015 876 quoque,
1038 820 1112 875 qui
1143 820 1329 860 obsessor
1351 820 1554 861 Luceriae
1574 821 1795 870 restiterat,

402 880 518 921 brevi
543 879 596 920 ad
617 894 733 934 spem
765 886 941 919 eventus
966 877 1194 933 respondit.
1259 877 1384 926 Nam,
1408 878 1573 918 insessis
1603 878 1796 919 omnibus

403 937 491 986 viis,
514 951 590 992 per
609 951 712 991 quas
737 943 993 977 commeatus
1025 950 1076 975 ex
1113 934 1283 975 Samnio
1314 935 1666 984 subvehebantur,
1687 934 1796 975 fame

402 995 552 1036 domiti
583 993 803 1042 Samnites,
836 993 909 1048 qui
940 992 1144 1033 Luceriae
1175 992 1219 1031 in
1250 992 1456 1048 praesidio
1487 1000 1616 1041 erant,
1639 992 1798 1048 legatos

403 1052 550 1092 misere
577 1051 630 1092 ad
661 1051 875 1091 consulein
909 1050 1164 1098 Romanum,
1187 1058 1246 1097 ut,
1269 1050 1447 1105 receptis
1477 1049 1701 1105 equitibus,
1724 1049 1798 1105 qui

402 1124 527 1150 causa
556 1108 656 1150 belli
686 1117 836 1156 essent,
869 1107 1084 1147 absisteret
1114 1106 1342 1147 obsidione.
1406 1106 1487 1147 His
1517 1106 1711 1162 Papirius
1740 1107 1799 1147 ita

404 1166 640 1222 respondit:
678 1165 913 1206 ‘Debuisse
946 1180 1016 1205 eos
1048 1163 1263 1212 Pontium,
1291 1163 1499 1204 Herennii
1531 1163 1679 1213 filium,
1713 1179 1798 1219 quo

406 1230 600 1265 ‘auctore
636 1223 851 1263 Romanos
884 1222 960 1262 sub
996 1222 1142 1277 iugum
1176 1220 1396 1270 misissent,
1430 1220 1662 1270 consulere,
1695 1220 1799 1276 quid

405 1286 418 1304 ‘
431 1281 550 1322 victis
566 1280 814 1336 patiendum
831 1287 1030 1320 censeret.
1096 1278 1312 1327 Ceterum,
1331 1278 1530 1333 quoniam
1547 1278 1598 1319 ab
1611 1278 1799 1319 hostibus

408 1344 419 1362 ‘
435 1338 478 1378 in
507 1353 550 1379 se
572 1353 707 1393 aequa
737 1337 875 1386 statui,
899 1351 1026 1392 quam
1048 1335 1091 1376 in
1120 1350 1162 1376 se
1188 1335 1267 1390 ipsi
1288 1335 1408 1384 ferre,
1431 1334 1668 1384 maluerint,
1690 1350 1800 1375 nun-

408 1401 419 1419 ⁶
437 1396 537 1436 tiare
570 1394 804 1436 Luceriam’
837 1394 967 1443 iussit,
993 1399 1141 1442 ‘al-rna,
1174 1392 1364 1442 sarcinas,
1387 1393 1588 1442 iumenta,
1611 1391 1800 1433 multitu-

408 1458 419 1476 ‘
433 1452 575 1493 dinem
586 1467 752 1493 omnem
768 1451 980 1492 imbellem
989 1451 1098 1491 intra
1111 1449 1278 1490 moenia
1290 1449 1595 1506 relinquerent:
1623 1449 1798 1490 militem

408 1515 477 1550 ‘se
509 1524 605 1549 cum
636 1508 810 1564 singulis
837 1508 1097 1549 vestimentis
1127 1508 1204 1548 sub
1234 1507 1379 1563 iugum
1411 1507 1646 1556 missurum,
1675 1506 1800 1547 ulcis-

408 1572 418 1590 ‘
436 1574 601 1607 centem
616 1565 785 1614 illatam,
801 1581 886 1605 non
901 1580 1052 1605 novam
1067 1564 1316 1605 inferentem
1332 1565 1632 1620 ignominiam.'
1678 1563 1801 1604 Nihil

406 1632 654 1664 recusatum.
720 1622 891 1677 Septem
914 1622 1044 1661 millia
1064 1621 1245 1661 militum
1267 1623 1343 1662 sub
1365 1622 1511 1676 iugum
1529 1621 1664 1671 missa,
1681 1636 1801 1676 prae-

407 1681 544 1736 daque
593 1680 741 1735 ingens
782 1678 986 1719 Luceriae
1035 1687 1167 1733 capta,
1210 1679 1388 1733 receptis
1435 1678 1628 1718 omnibus
1672 1678 1800 1733 signis

408 1738 629 1793 armisque,
662 1752 768 1792 quae
805 1735 857 1776 ad
892 1734 1105 1775 Caudium
1138 1734 1383 1783 amiserant3
1424 1743 1478 1783 et,
1512 1734 1627 1789 quod
1659 1734 1801 1775 omnia

408 1795 629 1850 superabat
649 1793 814 1849 gaudia,
837 1792 1049 1847 equitibus
1077 1791 1342 1847 recuperatis,
1366 1807 1470 1846 quos
1491 1792 1668 1847 pignora
1686 1791 1801 1847 pacis

404 1851 703 1893 custodiendos
735 1850 956 1891 Luceriam
992 1848 1200 1889 Samnites
1233 1848 1449 1889 dederant.
1513 1848 1644 1889 Haud
1669 1849 1800 1889 ferme

406 1909 487 1950 alia
508 1908 740 1949 mutatione
762 1907 899 1947 subita
919 1921 1057 1946 rerum
1085 1906 1234 1946 clarior
1252 1906 1425 1946 Vlctoria
1451 1905 1595 1961 populi
1618 1905 1801 1947 Romani

404 1974 491 2007 est:
526 1965 734 2021 siquidem
755 1964 880 2005 etiam
895 1963 1031 2018 (quod
1047 1962 1296 2018 quibusdam
1320 1963 1363 2002 in
1376 1963 1595 2003 annalibus
1610 1963 1802 2017 invenio)

408 2023 599 2072 Pontius,
624 2021 832 2062 Herennii
854 2020 977 2069 filius,
1004 2019 1255 2061 Samnitium
1282 2020 1519 2075 imperator,
1541 2027 1589 2060 ut
1614 2020 1802 2076 expiaret

408 2079 628 2121 consulum
659 2078 946 2135 ignominiam,
969 2078 1045 2118 sub
1076 2078 1221 2133 iugum
1253 2092 1349 2118 cum
1380 2077 1527 2118 ceteris
1557 2085 1619 2118 est
1639 2077 1798 2118 missus.

413 2137 615 2178 Ceterum
640 2137 684 2176 id
712 2136 851 2176 minus
879 2135 1018 2184 miror,
1042 2135 1264 2176 obscurum
1289 2149 1376 2175 esse
1405 2134 1457 2175 de
1479 2134 1663 2175 hostium
1693 2134 1800 2175 duce

409 2194 554 2235 dedito
575 2194 784 2248 missoque
806 2193 882 2233 sub
904 2192 1072 2247 iugum:
1106 2191 1150 2232 id
1172 2192 1303 2247 magis
1324 2191 1511 2232 mirabile
1534 2200 1608 2241 est,
1631 2191 1801 2247 ambigi,

410 2251 623 2293 Luciusne
678 2249 901 2291 Cornelius
941 2249 1119 2289 dictator
1168 2264 1263 2289 cum
1312 2248 1361 2289 L.
1385 2248 1554 2304 Papirio
1604 2247 1800 2297 Cursore,

410 2308 606 2365 magistro
637 2308 841 2363 equitum,
865 2322 933 2347 eas
960 2321 1025 2346 res
1049 2306 1102 2346 ad
1130 2305 1356 2355 Caudium,
1379 2314 1504 2361 atque
1536 2305 1634 2346 inde
1664 2305 1802 2347 Luce—

410 2365 513 2406 riam
541 2365 726 2421 gesserit,
750 2364 943 2419 ultorque
973 2363 1122 2403 unicus
1152 2363 1369 2403 Romanae
1396 2363 1664 2418 ignominiae,
1687 2362 1801 2403 haud

410 2423 537 2463 sciam
568 2437 622 2463 an
653 2422 876 2462 iustissimo
908 2420 1120 2475 triumpho
1151 2420 1203 2460 ad
1235 2435 1328 2460 eam
1359 2428 1537 2460 aetatem
1568 2419 1801 2460 secundum

409 2478 582 2520 Furium
608 2478 849 2526 Camillum,
872 2477 1215 2532 triumphaverit3
1248 2492 1300 2517 an
1322 2477 1541 2517 consulum
1557 2476 1800 2532 Papiriique

407 2537 678 2592 praecipuum
698 2535 740 2575 id
755 2535 883 2575 decus
897 2534 959 2574 sit.
1016 2533 1217 2588 Sequitur
1230 2533 1342 2574 hunc
1357 2548 1539 2574 errorem
1553 2533 1658 2573 alius
1673 2548 1798 2582 error,

407 2593 622 2633 Cursorne
646 2592 837 2647 Papirius
858 2591 1059 2647 proximis
1087 2590 1265 2631 comitiis
1293 2605 1388 2631 cum
1415 2590 1468 2638 Q.
1489 2589 1618 2630 Aulio
1649 2589 1831 2637 Gerre-9

407 2659 505 2690 tano
545 2651 709 2697 iterum,
748 2649 800 2690 ob
837 2663 924 2688 rem
966 2648 1073 2688 bene
1113 2656 1271 2702 gestam
1310 2647 1512 2688 Luceriae
1553 2647 1798 2688 continuato

448 2817 467 2846 9
492 2808 527 2842 Q.
545 2809 643 2837 Aulio
660 2809 834 2838 Cerretano
849 2808 982 2844 ilerum]
1016 2808 1079 2836 Au·
1125 2806 1304 2836 observavit
1333 2806 1443 2836 Livius
1470 2806 1533 2837 viii.
1559 2814 1608 2846 37.
1655 2807 1720 2836 Eos
1742 2816 1797 2836 an-

406 2847 485 2877 lium
509 2848 540 2876 in
561 2849 751 2886 quibusdam
776 2849 946 2878 annalibus
969 2858 1079 2879 consu·
1126 2849 1215 2878 nales
1238 2848 1289 2877 hic
1312 2848 1466 2886 sequitur,
1482 2849 1558 2878 dum
1575 2849 1707 2878 Aulium
1724 2857 1796 2878 con—

405 2890 469 2919 lem
499 2899 570 2918 cum
597 2891 634 2919 C.
661 2890 805 2928 Sulpicio
830 2890 958 2929 reperiri
985 2900 1081 2929 supra
1125 2890 1228 2920 sulem
1245 2892 1359 2920 iterum
1376 2890 1492 2921 scribit.
1517 2891 1623 2922 CREV.

722 2937 741 2956 ο
