1934 3211
978 179 1126 221 ΤΙΤΙ
1167 178 1347 221 LIVII

648 285 743 326 qua,
775 271 875 312 dum
907 286 949 312 se
986 286 1141 312 cornua
1175 270 1298 311 latius
1333 269 1537 326 pandunt,
1574 284 1721 325 parum
1756 277 1850 325 apte

469 328 692 369 introrsum
728 329 942 370 ordinibus
975 329 1107 370 aciem
1142 329 1417 369 firmaverant.
1481 327 1689 368 Turbatos
1723 326 1883 382 pedes6

469 385 640 427 invasit:
685 387 833 428 eodem
870 387 1030 442 impetu
1063 395 1195 427 castla
1230 395 1362 442 capta,
1399 385 1738 449 debellatumque
1775 392 1848 425 est.

469 442 570 484 Post
590 459 808 499 pugnam
797 444 850 484 ad
873 444 1085 500 Regillum
1108 444 1242 485 lacum
1265 459 1351 484 non
1368 443 1447 484 alia
1467 442 1547 483 illis
1574 442 1693 483 annis
1710 456 1852 498 pugna

468 500 615 542 clarior
630 501 719 542 fuit.
784 501 976 543 Dictator
992 501 1253 566 tliumphans
1270 502 1415 542 urbem
1432 500 1654 541 invehitur.
1719 499 1853 555 Super

467 558 607 599 solitos
623 558 801 600 honores
817 559 954 600 locus
945 575 988 599 111
1009 559 1119 600 61160
1136 559 1213 614 ipsi
1226 558 1484 623 posterisque
1503 558 1555 598 ad
1568 556 1851 621 spectaculum
1866 567 1884 600 7

469 616 612 665 datus3
655 616 756 657 sella
790 617 834 656 in
874 632 923 657 eo
964 616 1056 657 loco
1092 616 1244 657 cuiulis
1276 616 1420 672 posita.
1483 615 1646 655 Volscis
1678 613 1851 655 devictis

468 672 708 714 Veliternus
729 689 828 730 ager
847 674 1089 729 ademptus:
1124 673 1305 714 Velitras
1327 672 1465 714 6010111
1486 673 1537 713 ab
1559 673 1660 713 urbe
1682 671 1796 713 missi
1809 679 1883 712 et8

467 730 629 772 colonia
650 731 840 772 deducta.

527 787 639 829 Cum
661 788 823 853 Aequis
844 797 937 844 post
953 788 1165 845 aliquanto
1180 797 1413 845 pugnatum
1434 798 1508 837 est,
1525 787 1658 828 invito
1679 786 1851 842 quidem

468 845 649 894 consule,
677 846 776 901 quia
802 846 894 887 loco
924 846 1070 911 iniquo
1098 847 1362 888 subeundum
1387 854 1475 887 elat
1499 845 1552 886 ad
1579 845 1744 886 hostes:
1777 843 1852 885 sed

469 902 632 952 milites,
651 904 811 944 extrahi
834 919 922 944 rem
939 904 1216 953 criminantes,
1234 913 1281 945 ut
1302 904 1491 953 dictator,
1514 903 1757 967 priusquam
1773 901 1852 958 ipsi

468 959 690 1001 redirent
679 976 724 1001 111
753 962 911 1010 urbem,
939 962 1181 1018 magistratu
1213 962 1356 1011 abiret,
1386 961 1599 1017 irritaque,
1622 960 1729 1001 sicut
1753 968 1850 1000 ante

468 1018 663 1068 consulis,
684 1019 884 1074 promissa
904 1019 993 1060 eius
1007 995 1223 1069 caderent,
1245 1019 1479 1075 perpulere,
1502 1028 1548 1059 ut
1567 1018 1671 1059 forte
1694 1025 1850 1058 temere
1863 1029 1883 1061 9

468 1075 512 1115 in
541 1075 733 1117 adversos
761 1085 923 1118 montes
950 1092 1101 1132 agmen
1128 1077 1318 1132 erigeret.
1380 1076 1432 1117 Id
1451 1076 1557 1117 male
1586 1075 1852 1117 commissum

467 1133 633 1188 ignavia
653 1133 875 1174 hostium
866 1149 908 1174 111
930 1135 1088 1175 bonum
1109 1135 1253 1175 vertit:
1288 1134 1374 1189 qui,
1396 1134 1639 1189 priusquam
1670 1132 1724 1174 ad
1751 1148 1852 1174 con-

467 1191 621 1231 iectum
658 1191 730 1232 teli
765 1191 990 1241 veniretur,
1027 1191 1301 1257 obstupefacti
1335 1191 1509 1232 audacia
1549 1191 1850 1240 Romanorum,

466 1247 620 1289 relictis
641 1249 794 1298 castris,
817 1264 923 1305 quae
946 1249 1232 1290 munitissimis
1253 1257 1475 1290 tenuerant
1490 1248 1635 1298 locis,
1625 1263 1670 1289 m
1691 1262 1852 1289 aversas

466 1305 592 1347 valles
628 1306 856 1348 desiluere:
900 1307 972 1348 ubi
1005 1307 1101 1348 satis
1136 1307 1314 1363 praedae
1348 1316 1391 1348 et
1425 1306 1598 1348 victoria
1632 1306 1853 1346 incruenta

465 1363 555 1404 fuit.

525 1420 591 1462 Ita
611 1421 809 1462 trifariam
829 1437 873 1463 re
894 1421 1004 1463 bello
1024 1423 1132 1463 bene
1149 1431 1276 1478 gesta,
1300 1422 1352 1463 de
1370 1422 1691 1463 domesticarum
1711 1435 1851 1462 rerum

468 1488 623 1519 eventu
637 1494 716 1520 nec
737 1479 931 1520 Patribus
951 1495 1030 1520 nec
1051 1480 1163 1536 plebi
1181 1495 1279 1521 cura
1299 1480 1548 1521 decesserat:
1583 1487 1699 1520 tanta
1719 1493 1851 1534 quum

466 1537 610 1592 gratia,
628 1546 718 1577 tum
740 1546 825 1578 arte
843 1546 1187 1602 praeparaverant
1207 1538 1471 1587 feneratores,
1490 1552 1597 1593 quae
1618 1552 1703 1578 non
1726 1535 1850 1577 modo

467 1593 645 1650 plebem,
668 1595 779 1635 36(1
770 1610 905 1650 ipsum
933 1595 1058 1636 etiam
1080 1595 1326 1635 dictatorem
1350 1595 1655 1635 frustrarentur.
1718 1593 1850 1635 Nam-

468 1667 550 1707 que
572 1651 777 1716 Valerius,
795 1662 887 1708 post
908 1652 1072 1693 Vetusii
1094 1652 1274 1693 consulis
1295 1652 1490 1701 reditum,
1513 1651 1701 1693 omnium
1723 1651 1880 1692 actio-1

468 1725 570 1750 num
586 1709 630 1749 in
647 1718 793 1750 senatu
809 1710 985 1765 primam
1001 1710 1147 1751 habuit
1161 1725 1236 1766 pro
1252 1710 1407 1750 victore
1423 1709 1591 1774 populo,
1609 1708 1850 1765 retulitque,

468 1767 572 1822 quid
593 1767 711 1808 nexis
732 1767 822 1808 fieri
834 1767 1036 1832 placeret
1102 1767 1222 1815 Quae
1241 1782 1373 1823 quum
1393 1767 1548 1808 reiecta
1562 1766 1709 1807 relatio
1730 1775 1849 1816 esset,

469 1830 481 1848 ⁶
496 1824 594 1866 Non
629 1825 800 1880 placeo,’
832 1825 981 1881 inquit,
1022 1831 1032 1848 ⁶
1046 1825 1291 1877 concordiae
1326 1833 1493 1865 auctor:
1537 1824 1746 1880 optabitis,
1783 1839 1849 1865 me
1863 1839 1881 1860 2

470 1882 587 1923 ‘dius
626 1883 764 1932 fidius,
801 1883 1060 1939 propediem,
1097 1891 1144 1923 ut
1177 1882 1259 1923 mei
1293 1882 1446 1923 similes
1483 1882 1677 1923 Romana
1708 1881 1851 1938 plebes

468 1945 687 2005 ‘patronos
715 1941 876 1981 habeat.
943 1940 1071 1989 Quod
1099 1940 1152 1981 ad
1181 1955 1247 1981 me
1273 1940 1433 1989 attinet,
1459 1954 1598 1995 neque
1626 1938 1853 1980 frustrabor

469 1997 602 2039 ‘ultra
632 1998 742 2039 cives
773 2013 899 2048 meos,
931 2014 1069 2054 neque
1101 1998 1187 2054 ipse
1218 1998 1369 2038 frustra
1398 1997 1575 2038 dictator
1607 2011 1689 2038 ero.
1752 1996 1852 2038 Dis-

475 181 552 220 106

254 268 299 298 U.
316 268 353 298 C.
371 266 442 299 260.
470 270 616 320 aciem,

252 311 292 341 A·
316 310 353 341 C·
369 321 441 351 492·

252 1080 356 1121 Aequi
370 1081 454 1112 victi.

252 1426 381 1457 Turbae
397 1425 450 1455 do-

251 1470 412 1500 mestieae.

509 2164 528 2195 6
544 2166 741 2204 Introrsum]
766 2175 808 2196 sc.
823 2165 966 2196 Mediam
979 2165 1062 2196 inter
1073 2167 1136 2197 duo

466 2218 585 2237 cornua
610 2208 722 2239 aciem.
751 2209 892 2239 Smovm.
928 2209 967 2239 cf.
994 2219 1069 2239 xxv.
1087 2219 1136 2240 21.

464 2252 485 2265 ⁴‘
499 2251 724 2281 Clamantibus
748 2251 892 2289 tribunis,
915 2251 995 2281 nihil
1019 2253 1134 2282 intror-

463 2304 518 2323 sus
533 2293 651 2323 roboris
666 2304 703 2323 ac
721 2293 833 2324 virium
851 2296 951 2324 esse.''

515 2343 530 2375 7
553 2337 656 2366 Locus
685 2338 720 2366 in
748 2337 846 2373 circo]
885 2336 1051 2375 Singulare
1081 2346 1133 2366 ex—

464 2378 607 2417 emplum
621 2378 748 2408 honoris
760 2378 846 2408 illius
862 2380 948 2418 apud
960 2380 1135 2417 Romanos,

463 2421 517 2459 qui
542 2422 629 2460 apud
654 2422 805 2458 Graecos,
828 2421 958 2451 nomine
984 2419 1135 2461 προεδρία,

463 2464 609 2494 usitatior
624 2468 700 2494 erat.
726 2465 758 2494 N
761 2464 860 2494 iebhr.
879 2464 898 2494 i.
916 2474 946 2503 p.
965 2466 1035 2503 528.

506 2507 524 2536 8
556 2508 691 2537 Velitras
706 2508 823 2544 coloni]
860 2507 1023 2542 Quoniam
1044 2506 1133 2545 oppi—

463 2549 539 2578 dum
569 2549 721 2579 Latinum
751 2549 895 2579 Velitrae
925 2553 1026 2586 erant,
1056 2559 1135 2588 quas

465 2591 588 2626 Volsci,
617 2591 794 2631 irruptione
829 2592 926 2630 facta,
959 2601 1134 2631 occupave-

463 2638 543 2664 rant.
562 2634 696 2665 Niehhr.
713 2634 732 2664 i.
750 2645 781 2673 p.
799 2644 850 2674 93.

511 2687 530 2716 9
558 2678 654 2708 Forte
683 2679 813 2715 temere]
863 2677 933 2707 Has
963 2676 1135 2716 particulas

464 2719 659 2749 coniunctim
684 2719 815 2758 positas,
838 2720 878 2749 de
895 2719 931 2749 iis
954 2730 1036 2758 quae
1060 2730 1134 2749 casu

462 2761 623 2797 accidunt,
655 2763 704 2792 vel
742 2763 832 2792 nullo
870 2762 1003 2792 consilio
1038 2761 1132 2792 susci-

462 2802 604 2840 piuntur,
619 2803 785 2835 inveneris.
814 2805 885 2835 infr.
903 2804 990 2835 xxiii.
1010 2814 1037 2844 3.
1065 2804 1133 2835 Cic.

461 2844 502 2873 de
520 2844 594 2874 Div.
611 2845 641 2875 ii.
658 2845 708 2876 68.
732 2847 805 2877 Ter.
824 2847 954 2878 Phorm.
973 2858 1000 2878 v.
1017 2847 1036 2877 1.
1055 2856 1104 2886 30.

509 2896 518 2915 1
547 2888 734 2925 Accianum]
773 2890 848 2919 Hoc.
878 2889 1007 2919 nornine
1033 2889 1132 2927 desig-

462 2932 556 2958 natur
576 2929 728 2967 quicquid
749 2931 815 2969 agit
838 2931 1051 2970 magistratus,
1067 2931 1133 2962 sive

1179 2167 1267 2206 apud
1290 2169 1449 2201 senatum,
1471 2164 1536 2196 sive
1558 2165 1646 2205 apud
1668 2164 1852 2204 populum;

1181 2209 1333 2248 quicquid
1354 2209 1404 2239 vel
1430 2208 1578 2239 Patribus
1602 2207 1852 2244 decernendum,

1180 2252 1229 2282 vel
1242 2252 1362 2291 populo
1373 2251 1571 2281 sciscendum
1583 2249 1742 2290 proponit.
1767 2250 1851 2280 Vult

1180 2294 1290 2324 Livius
1325 2294 1385 2323 hoc
1418 2295 1501 2330 loco,
1531 2293 1732 2330 dictatorem,
1761 2295 1850 2322 ante-

1179 2347 1274 2375 quam
1291 2337 1359 2366 nlla
1374 2335 1437 2366 alia
1453 2337 1492 2366 de
1507 2346 1540 2366 re
1555 2339 1662 2375 ageret
1677 2335 1709 2365 in
1726 2338 1850 2372 senatu,

1179 2378 1335 2415 retulisse,
1360 2378 1424 2408 sive
1447 2378 1572 2408 iussisse
1595 2378 1708 2408 Patres
1730 2377 1850 2407 delibe-

1179 2432 1259 2459 rare,
1272 2422 1311 2451 de
1323 2421 1387 2451 fide
1394 2420 1504 2450 victori
1516 2421 1637 2460 populo
1648 2420 1849 2459 praestanda.

1180 2465 1285 2495 szv.

1221 2517 1237 2536 ‘z
1262 2508 1320 2537 Me
1335 2507 1407 2536 clius
1421 2506 1541 2545 fidius]
1571 2505 1725 2535 Formula
1744 2504 1848 2535 iuran-

1177 2549 1208 2579 di
1222 2560 1228 2580 2
1253 2549 1298 2578 ita
1313 2559 1360 2579 me
1376 2548 1464 2578 iuvet
1476 2549 1548 2578 dius
1558 2549 1682 2578 Fidius.
1722 2547 1848 2578 Eodem

1178 2602 1272 2621 sensu
1297 2592 1404 2621 Plaut.
1428 2590 1517 2621 Asin.
1542 2591 1613 2621 Act.
1630 2590 1651 2622 i.
1668 2590 1718 2621 Sc.
1738 2599 1764 2621 Ι.
1779 2591 1849 2621 Per

1178 2636 1270 2665 deum
1286 2635 1426 2664 Fidium.
1466 2634 1552 2663 Dius
1567 2637 1626 2670 est,
1642 2633 1738 2664 Festo
1752 2632 1848 2663 inter-

1179 2680 1280 2716 prete,
1296 2677 1334 2706 ab
1350 2678 1425 2706 Iove
1438 2686 1541 2715 oenus
1555 2677 1683 2707 ducens.
1721 2676 1848 2713 Fidius,

1179 2719 1232 2767 qui
1258 2718 1331 2749 fidei
1360 2723 1495 2758 pmeest,
1519 2722 1649 2748 auctore
1672 2717 1770 2748 Dion.
1793 2717 1848 2756 qui

1177 2761 1208 2792 ii.
1240 2772 1289 2802 49.
1321 2765 1352 2791 et
1386 2761 1428 2792 11.
1460 2762 1508 2800 58.
1548 2761 1686 2791 Sancum
1723 2760 1848 2790 Graece

1178 2805 1282 2835 reddit
1314 2802 1442 2834 Πίστιον
1470 2801 1538 2834 Δία.
1584 2803 1705 2834 Sancus
1736 2805 1846 2832 autem

1175 2847 1260 2877 idem
1296 2850 1354 2884 est,
1389 2846 1441 2886 qui
1478 2845 1599 2883 Fidius,
1633 2848 1715 2875 teste
1751 2843 1846 2874 Oxid.

1177 2890 1264 2920 Fast.
1281 2889 1320 2920 vi.
1339 2899 1409 2929 213.
1452 2888 1524 2919 Vid.
1552 2891 1616 2918 not.
1642 2887 1684 2917 ad
1709 2886 1771 2917 viii.
1795 2896 1846 2917 20.

1177 2932 1247 2962 infr.
1272 2932 1376 2962 CREV.
