1934 3211
612 161 736 204 LIB.
772 161 846 203 IV.
893 162 1037 204 CAP.
1070 168 1109 204 4.
1466 168 1550 207 229

173 254 383 296 ‘factum?
434 252 520 294 Ser.
555 251 743 293 Tullium
774 261 868 309 post
901 252 1026 302 hunc,
1063 252 1225 309 captiva
1261 253 1542 296 Corniculana
1557 263 1599 295 U.
1616 263 1653 295 C.
1671 272 1741 303 310.

172 317 352 360 matum,
381 319 496 367 patre
523 309 651 359 nullo,
673 319 802 352 matre
830 325 958 360 serva,
980 310 1162 366 ingenio,
1184 310 1335 351 virtute
1365 307 1591 367 regnumA·
1615 306 1653 338 C.
1669 316 1740 345 44²·

169 368 404 410 ‘tenuisse?
437 367 554 416 Quid
583 367 695 408 enim
726 367 778 409 de
810 367 860 409 T.
894 367 1018 409 Tatio
1051 367 1205 409 Sabino
1235 367 1383 417 dicam,
1415 384 1541 424 quem

168 426 280 482 ‘ipse
310 425 527 475 Romulus,
549 441 697 482 parens
724 425 848 476 urbis,
871 425 914 466 in
941 425 1179 467 societatem
1205 425 1324 482 regni
1348 426 1540 482 accepit?

166 489 181 508 ‘
196 483 321 540 Ergo,
335 483 436 525 dum
456 483 617 524 nullum
637 483 845 525 fastiditur
862 498 1007 540 genus,
1029 483 1073 524 in
1094 499 1178 540 quo
1198 483 1375 525 eniteret
1394 483 1536 535 virtus,

167 541 322 583 ‘crevit
340 541 561 598 imperium
590 541 840 583 Romanum.
901 541 1122 583 Poeniteat
1147 556 1260 583 nunc
1286 556 1357 583 vos
1384 540 1535 597 plebeii

167 604 180 623 ‘
194 598 386 649 consulis,
408 614 538 656 quum
559 599 734 641 maiores
761 598 890 640 nostri
915 598 1094 641 advenas
1121 614 1238 656 reges
1267 614 1353 640 non
1376 599 1535 641 fastidi·

165 662 179 681 ‘
190 657 312 707 erint,
334 666 377 699 et
388 672 442 699 ne
462 657 628 714 regibus
649 657 820 714 quidem
836 657 991 698 exactis
1011 656 1149 699 clausa
1165 657 1260 698 urbs
1274 657 1400 698 fuerit
1419 672 1537 713 pere-

164 720 178 739 ‘
190 714 332 771 grinae
355 715 508 757 virtuti.
575 714 794 757 Claudiam
817 724 927 757 certe
941 723 1109 771 gentem
1125 724 1219 771 post
1239 729 1356 772 reges
1372 724 1538 757 exactos

164 778 241 814 ‘ex
266 772 429 815 Sabinis
448 789 534 815 non
555 773 597 814 in
618 773 826 814 civitatem
848 773 973 814 modo
993 773 1239 829 accepimus,
1261 772 1335 814 sed
1354 773 1478 814 etiam
1494 773 1539 814 in

163 835 177 854 ‘
191 831 458 887 patriciorum
479 846 710 873 numerum.
774 830 839 871 Ex
861 831 1133 887 peregrinone
1154 831 1362 887 patricius,
1384 830 1536 873 deinde

164 893 176 912 ‘
191 889 336 930 consul
356 888 459 930 fiat?
489 889 589 931 civis
615 888 832 930 Romanus
859 888 892 929 si
913 888 966 929 sit
986 904 1039 929 ex
1066 888 1201 945 plebe,
1223 888 1408 945 praecisa
1436 904 1536 930 con-

163 945 346 988 ‘sulatus
380 961 472 1004 spes
511 947 621 988 erit?
673 946 826 988 Utrum
867 945 1034 987 tandem
1074 962 1160 988 non
1199 946 1407 988 eredimus
1445 947 1536 988 fieri

162 1009 318 1060 ‘posse,
347 1013 394 1046 ut
420 1005 483 1045 vir
511 1004 628 1046 fortis
655 1019 702 1045 ae
729 1012 934 1054 strenuus,
960 1019 1061 1060 pace
1088 1004 1282 1061 belloque
1310 1005 1456 1054 bonus,
1482 1020 1535 1046 ex

161 1061 306 1118 ‘plebe
335 1062 399 1112 sit,
430 1061 609 1112 Numae,
632 1061 681 1103 L.
704 1061 948 1118 Tarquinio,
975 1061 1060 1103 Ser.
1080 1061 1221 1104 Tullio
1245 1061 1420 1103 similis?
1463 1062 1535 1104 An

159 1124 173 1142 ‘
184 1133 251 1169 ne,
268 1119 302 1160 si
315 1119 379 1170 sit,
397 1120 568 1176 quidem
590 1119 641 1160 ad
661 1119 942 1176 gubernacula
956 1119 1207 1176 reipublicae
1224 1119 1420 1162 accedere
1437 1135 1534 1162 eum

159 1177 424 1233 ‘patiemur‘?
467 1178 689 1234 potiusque
720 1177 977 1227 decemviris,
1010 1178 1254 1219 taeterrimis
1284 1178 1532 1228 mortalium,

127 1246 146 1277 3
159 1239 172 1258 ‘
186 1235 260 1290 qui
282 1244 421 1277 tamen
440 1251 584 1277 omnes
612 1251 664 1277 ex
684 1235 869 1291 patribus
890 1244 1021 1285 erant,
1043 1251 1168 1292 quam
1196 1235 1362 1292 optimis
1389 1251 1534 1293 regum

125 1293 302 1334 4‘novis
336 1293 585 1343 hominibus,
621 1293 774 1335 similes
805 1293 994 1334 consules
1025 1308 1166 1335 sumus
1201 1293 1414 1335 habituri?
1473 1294 1535 1335 At
1631 1299 1669 1335 4.

158 1350 297 1391 ‘enim
318 1366 443 1392 nemo
519 1360 556 1393 st
577 1367 693 1409 reges
714 1360 881 1392 exactos
901 1351 953 1392 de
975 1350 1096 1407 plebe
1112 1350 1253 1392 consul
1270 1350 1360 1392 fuit.
1416 1351 1533 1400 Quid

158 1409 358 1464 ‘postea?
391 1408 431 1450 N
482 1408 574 1450 lane
599 1424 664 1451 res
694 1424 801 1450 nova
830 1408 990 1450 institui
1018 1407 1173 1450 debet?
1202 1417 1257 1458 et,
1283 1408 1398 1464 quod
1428 1424 1534 1450 non-

157 1465 285 1507 ‘dum
306 1476 369 1508 est
395 1467 549 1508 factum
570 1466 722 1524 (multa
748 1466 860 1508 enim
888 1465 1076 1507 nondum
1104 1474 1201 1507 sunt
1227 1466 1334 1508 facta
1353 1466 1396 1507 in
1425 1482 1533 1508 novo

157 1529 169 1547 ‘
183 1524 360 1581 populo)
379 1540 441 1575 ea,
463 1539 515 1566 ne
538 1525 571 1566 si
600 1524 717 1566 utilia
737 1523 907 1580 quidem
929 1523 1025 1574 sint,
1046 1523 1137 1565 fieri
1164 1524 1356 1580 oportet?
1386 1524 1532 1566 Ponti-

124 1581 294 1632 s‘flces‚
320 1597 509 1639 augureS,
539 1582 722 1624 Romulo
751 1590 964 1638 regnante,
995 1580 1100 1623 nulli
1130 1590 1270 1623 erant:
1303 1582 1355 1624 ab
1389 1581 1532 1624 Numa

156 1639 390 1696 ‘Pompilio
424 1640 551 1682 creati
585 1650 693 1682 sunt.
758 1639 921 1681 Census
955 1639 1000 1680 in
1034 1639 1201 1681 civitate
1231 1648 1274 1681 et
1309 1640 1531 1697 descriptio

155 1698 461 1740 ‘centuriarum
497 1698 774 1754 classiumque
808 1713 893 1739 non
926 1706 1035 1739 erat:
1079 1698 1129 1739 ab
1168 1697 1254 1739 Ser.
1293 1697 1435 1739 Tullio
1469 1708 1531 1740 est

155 1761 167 1780 ‘
180 1754 299 1798 facta.
364 1756 569 1798 Consules
589 1771 805 1813 nunquam
825 1756 1012 1797 fuerant:
1045 1755 1211 1812 regibus
1227 1756 1384 1797 exactis
1403 1756 1530 1798 creati

119 1818 285 1855 6‘sunt.
349 1813 576 1856 Dictatoris
596 1830 674 1856 nec
700 1814 920 1870 imperium
949 1828 1026 1855 nec
1054 1828 1208 1855 nomen
1229 1813 1384 1855 fuerat:
1417 1814 1530 1871 apud

122 1877 314 1928 7‘patres
349 1887 436 1914 esse
469 1873 618 1929 coepit.
681 1872 859 1914 Tribuni
892 1871 1036 1928 plebis,
1073 1871 1240 1922 aediles,
1276 1880 1526 1928 quaestoreS,

153 1929 281 1970 ‘nulli
301 1939 441 1971 erant:
475 1930 710 1972 institutum
731 1940 807 1980 est,
830 1939 877 1971 ut
904 1930 1063 1971 fierent.
1126 1929 1398 1971 Decemviros
1425 1929 1528 1987 legi-

152 1987 254 2028 ‘bus
281 1987 508 2029 scribendis
536 1988 645 2029 intra
670 1988 814 2029 decem
844 1987 919 2028 hos
946 2001 1076 2028 annos
1103 1996 1145 2028 et
1172 1987 1413 2037 creavimus,
1436 1998 1477 2029 et
1503 2003 1526 2029 e

153 2044 392 2100 ‘republica
425 2045 675 2086 sustulimus.
741 2045 848 2093 Quis
878 2044 1054 2093 dubitat,
1085 2044 1201 2099 quin,
1233 2045 1276 2085 in
1311 2055 1526 2086 aeternum

152 2108 164 2126 ‘
178 2103 279 2143 urbe
299 2102 479 2152 condita,
494 2103 537 2143 in
558 2103 805 2144 immensum
826 2110 1050 2150 crescente,
1068 2116 1175 2142 nova
1195 2101 1378 2157 imperia,
1395 2117 1527 2143 sacer-

151 2253 227 2283 urbc
265 2252 447 2292 Tarquiniis
484 2252 681 2284 domicilium
723 2263 815 2283 suum
856 2254 947 2292 ,aulas
969 2254 1124 2292 cooptavit
1140 2263 1288 2292 aztynres.
1321 2251 1391 2283 vide
1408 2252 1477 2285 infr.
1494 2264 1524 2284 x.

150 2296 328 2326 contulerat
354 2296 502 2327 Romam.
547 2298 657 2326 Incola
684 2295 815 2335 opponi·
859 2295 888 2326 6.
917 2295 1187 2335 wau-11sn1uth.p.
1207 2298 1277 2326 218.

148 2343 201 2369 tur
217 2340 291 2375 civi,
307 2343 338 2369 et
361 2338 387 2369 is
409 2339 525 2378 estqui
549 2338 680 2369 aliunde
703 2339 734 2368 in
758 2339 815 2368 ali·
902 2338 921 2368 6
944 2339 1044 2377 Apud
1067 2339 1192 2377 patres]
1233 2349 1275 2368 sc.
1303 2338 1435 2369 l’atrum
1459 2349 1522 2370 me-

148 2391 243 2421 quam
260 2381 432 2421 regionem,
446 2381 511 2412 sive
528 2383 636 2412 urbem
654 2381 811 2419 iininigra-
859 2381 966 2412 moria.
991 2383 1096 2411 Cum.

149 2423 203 2455 vit.
227 2424 333 2456 szv.

191 2476 208 2506 3
232 2468 348 2498 omnes
365 2478 405 2499 es
424 2468 588 2508 patribus]
625 2468 746 2498 Contra
772 2477 810 2497 ex

149 2509 372 2549 posterioribus
387 2510 574 2541 decemviris
590 2515 652 2540 tres
672 2510 812 2549 plebeios

148 2552 243 2582 fuisse
264 2553 370 2583 scribit
392 2553 487 2584 Dion.
506 2564 534 2584 x.
554 2556 602 2592 58.
619 2558 649 2583 ct
666 2554 745 2583 duos
765 2553 809 2582 in-

147 2595 332 2634 nuperaddit
351 2596 482 2627 Niclnhr.
514 2597 552 2626 ef.
569 2606 652 2635 supr.
670 2595 712 2626 iii.
731 2605 779 2634 35.

190 2650 208 2675 4
232 2639 332 2667 Novia
347 2639 540 2676 hominibus]
573 2640 654 2668 Novi
673 2639 812 2668 homines

147 2681 232 2720 apud
252 2680 415 2710 Romanoa
434 2687 640 2721 opponuntur
658 2682 811 2710 nobilibus

146 2728 178 2754 et
200 2723 219 2752 ii
243 2727 327 2759 nunt,
343 2723 396 2762 qui
413 2734 510 2762 quum
536 2724 659 2753 nullum
684 2734 722 2752 cx
748 2733 810 2753 nia-

148 2765 264 2795 iuribuu
285 2767 390 2796 curuli
415 2768 602 2805 rna-vistrum
626 2767 811 2804 insiyniMm

147 2809 318 2844 habebunt,
335 2809 427 2849 primi
449 2819 524 2839 sune
539 2808 643 2848 stirpis
657 2808 697 2838 ad
715 2808 809 2838 liono-

147 2862 195 2882 res
209 2862 276 2882 ιιι-κο
291 2860 433 2882 erexi-m.
458 2853 562 2882 (Jimv.

194 2903 210 2933 5
242 2896 372 2925 Romulo
399 2895 570 2934 remunito-l
610 2894 648 2924 cf.
675 2893 743 2924 (fic.
771 2894 810 2923 dt·

148 2937 230 2977 ch.
253 2937 282 2968 ii.
304 2948 333 2977 9.
357 2948 396 2968 ω·
419 2939 554 2976 sin-(lulis
579 2938 723 2967 tribubus
745 2938 808 2967 siu-

901 2433 916 2463 7
939 2425 1082 2461 Aediles]
1109 2424 1148 2454 cf.
1174 2423 1265 2463 Supr.
1289 2423 1319 2454 ii.
1345 2433 1393 2463 33.
1419 2425 1520 2461 Quae-

855 2472 951 2497 stores
977 2477 1019 2497 sc.
1045 2470 1226 2505 quaestores
1248 2467 1382 2504 classici,
1407 2467 1521 2505 quibus

854 2509 1008 2540 aerarium
1033 2520 1084 2549 ap.
1106 2510 1218 2539 aedem
1241 2509 1368 2539 Saturni
1391 2509 1519 2540 demun·-

854 2553 996 2582 «labatur.
1032 2552 1081 2582 Dc
1094 2551 1212 2590 origine
1224 2556 1425 2591 quaestorum
1439 2553 1518 2583 mul-

854 2601 887 2625 ta
910 2600 940 2625 et
966 2594 1049 2624 νηπίη
1073 2595 1190 2634 scripta
1212 2599 1295 2625 sunt.
1324 2595 1363 2625 cf.
1389 2595 1464 2635 Uip.
1486 2595 1517 2626 in

859 2638 958 2668 l’nnd.
982 2638 1021 2667 ‹le
1045 2638 1108 2668 (ΗΥ.
1134 2639 1198 2672 Qu.
1225 2637 1320 2667 Dion.
1344 2637 1362 2667 i.
1388 2646 1415 2676 5.
1440 2637 1517 2669 Tne.

858 2682 939 2710 Ann.
968 2680 998 2710 ii.
1027 2689 1074 2710 22.
1107 2680 1159 2710 ubi
1186 2685 1363 2720 qrmextorea
1392 2682 1518 2720 νεφέων

856 2723 1086 2762 imperantibus
1111 2724 1270 2753 institutos
1297 2723 1440 2760 legimus,
1463 2724 1516 2755 ned

860 2765 1020 2795 Plutarch.
1046 2765 1075 2794 in
1111 2765 1230 2796 Public.
1251 2776 1270 2795 a
1298 2766 1426 2796 Valerio
1456 2767 1517 2797 Pu-

856 2808 970 2837 blicola
982 2807 1152 2842 institutos,
1163 2813 1194 2838 et
1211 2809 1364 2848 Pompon.
1381 2810 1420 2840 de
1431 2810 1517 2850 Orig.

857 2850 997 2887 Magistr.
1013 2849 1042 2880 ii.
1055 2851 1081 2887 ἓ.
1094 2860 1109 2880 2
1120 2861 1142 2881 ι.
1154 2851 1249 2880 etium
1268 2851 1400 2882 tribunis
1416 2852 1519 2893 plebis

858 2893 1043 2933 posteriores
1058 2893 1152 2924 fnisse
1168 2893 1284 2925 scribit.
