1934 3211
149 277 194 309 U.
211 278 249 309 C.
267 286 339 318 335.

148 321 187 351 A.
212 321 249 352 C.
267 328 339 360 417.

149 509 293 540 Vestalis

148 556 298 591 suspecta
314 554 354 583 ob

150 595 275 625 cultum

148 637 311 668 amoenio—

147 689 225 710 rem.

150 795 194 827 U.
212 797 249 827 C.
269 796 340 836 336.

148 839 188 869 A.
214 840 251 869 C.
268 838 340 877 416.

148 882 224 920 Agr.
242 882 354 911 Mene-

147 923 213 960 nio,
225 927 284 955 etc.
299 924 353 955 Tr.

148 966 220 996 Mil.

215 1077 283 1115 45.

147 1200 318 1230 Servorum

146 1242 335 1274 coniuratio.

888 186 1037 230 ΤῙΤΙ
1074 186 1254 230 LIVII

369 277 468 318 ‘uni
509 277 667 319 malum
707 277 925 334 publicum
966 279 1065 320 fiat.'
1141 278 1290 319 Nihilo
1326 276 1568 319 demissiore
1611 275 1765 325 animo,

368 350 499 391 quum
521 335 611 377 dies
626 336 755 385 venit,
771 350 894 377 causa
910 336 998 392 ipse
1015 351 1091 392 pro
1112 350 1155 377 se
1177 336 1302 385 dicta,
1320 335 1604 391 nequicquam
1626 333 1768 375 omnia

368 393 552 448 expertis
569 393 777 443 Patribus,
796 401 844 434 ut
859 393 1101 449 mitigarent
1116 393 1297 449 plebem,
1314 392 1559 449 quindecim
1581 391 1766 432 millibus

368 450 474 490 aeris
496 450 729 491 damnatur.

427 507 592 548 Eodem
614 523 725 548 anno
747 507 976 556 Postumia,
999 507 1116 563 virgo
1135 507 1330 557 Vestalis,
1346 506 1399 548 de
1421 507 1584 547 incestu
1598 520 1765 546 causam

368 564 488 614 dixit,
532 565 705 605 crimine
747 564 948 612 innoxia3
993 565 1045 604 ob
1079 564 1360 619 suspicionem
1396 571 1569 619 propter
1604 562 1764 604 cultum

367 622 650 662 amoeniorem
681 621 985 677 ingeniumque
1016 620 1200 669 liberius,
1234 636 1360 675 quam
1391 621 1597 675 virginem
1628 620 1763 668 decet,

367 694 514 735 parum
547 679 775 719 abhorrens
800 677 964 717 famam.
1029 677 1302 732 Ampliatam,
1330 677 1485 718 deinde
1518 676 1763 725 absolutam,
1781 692 1798 724 7

368 751 444 792 pro
484 735 648 790 collegii
690 734 899 775 sententia
938 734 1129 789 pontifex
1163 734 1371 775 maximus
1404 733 1612 775 abstinere
1649 733 1764 782 iocis,

369 793 533 847 colique
565 800 706 832 sancte
737 791 890 846 potius,
920 806 1048 846 quam
1074 790 1189 840 scite,
1216 791 1346 832 iussit.
1411 790 1575 831 Eodem
1600 805 1711 831 anno
1742 805 1766 831 a

371 848 599 904 Campanis
643 847 820 897 Cumae,
863 862 990 903 quam
1035 847 1188 888 Graeci
1230 856 1320 888 tum
1362 849 1508 888 urbem
1549 848 1797 897 tenebant,8

367 906 600 961 capiuntur.

425 963 659 1019 Insequens
695 978 829 1004 annus
863 964 1052 1004 tribunos
1093 963 1274 1004 militum
1311 963 1518 1005 consulari
1558 971 1764 1020 potestate

365 1020 524 1070 habuit,
575 1021 808 1077 Agrippam
858 1021 1110 1062 Menenium
1160 1021 1385 1070 Lanatum,
1435 1021 1482 1062 P.
1517 1020 1765 1062 Lucretium

365 1078 678 1134 Tricipitinum,
725 1077 794 1134 Sp.
828 1078 1036 1119 Nautium
1080 1078 1285 1119 Rutilum.
1358 1078 1523 1127 Annus,
1564 1077 1796 1128 felicitate9

363 1136 509 1191 populi
528 1135 724 1185 Romani,
740 1135 927 1191 periculo
940 1136 1081 1191 potius
1095 1135 1271 1191 ingenti,
1287 1151 1413 1191 quam
1427 1135 1558 1185 clade,
1574 1134 1761 1190 insignis.

368 1192 557 1242 Servitia,
587 1194 735 1234 urbem
763 1201 811 1233 ut
841 1193 1120 1234 incenderent
1151 1193 1400 1233 distantibus
1427 1193 1542 1242 locis,
1572 1192 1792 1233 conium-1

364 1258 489 1299 runt3
522 1251 766 1306 populoque
789 1250 842 1291 ad
865 1265 988 1306 opem
1018 1250 1171 1306 passim
1192 1250 1409 1291 ferendam
1431 1250 1552 1291 tectis
1583 1249 1762 1299 intento,

363 1316 411 1349 ut
441 1323 579 1349 arcem
608 1308 953 1364 Capitoliumque
983 1308 1130 1348 armati
1159 1316 1426 1363 occuparent.
1490 1306 1659 1348 Avertit
1690 1321 1765 1348 ne-

363 1365 491 1406 fanda
530 1365 703 1406 consilia
743 1364 932 1421 Iupiter:
976 1364 1220 1420 indicioque
1257 1365 1438 1405 duorum
1471 1363 1764 1420 comprehensi

364 1431 506 1463 sontes
547 1437 704 1478 poenas
744 1422 966 1463 dederunt.
1050 1421 1266 1463 Indicibus
1307 1421 1419 1462 dena
1458 1421 1590 1462 millia
1628 1421 1763 1476 gravis

365 1479 484 1528 acris,
504 1494 611 1534 quae
630 1489 719 1519 tum
738 1479 909 1520 divitiae
931 1479 1205 1528 habebantur,
1221 1495 1274 1520 ex
1292 1479 1450 1520 aerario
1472 1486 1702 1527 numerata,
1720 1487 1764 1519 et

364 1536 532 1576 libertas
563 1537 797 1591 praemium
822 1537 912 1577 fuit.
978 1536 1146 1577 Bellum
1177 1537 1277 1577 inde
1304 1537 1355 1577 ab
1385 1536 1550 1592 Aequis
1580 1535 1763 1591 reparari

365 1601 585 1648 coeptum:
621 1601 675 1641 et,
694 1608 822 1633 novos
836 1593 976 1634 hostes
999 1593 1233 1634 Lavicanos
1249 1593 1422 1634 consilia
1435 1608 1532 1634 cum
1552 1593 1764 1634 veteribus

364 1650 552 1706 iungere,
595 1650 709 1690 haud
758 1650 927 1690 incertis
968 1651 1206 1691 auctoribus
1255 1651 1438 1691 Romam
1474 1658 1537 1690 est
1576 1649 1760 1690 allatum.

365 1707 616 1763 Aequorum
648 1707 729 1747 iam
761 1706 876 1747 velut
907 1707 1197 1747 anniversariis
1229 1707 1353 1747 armis
1386 1715 1569 1747 assuerat.
1604 1707 1760 1747 civitas.

366 1763 543 1805 Lavicos
564 1764 690 1819 legati
712 1763 825 1804 missi
848 1779 979 1819 quum
1006 1778 1204 1819 responsa
1228 1764 1328 1804 inde
1350 1763 1590 1803 retulissent
1619 1763 1761 1812 dubia,

365 1822 529 1876 quibus,
553 1836 632 1861 nee
654 1829 744 1861 tum
765 1820 923 1861 bellum
945 1821 1093 1876 parari,
1117 1836 1195 1861 nee
1217 1820 1460 1861 diuturnam
1489 1835 1637 1875 pacem
1659 1820 1760 1869 fore,

364 1887 604 1934 appareret:
640 1877 891 1918 Tusculanis
921 1878 1138 1933 negotium
1165 1877 1323 1926 datum,
1356 1877 1646 1918 ‘adverterent
1673 1877 1763 1917 ani-

366 1941 377 1958 ‘
394 1950 495 1984 mos,
518 1950 570 1975 ne
593 1935 697 1990 quid
718 1934 816 1975 novi
839 1934 1043 1974 tumultus
1065 1934 1230 1974 Lavicis
1251 1933 1455 1975 oriretur?

423 1992 495 2033 Ad
509 1991 769 2047 insequentis
791 1991 890 2031 anni
907 1991 1097 2032 tribunos
1112 1991 1294 2031 militum
1312 1990 1519 2032 consulari
1540 1998 1760 2046 potestate,
1776 2013 1793 2033 2

368 190 452 228 270

1779 555 1795 587 5

1084 2115 1217 2156 oppido,
1234 2115 1392 2147 Chalcide
1415 2116 1560 2155 profecta
1575 2119 1651 2147 erat.
1698 2116 1762 2146 Ve-

450 2119 592 2149 Crz'mine
614 2119 749 2149 innoa‘ia
806 2116 858 2148 Sic
881 2127 917 2147 su
944 2127 966 2147 r.
991 2126 1001 2147 1
1031 2141 1037 2148 .

407 2127 423 2158 5
754 2118 767 2155 ]
920 2127 940 2156 p
1010 2125 1026 2156 5
1084 2159 1178 2198 stigia
1194 2158 1395 2189 Graecorum
1420 2162 1492 2197 post
1512 2157 1763 2197 quadringentos

363 2162 471 2191 insons
494 2162 648 2197 crimine,-
676 2161 747 2190 infr.
773 2160 825 2190 vii.
850 2169 898 2190 20.
922 2160 1040 2190 noxius

1777 589 1798 621 6
1855 568 1858 569 γ

363 2205 508 2240 crimine,
525 2203 587 2233 dici
605 2206 714 2233 monet
732 2202 835 2233 Drak.

406 2245 425 2275 6
452 2247 499 2276 Ol)
514 2247 726 2285 suspicionem
743 2268 749 2275 .
769 2268 776 2274 .
794 2267 800 2274 .
819 2267 826 2274 .
846 2253 966 2283 parum
987 2244 1039 2273 ab-

363 2289 496 2319 horrens
504 2288 649 2326 famam]
664 2288 716 2317 Ab
728 2287 908 2326 suspicione
919 2309 926 2316 .
939 2309 946 2316 .
958 2309 965 2316 .
980 2296 1038 2324 pa-

363 2341 436 2360 rum
456 2331 640 2360 abhorrens.
670 2331 764 2359 Eam.
795 2339 833 2358 ex
854 2327 1039 2358 coniectura

365 2372 520 2402 Gronovii
546 2372 577 2402 in
610 2375 737 2402 textum
768 2369 889 2409 recepit
919 2370 1039 2400 Stroth.

365 2415 428 2444 Sed
455 2415 626 2445 abhorrere
658 2423 731 2444 cum
759 2412 942 2443 accusativo
969 2411 1040 2442 infr.

364 2457 407 2487 xl.
426 2464 475 2495 57.
500 2456 648 2493 occurrit,
671 2461 702 2486 et
722 2466 842 2494 parum
866 2455 1041 2484 abhorrens

356 2500 485 2537 samam
504 2499 556 2528 hic
576 2498 639 2528 dici
657 2498 794 2534 videtur,
810 2500 966 2534 tanquam
985 2506 1040 2535 pa-

365 2551 435 2570 rum
465 2540 589 2570 evitans
617 2549 761 2570 rumores
790 2538 969 2568 hominum.
1001 2537 1039 2568 cf.

366 2582 514 2622 Thucyd.
531 2583 563 2613 ii.
581 2591 630 2621 45.

417 2632 433 2663 7
458 2625 674 2663 Amplialam]
714 2625 884 2662 Ampliare
909 2623 1039 2653 verbum

367 2670 415 2696 est
437 2667 572 2703 forense,
595 2667 681 2704 quod
705 2667 745 2696 de
768 2665 928 2696 iudicibus
951 2664 1039 2694 adhi-

368 2709 471 2745 betur,
487 2719 585 2747 quum
610 2719 677 2738 rem
699 2718 763 2737 non
780 2708 969 2743 decernunt,
985 2707 1041 2736 sed

368 2749 399 2778 in
419 2750 517 2780 alium
536 2750 621 2780 diem
642 2750 806 2786 differunt,
823 2760 885 2788 quo
901 2750 1042 2788 amplius

369 2796 584 2829 cognoscatur.
636 2792 867 2831 Ampliationis
903 2791 1043 2821 formula

368 2836 435 2862 erat
451 2843 515 2861 non
531 2835 638 2872 liquet.
664 2835 804 2864 S‘rnorrr.

412 2874 430 2902 8
448 2874 584 2911 C'mnae]
606 2875 837 2914 Antiquissima
849 2875 929 2906 haec
941 2874 1041 2905 Grae-

369 2924 475 2944 corum
502 2915 533 2943 in
557 2916 653 2944 Italia
676 2917 813 2952 colonia,
829 2918 869 2946 ab
888 2917 1042 2946 Euboeae

1084 2201 1201 2231 abhinc
1225 2211 1326 2231 annos
1348 2200 1379 2230 in
1403 2200 1515 2232 Cumis
1530 2201 1637 2230 adhuc
1654 2210 1762 2240 super-

1085 2246 1185 2274 erant.
1210 2243 1314 2274 Strab.
1340 2254 1367 2273 v.
1392 2253 1423 2282 p.
1449 2252 1520 2282 243.
1547 2243 1618 2273 Liv.
1641 2243 1685 2273 xl.
1710 2252 1761 2281 4²·

1085 2285 1221 2316 Niebhr.
1238 2285 1258 2316 i.
1276 2296 1307 2324 p.
1326 2295 1376 2325 9²-

1126 2337 1145 2368 9
1160 2329 1216 2366 Sp.
1229 2329 1393 2357 Nautium
1408 2328 1573 2364 Rutilum]
1602 2327 1666 2357 Pro
1677 2327 1761 2366 Spu-

1084 2371 1145 2405 rio,
1160 2371 1294 2400 Servius
1316 2379 1368 2408 ap.
1392 2368 1492 2399 Dion.
1510 2368 1590 2399 Exc.
1609 2368 1686 2399 Vat.
1706 2368 1760 2399 xii.

1087 2419 1114 2451 5.
1133 2411 1257 2450 legitur.

1132 2462 1144 2483 1
1169 2454 1327 2490 Servitia]
1359 2453 1457 2482 Hanc
1473 2462 1635 2483 servorum
1653 2453 1760 2483 coniu-

1086 2495 1243 2525 rationem
1273 2494 1374 2525 fusius
1408 2499 1516 2525 narrat
1547 2495 1645 2525 Dion.
1679 2495 1760 2526 Exc.

1088 2538 1163 2568 Vat.
1175 2536 1231 2567 xii.
1245 2544 1272 2576 5.
1297 2537 1317 2552 ‘⁶
1333 2537 1469 2567 Duobus
1490 2536 1649 2567 indicibus
1672 2547 1760 2577 prae-

1084 2579 1185 2609 mium
1225 2579 1355 2609 libertas
1392 2583 1424 2609 et
1465 2579 1589 2617 [mille]
1629 2579 1762 2619 singulis

1085 2622 1257 2652 drachmae
1273 2632 1312 2651 ex
1330 2621 1452 2651 aerario
1468 2622 1563 2651 datae
1579 2624 1687 2652 sunt.”
1720 2622 1761 2652 In

1085 2663 1196 2694 codice
1220 2673 1347 2693 summa
1370 2664 1596 2693 drachmarum
1621 2667 1761 2702 praeter-

1086 2706 1236 2743 mittitur,
1252 2715 1348 2744 quam
1366 2715 1406 2735 ex
1423 2705 1607 2736 coniectura
1630 2715 1687 2736 sua
1705 2706 1759 2736 ad-

1086 2748 1168 2778 didit
1184 2748 1223 2778 A.
1242 2748 1361 2778 Maius.

1130 2800 1146 2820 2
1163 2791 1367 2829 Insequentis
1381 2790 1478 2827 anni]
1503 2789 1578 2819 Hoc
1590 2799 1675 2819 anno
1687 2798 1759 2818 cen-

1086 2842 1171 2862 sores
1194 2832 1292 2862 fuisse
1319 2841 1358 2861 ex
1384 2832 1511 2870 Fragm.
1539 2832 1626 2862 Fast.
1651 2829 1758 2869 Capit.

1088 2878 1186 2913 patet.
1211 2874 1250 2904 cf.
1269 2873 1404 2904 Niebhr.
1420 2873 1452 2904 ii.
1469 2883 1499 2911 p.
1519 2882 1588 2912 391·
