1934 3211
558 181 683 224 LIB.
724 182 780 225 H.
827 182 972 226 CAP.
1012 188 1049 226 8.
1438 187 1489 227 81

106 271 233 330 pandi
258 271 429 313 consilia
454 271 612 322 inisset,
633 281 773 328 gratae
799 272 843 313 in
868 272 1015 329 vulgus
1042 272 1154 329 leges
1181 273 1307 316 fuere.
1373 275 1490 324 Quas
1506 288 1548 319 U.
1565 288 1603 319 C.
1621 297 1692 328 245·

137 343 236 371 uum
251 328 362 370 solus
381 327 630 384 pertulisset,
649 338 695 371 ut
715 345 790 371 sua
820 330 943 371 unius
963 330 1008 371 in
1028 330 1092 372 his
1107 331 1241 387 gratia
1260 342 1379 382 esset,
1398 342 1487 374 tum
1501 331 1540 362 A.
1564 331 1602 363 C.
1619 340 1691 371 507-

135 385 258 428 einde
286 386 456 427 comitia
483 385 666 443 collegae
697 387 961 444 subrogando
988 387 1146 430 habuit.
1210 387 1388 430 Creatus
1415 389 1484 446 Sp.

103 442 325 484 Lucretius
353 443 510 493 consul,
537 444 610 500 qui
640 459 791 501 magno
818 454 932 495 natu,
964 460 1050 487 non
1079 445 1380 488 sufficientibus
1403 447 1486 488 iam

101 499 257 542 viribus
286 499 340 542 ad
369 501 601 543 consularia
629 516 804 544 munera
837 503 1044 553 obeunda,
1075 503 1185 544 intra
1214 519 1367 560 paucos
1397 504 1487 546 dies

101 557 288 600 moritur.
352 557 560 600 Suffectus
580 559 624 600 in
645 559 833 601 Lucretii
853 559 992 602 locum
1018 560 1080 602 M.
1106 560 1306 603 Horatius
1327 561 1487 603 Pulvil-
1499 568 1658 600 Suffectus

71 613 176 656 slus.
237 614 370 672 Apud
396 616 599 672 quosdam
620 626 780 659 veteres
807 627 995 660 auctores
1016 633 1102 660 non
1130 618 1298 660 invenio
1327 618 1485 661 Lucre·
1499 611 1601 659 Bruto
1618 612 1680 674 Pu*

101 671 205 714 tium
225 672 457 715 consulem:
491 673 623 716 Bruto
637 675 775 716 statim
797 674 1021 717 Horatium
1034 685 1274 732 suggerunt.
1329 676 1483 728 Credo,
1497 659 1693 728 ffitffisssm.

99 729 200 786 quia
222 730 338 772 nulla
356 740 474 788 gesta
499 747 565 773 res
592 733 800 789 insignem
819 733 966 776 fecerit
988 734 1262 784 consulatum,
1285 735 1485 777 memoria
1495 740 1569 771 tius.

67 786 369 834 9intercidisse.
432 788 636 830 Nondum
676 790 869 832 dedicata
907 800 995 833 erat
1034 792 1078 832 in
1122 790 1332 848 Capitolio
1372 792 1483 835 Iovis

97 845 233 887 aedes.
294 845 487 888 Valerius
527 846 811 905 Horatiusque
839 849 1028 890 consules
1059 850 1207 899 sortiti,
1238 859 1331 891 uter
1365 850 1483 892 dedi-

98 912 222 945 caret.
296 902 475 946 Horatio
514 914 622 946 sorte
663 906 813 948 evenit.
887 906 1104 948 Publicola
1143 907 1197 948 ad
1237 906 1483 949 Veientium

98 960 255 1003 bellum
293 961 513 1018 profectus.
588 963 783 1019 Aegrius,
826 979 952 1020 quam
991 964 1168 1019 dignum
1207 973 1307 1015 erat,
1349 965 1481 1008 tulere
1494 974 1692 1014 Capitolium

98 1017 256 1060 Valerii
275 1020 508 1070 necessarii,
531 1020 839 1063 dedicationem
861 1031 944 1063 tam
966 1018 1114 1064 incluti
1135 1023 1280 1079 templi
1304 1022 1481 1066 Horatio
1494 1018 1669 1049 dedicatur.

70 1074 198 1118 1dari.
259 1075 311 1118 Id
345 1077 538 1119 omnibus
569 1078 703 1120 modis
735 1079 939 1136 impedire
970 1080 1120 1130 conati,
1152 1089 1373 1137 postquam
1403 1081 1484 1123 alia

65 1133 247 1176 2srustra
276 1143 436 1176 tentata
465 1145 595 1186 erant,
622 1145 784 1193 postem
812 1137 895 1178 iam
925 1138 1082 1179 tenenti
1116 1138 1277 1180 consuli
1312 1139 1482 1180 foedum

95 1191 206 1234 inter
219 1193 501 1249 precationem
517 1193 644 1235 deum
661 1195 857 1236 nuntium
874 1195 1084 1236 incutiunt
1098 1212 1107 1244 ;
1141 1201 1154 1219 ‘
1167 1205 1378 1238 mortuum
1394 1197 1483 1238 eius

66 1263 84 1294 3
98 1254 110 1273 ‘
122 1249 256 1291 filium
276 1264 378 1299 esse,
400 1250 646 1307 funestaque
668 1252 823 1294 familia
842 1252 1035 1294 dedicare
1058 1268 1155 1294 eum
1173 1253 1375 1310 templum
1396 1269 1482 1296 non

97 1307 268 1363 ‘posse.'
329 1307 428 1349 Non
457 1309 682 1350 crediderit
701 1309 870 1360 factum,
893 1325 946 1351 an
972 1319 1133 1352 tantum
1154 1311 1293 1353 animo
1324 1312 1482 1353 roboris

95 1363 235 1415 fuerit,
271 1380 349 1407 nec
390 1365 567 1407 traditur
601 1376 774 1417 certum,
809 1383 885 1409 nec
922 1368 1209 1424 interpretatio
1240 1378 1303 1410 est
1337 1369 1478 1411 facilis.

99 1421 221 1464 Nihil
242 1422 357 1464 aliud
381 1423 434 1464 ad
456 1439 551 1464 eum
578 1425 774 1465 nuntium
796 1440 820 1466 a
849 1425 1061 1481 proposito
1083 1441 1261 1476 aversus,
1282 1441 1408 1482 quam
1435 1436 1481 1467 ut

96 1479 272 1522 cadaver
291 1480 428 1522 efferri
445 1481 618 1531 iuberet,
643 1491 789 1523 tenens
810 1491 984 1538 postem,
1003 1484 1285 1538 precationem
1306 1484 1478 1540 peragit,

96 1547 139 1579 et
158 1536 325 1579 dedicat
346 1538 559 1594 templum.
624 1538 742 1581 Haec
777 1549 857 1581 )ost
878 1549 1045 1582 exactos
1066 1556 1183 1597 reges
1204 1541 1317 1583 domi
1339 1541 1480 1583 militi-

65 1602 228 1652 4aeque
262 1604 379 1652 gesta
413 1595 547 1652 primo
580 1612 702 1639 anno.
789 1597 871 1639 nde
908 1597 955 1639 P.
995 1597 1187 1640 Valerius
1223 1600 1388 1649 iterum,
1427 1599 1476 1641 T.

64 1642 82 1672 ⁵
95 1652 316 1695 Lucretius
337 1653 527 1696 consules
547 1654 655 1696 facti.

94 1833 194 1865 cuivis
206 1834 339 1876 impune
351 1836 495 1867 occidere
511 1835 636 1867 licebat.
672 1837 765 1868 Bona

857 1847 874 1876 3
903 1839 1109 1878 Funestaque
1132 1838 1282 1876 santilia]
1336 1839 1478 1870 Funesta

94 1876 162 1908 eius
175 1876 440 1916 divendebantur,
454 1890 492 1910 ac
508 1879 645 1919 pecunia
660 1890 699 1910 ex
717 1879 765 1910 his

799 1880 933 1919 familia
956 1880 1122 1911 dicebatur
1143 1881 1310 1920 tantisper,
1328 1881 1404 1911 dum
1429 1892 1477 1912 ca-

94 1919 223 1951 redacta
244 1921 352 1953 Cereri
375 1932 465 1953 sacra.
484 1926 561 1953 erat.
598 1922 672 1954 Vid.
694 1922 763 1954 Liv.

94 1961 136 1994 iii.
154 1971 203 2003 55.
228 1963 325 1996 Dion.
343 1964 382 1995 vi.
399 1965 449 2006 89.
471 1965 577 1996 (ἷκεν.

135 2005 156 2036 8
177 2007 278 2047 Apud
301 2008 468 2048 quosdam]
507 2007 558 2038 De
583 2008 765 2038 consulibus

93 2047 188 2079 huius
209 2048 285 2079 anni
308 2049 386 2080 mire
407 2050 588 2089 discrepant
610 2055 764 2081 auctores.

95 2090 136 2122 In
159 2090 286 2122 foedere
309 2092 458 2131 Carthag.
482 2103 533 2132 ap.
561 2093 629 2123 l’ol.
654 2092 695 2123 iii.
713 2103 762 2123 22.

96 2132 232 2164 Brutum
260 2140 293 2165 et
318 2135 490 2165 Horatium
518 2136 664 2165 consules
691 2135 763 2173 legi-

95 2185 176 2207 mus.
221 2176 333 2207 Fastos
364 2188 488 2217 prorsus
516 2177 596 2208 alios
624 2178 765 2217 sequitur

96 2218 218 2257 Livius,
239 2219 320 2250 alios
344 2219 440 2251 Dion.
474 2221 513 2251 cf.
533 2219 665 2251 Nieblir.
691 2220 709 2251 i.
733 2231 762 2260 p.

95 2269 167 2301 527.

136 2314 156 2351 9
178 2305 327 2336 Nondum
351 2306 512 2344 dedicata]
553 2306 766 2336 consecratus

94 2347 224 2387 quldem
249 2348 337 2378 locus
351 2348 421 2378 ιιι-(Η
439 2349 457 2379 i.
476 2357 524 2387 55.
548 2349 602 2378 sed
620 2350 761 2379 nondum

94 2389 243 2421 dedicata
253 2391 349 2421 aedes
363 2391 440 2422 lovi.
477 2392 763 2427 Quemadmodum

95 2437 202 2463 nutem
229 2444 412 2465 comccrure
438 2440 484 2464 est
508 2446 525 2464 e
558 2435 689 2474 profano
718 2445 764 2465 κει-

97 2483 185 2506 cmm
208 2476 322 2511 facere.
345 2476 389 2507 ita
411 2478 556 2508 dedicare
582 2476 681 2507 verbis
705 2478 766 2508 deo

98 2515 174 2547 dare
194 2521 290 2557 atque
312 2519 427 2550 dicare.
472 2519 678 2551 Come-ennio
700 2530 764 2550 om-

101 2568 174 2589 nem
196 2569 286 2591 usum
311 2563 476 2601 profanum
497 2562 593 2599 tollit,
608 2563 766 2593 dedicatio

103 2610 193 2631 uuum
208 2611 330 2634 ”cmm
347 2604 491 2635 instituit.
517 2605 657 2636 Sruorn.

151 2652 160 2673 1
187 2644 323 2677 Horatio
335 2648 425 2684 dar-i]
455 2648 552 2683 Quod
578 2647 704 2678 llomtii
727 2659 765 2677 ex

104 2687 277 2718 minoribus
297 2691 444 2727 patribus
458 2694 571 2722 canent.
598 2689 730 2721 Niebhr.
748 2691 766 2722 i.

147 2781 162 2802 2
183 2773 303 2802 Γασίων,
317 2774 378 2803 inm
392 2776 509 2805 tenenti
521 2777 640 2805 emt-mli
653 2777 659 2812 Ι
673 2775 701 2806 Τ
703 2786 765 2805 em-

102 2813 146 2854 pli
163 2816 247 2853 quod
265 2815 445 2853 ‹lt-dicabat,
463 2821 594 2856 pontem.
636 2817 763 2847 Etenim

101 2862 135 2887 ut
157 2857 201 2887 nit
225 2857 293 2889 sic.
320 2869 375 2898 pro
402 2859 496 2890 Hom.
521 2860 570 2897 46,
599 2863 619 2875 ⁸·
637 2860 763 2890 l'ontem

98 2899 198 2930 tum-ri
223 2900 252 2930 in
277 2901 478 2932 ‹ivan-utinm·
497 2908 643 2941 oportere
662 2903 767 2932 siclt-or

96 2942 223 2973 audim-
240 2944 387 2982 templi.''

153 2998 248 3025 vm..
274 2999 298 3026 1.

808 1923 905 1953 darer
916 1923 1085 1954 humatum
1099 1933 1161 1953 non
1175 1928 1268 1959 esset,
1281 1934 1384 1963 neque
1396 1924 1479 1954 iusta

808 1966 979 2006 persoluta.
1022 1966 1118 2005 Apud
1132 1966 1245 2005 virgil.
1259 1967 1338 1997 Aen.
1354 1966 1393 1997 vi.
1411 1976 1477 2005 150.

810 2008 955 2039 Misenus
971 2009 1151 2048 insepultus
1165 2013 1259 2039 totam
1277 2032 1285 2040 .
1298 2033 1305 2039 .
1323 2033 1331 2041 .
1346 2011 1478 2040 incestat

800 2051 924 2089 sunere
939 2053 1077 2082 classem.
1104 2052 1210 2082 CREV.

851 2106 869 2132 4
894 2095 1004 2124 Primo
1018 2094 1120 2131 anno]
1144 2093 1254 2124 Livius
1269 2093 1397 2133 quidem
1419 2094 1476 2124 Po-

810 2136 930 2175 lybium
964 2145 1062 2175 usque
1091 2136 1131 2166 ad
1164 2136 1284 2166 bellum
1319 2136 1476 2166 Punicum

809 2178 948 2217 neglexit
966 2178 1039 2208 licet
1055 2180 1247 2209 “auctorem
1265 2178 1296 2208 in
1312 2178 1477 2218 exquiren-

808 2220 856 2251 dis
868 2221 1065 2260 temporibus
1076 2221 1344 2260 diligentiorem.''
1363 2221 1477 2253 cflCic.

809 2264 849 2293 de
866 2263 906 2294 R.
924 2263 954 2293 ii.
977 2273 1022 2302 15.
1070 2264 1108 2294 In
1125 2264 1251 2295 foedere
1270 2263 1354 2294 enim
1378 2264 1478 2303 primo

809 2305 1119 2343 (¹22rt1111giniensiun1
1147 2316 1220 2336 cum
1246 2307 1402 2337 Romanis
1424 2317 1477 2336 no-

808 2348 951 2379 minatim
964 2349 1172 2379 invenimusA
1178 2350 1313 2385 rdeutes,
1322 2349 1479 2385 Antiates,

809 2391 995 2426 Laurentes.
1005 2391 1213 2428 Circeienses,
1224 2391 1479 2429 'serm-inermes,

809 2439 905 2473 atque
924 2434 1109 2465 Latinorum
1126 2434 1179 2474 qui
1203 2435 1261 2464 sub
1277 2434 1397 2465 ditione
1414 2435 1478 2466 Ro-

811 2487 976 2507 manorum
1003 2481 1105 2512 erunt,
1131 2487 1253 2507 necnon
1279 2477 1332 2516 qui
1364 2477 1394 2507 in
1422 2488 1478 2507 nun

812 2524 979 2559 potestate.
1030 2520 1125 2550 Unde
1144 2519 1339 2550 Niebuhriun
1360 2520 1477 2551 Romn-

811 2573 922 2592 norum
954 2562 1107 2592 ditionem
1143 2567 1218 2592 mite
1251 2563 1370 2592 bellum
1404 2563 1477 2593 Por-

811 2616 928 2635 sennae
957 2605 1127 2635 Etruscum
1157 2605 1308 2635 lntiwime
1340 2606 1478 2645 patuisse

813 2647 970 2684 intelligit.

855 2700 872 2728 5
896 2691 1034 2727 Herum}
1061 2690 1092 2720 Si
1106 2690 1234 2729 quidem
1254 2690 1330 2720 tides
1345 2691 1479 2731 Polybio

812 2732 853 2763 iii.
872 2742 920 2763 22.
945 2733 1050 2762 dimdn
1073 2738 1132 2769 ent,
1155 2732 1218 2763 lieri
1244 2738 1345 2772 potent
1369 2738 1403 2764 ut
1427 2734 1478 2765 hic

814 2775 933 2814 primus
952 2774 1070 2805 Valerii
1088 2776 1271 2806 consulatus
1292 2776 1343 2813 uit.
1358 2776 1479 2817 quippe

811 2827 871 2847 non
895 2817 993 2847 ulium
1011 2828 1191 2857 «pienqunm
1217 2818 1357 2850 invenies
1379 2829 1478 2859 usque

809 2860 847 2889 nd
880 2860 1077 2890 decennii-um
1106 2861 1158 2900 qni
1195 2861 1275 2891 duos
1311 2861 1479 2893 continuos

811 2903 994 2933 consulatus
1008 2903 1147 2940 gesserit.
1174 2903 1306 2936 Nil-bhr.
1319 2905 1351 2936 ii.
1366 2915 1395 2944 p.
1408 2915 1477 2944 334.

1225 3001 1250 3028 G
