1934 3211
417 184 500 221 200
934 178 1081 221 TITI
1123 178 1301 223 LIVII

205 287 302 317 uc,
322 295 391 325 305·
420 284 549 326 prope
591 270 890 326 interemptum
932 270 976 310 in
1013 269 1205 311 exsilium
1247 270 1378 310 abisse
1416 269 1617 318 dicerent,
1654 281 1808 324 perpu-

202 330 241 360 A·
266 329 394 368 0447·
422 327 574 377 lerunt,
604 335 652 367 ut
683 327 737 368 ad
769 342 883 367 arma
914 327 1257 377 conclamaretur,
1286 326 1572 381 vellerentque
1604 326 1734 381 signa,
1766 333 1810 366 et

425 384 608 425 Romam
629 383 1002 440 proficiscerentur.
1066 383 1306 425 Decemviri
1327 383 1449 424 simul
1471 383 1547 432 his,
1566 397 1672 438 quae
1693 381 1810 422 vide·-

421 441 534 490 bant,
566 441 689 481 simul
722 441 798 490 his,
832 456 939 496 quae
973 449 1064 481 acta
1098 441 1259 481 Romae
1297 440 1528 489 audierant,
1563 438 1808 495 perturbati,

421 498 526 538 alius
556 498 600 538 in
631 498 753 538 aliam
783 507 943 553 partem
975 506 1216 546 castrorum,
1239 497 1292 537 ad
1322 496 1528 537 sedandos
1559 505 1695 537 motus
1726 495 1811 535 dis-

422 563 619 595 currunt:
645 564 687 595 et
706 555 859 595 leniter
879 554 1098 609 agentibus
1119 567 1364 609 responsum
1386 568 1472 593 non
1493 552 1706 594 redditur:
1731 552 1810 592 im-

421 612 586 667 perium
622 612 656 652 si
691 611 785 666 quis
821 611 1042 659 inhiberet,
1083 616 1154 650 ‘et
1189 609 1298 650 viros
1333 619 1376 650 et
1411 618 1588 650 armatos
1621 624 1664 650 se
1695 609 1810 658 esse,'

207 674 378 722 Exercitus
422 668 708 724 respondetur.
773 667 890 707 Eunt
920 667 1085 722 agmine
1117 666 1171 707 ad
1201 667 1361 715 urbem,
1384 675 1428 707 et
1449 666 1712 707 Aventinum
1743 665 1809 705 in-

207 720 404 790 'Avep-pnum
422 726 592 773 sidunt3
636 733 684 765 ut
724 724 902 779 quisque
944 731 1193 772 occurrerat,
1235 723 1402 778 plebem
1443 722 1496 763 ad
1536 721 1809 778 repetendam

206 769 324 790 msm.
422 783 657 823 libertatem
687 780 973 836 creandosque
1011 780 1200 820 tribunos
1229 779 1363 835 plebis
1398 779 1692 820 adhortantes:
1731 778 1812 820 alia

422 854 502 879 vox
524 837 638 878 nulla
658 837 841 878 violenta
861 837 1005 878 audita
1024 847 1097 877 est.
1121 842 1126 846 “
1160 836 1362 878 Senatum
1387 835 1637 892 Sp.{Oppius
1657 836 1807 877 habet:

423 895 528 935 nihil
549 894 687 950 placet
712 909 854 950 aspere
885 894 973 950 agi:
1009 894 1165 949 quippe
1197 894 1248 934 ab
1279 894 1379 949 ipsis
1406 893 1551 934 datum
1579 893 1719 934 locum
1746 908 1810 934 se-

424 952 594 992 ditionis
627 967 727 992 esse.
791 951 1025 992 Mittuntur
1058 959 1140 991 tres
1173 950 1299 1006 legati
1332 950 1581 999 consulares,
1617 949 1685 1006 Sp.
1706 949 1811 991 Tar-

423 1009 554 1064 peius,
601 1008 649 1049 C.
684 1008 829 1058 Iulius,
871 1008 919 1049 P.
957 1007 1178 1063 SulpiciuS,
1221 1008 1295 1062 qui
1345 1015 1595 1063 quaererent
1643 1014 1811 1048 senatus

423 1066 570 1116 verbis,
615 1066 757 1106 ‘cuius
797 1066 912 1106 iussu
951 1073 1085 1105 castra
1124 1065 1433 1105 deseruissent?
1478 1073 1551 1105 aut
1590 1063 1694 1119 quid
1733 1063 1811 1104 sibi

425 1130 434 1146 ⁶
453 1122 621 1172 vellent,
664 1123 738 1178 qui
779 1122 926 1162 armati
967 1121 1230 1162 Aventinum
1273 1121 1564 1162 obsedissent?
1613 1120 1810 1176 belloque

425 1189 434 1203 ⁴
453 1195 594 1221 averso
617 1180 668 1220 ab
689 1180 878 1220 hostibus
899 1179 1076 1234 patriam
1098 1193 1215 1219 suam
1236 1178 1491 1233 cepissent?
1542 1177 1644 1219 Non
1661 1177 1808 1227 defuit,

423 1237 527 1292 quid
560 1236 906 1292 responderetur:
946 1235 1102 1284 deerat,
1135 1235 1208 1290 qui
1239 1235 1356 1276 daret
1385 1249 1642 1290 responsum,
1675 1234 1812 1276 nullo-

423 1294 525 1333 dum
553 1303 666 1335 certo
695 1294 815 1342 duce,
838 1308 916 1334 nec
946 1294 1043 1333 satis
1072 1292 1322 1333 audentibus
1352 1291 1525 1347 singulis
1555 1291 1737 1332 invidiae
1767 1306 1810 1332 se

425 1351 583 1391 offerre.
648 1351 698 1391 Id
727 1350 851 1391 modo
875 1365 899 1390 a
919 1349 1190 1390 multitudine
1219 1348 1525 1390 conclamatum
1553 1357 1628 1398 est,
1662 1354 1675 1372 ‘
1690 1357 1737 1389 ut
1758 1348 1808 1389 L.

427 1413 436 1429 ‘
454 1406 669 1448 Valerium
691 1416 733 1448 et
755 1407 816 1448 M.
834 1407 1058 1447 Horatium
1080 1406 1133 1446 ad
1154 1421 1196 1447 se
1218 1406 1458 1446 mitterent:
1493 1405 1557 1446 his
1577 1420 1620 1446 se
1641 1405 1812 1446 daturos

278 1474 343 1511 51,
427 1470 438 1487 ‘
454 1465 724 1519 responsum.’
784 1463 978 1504 Dimissis
998 1463 1156 1519 legatis,
1180 1462 1378 1504 admonet
1406 1462 1558 1503 milites
1578 1461 1809 1518 Virginius,

427 1527 437 1543 ⁶
455 1521 497 1560 in
519 1536 561 1561 re
583 1536 669 1561 non
698 1521 879 1560 maxima
905 1520 1045 1575 paullo
1074 1529 1170 1561 ante
1200 1519 1453 1575 trepidatum
1475 1534 1575 1568 esse,
1598 1519 1699 1574 quia
1721 1518 1810 1560 sine

427 1578 588 1633 ‘capite
625 1577 852 1617 multitudo
882 1577 1033 1617 fuerit:
1077 1591 1421 1632 responsumque,
1453 1591 1695 1632 quanquam
1725 1591 1812 1617 non

426 1642 436 1657 ‘
454 1634 669 1683 inutiliter,
692 1633 862 1674 fortuito
888 1642 1028 1673 tamen
1053 1634 1183 1688 magis
1208 1648 1426 1683 consensu,
1449 1648 1575 1688 quam
1597 1632 1811 1673 communi

426 1690 626 1731 ‘consilio
661 1705 761 1731 esse.
836 1689 1007 1730 Placere
1044 1689 1191 1730 decem
1227 1690 1370 1738 creari,
1408 1691 1481 1745 qui
1523 1704 1708 1730 summae
1749 1689 1810 1730 rei

208 1767 342 1796 'sribum
426 1755 436 1771 ‘
453 1756 704 1803 praeessent,
723 1746 975 1801 militarique
993 1746 1150 1787 honore
1174 1746 1361 1786 tribunos
1382 1746 1564 1786 militum
1585 1745 1811 1801 appellari.‘

207 1809 356 1839 militum.
427 1805 573 1852 Quum
601 1804 651 1845 ad
682 1819 778 1844 eum
807 1804 944 1858 ipsum
971 1803 1153 1858 primum
1186 1803 1219 1842 is
1252 1802 1384 1843 honos
1409 1802 1652 1851 deferretur,
1686 1807 1697 1825 ‘
1714 1801 1810 1843 Me-

426 1870 435 1884 ‘
453 1861 624 1902 lioribus
653 1861 755 1901 meis
783 1860 1011 1914 vestrisque
1040 1860 1164 1900 rebus
1192 1860 1423 1909 reservate,'
1445 1859 1595 1915 inquit,
1631 1859 1737 1900 ‘ista
1755 1859 1809 1901 de

426 1925 435 1941 ‘
453 1933 518 1959 me
541 1917 704 1958 iudicia.
769 1916 862 1957 Nec
887 1916 992 1956 mihi
1013 1916 1098 1956 filia
1122 1915 1255 1956 inulta
1282 1916 1486 1956 honorem
1507 1916 1639 1957 ullum
1661 1916 1810 1956 iucun-

425 1981 434 1997 ‘
453 1975 554 2014 dum
576 1989 663 2015 esse
689 1974 872 2029 patitur3
906 1988 984 2013 nec
1017 1973 1060 2013 in
1093 1973 1334 2028 perturbata
1363 1973 1576 2028 republica
1605 1988 1676 2013 eos
1706 1972 1809 2014 utile

425 2038 434 2053 ⁶
452 2040 513 2071 est
545 2045 732 2086 praeesse
768 2030 897 2078 vobis,
935 2030 1008 2084 qui
1043 2029 1225 2085 proximi
1261 2029 1442 2070 invidiae
1479 2030 1572 2070 sint.
1639 2029 1683 2070 Si
1715 2029 1810 2085 quis

425 2094 434 2111 ‘
452 2102 549 2127 usus
571 2088 653 2128 mei
675 2095 748 2137 est,
766 2086 898 2126 nihilo
920 2086 1057 2127 minor
1077 2101 1130 2126 ex
1151 2086 1311 2141 privato
1328 2086 1541 2140 capietur.'
1581 2085 1646 2126 Ita
1661 2085 1809 2126 decem

422 2159 597 2184 numero
619 2144 808 2184 tribunos
829 2142 1028 2183 militares
1048 2151 1202 2183 creant.

209 2213 317 2241 Motus
334 2213 364 2242 in
479 2200 634 2255 Neque
656 2201 700 2240 in
724 2199 888 2240 Sabinis
909 2199 1069 2254 quievit
1089 2200 1309 2240 exercitus.
1358 2199 1421 2240 Ibi
1440 2214 1622 2254 quoque,
1640 2208 1808 2241 auctore

205 2254 313 2310 :uteris
329 2265 392 2285 cas-
422 2256 540 2297 Icilio
563 2255 903 2310 Numitorioque,
926 2255 1101 2296 secessio
1132 2256 1183 2295 ab
1211 2255 1457 2296 decemviris
1487 2255 1595 2297 facta
1625 2265 1700 2306 est,
1721 2271 1809 2297 non

207 2301 267 2326 ¹¹¹*
422 2314 580 2353 minore
617 2323 735 2352 motu
770 2312 1004 2351 animorum
1041 2310 1165 2352 Siccii
1198 2311 1336 2352 caedis
1369 2312 1571 2360 memoria
1602 2320 1806 2362 revocata,

422 2384 548 2424 quam
570 2384 697 2424 quem
717 2382 825 2408 nova
846 2367 954 2408 fama
974 2367 1027 2407 de
1049 2368 1209 2422 virgine
1239 2368 1343 2408 adeo
1364 2368 1486 2408 foede
1515 2368 1568 2408 ad
1590 2368 1807 2409 libidinem

420 2426 551 2480 petita
572 2424 829 2465 accenderat.
893 2423 1034 2464 Icilius
1056 2424 1127 2464 ubi
1156 2424 1327 2472 audivit,
1351 2424 1539 2464 tribunos
1561 2423 1742 2464 militum
1762 2425 1807 2466 in

421 2481 636 2522 Aventino
658 2489 831 2528 creatOS,
853 2494 906 2520 ne
928 2480 1193 2521 comitiorum
1215 2479 1456 2520 militarium
1477 2481 1807 2536 praerogativam

419 2604 568 2639 alterum,
598 2603 651 2641 qui
688 2603 745 2633 hos
781 2603 813 2632 in
854 2606 956 2632 eastra
991 2602 1090 2632 secuti
1182 2611 1192 2631 1
1219 2603 1503 2640 Praeroyativam]
1551 2602 1584 2632 N
1589 2611 1629 2632 on
1667 2602 1808 2641 proprio,

419 2646 557 2681 fuerant,
595 2650 638 2681 et,
671 2655 770 2683 quum
810 2644 981 2683 imperium
1024 2644 1089 2674 De—
1135 2645 1190 2674 sed
1234 2644 1388 2674 translato
1432 2654 1525 2674 sensu
1568 2643 1806 2682 accipiendum,

421 2687 593 2716 cemvirale
625 2687 654 2715 vi
687 2687 805 2716 victum
841 2686 1002 2722 vidissent,
1036 2697 1089 2716 au-
1135 2685 1256 2724 quippe
1295 2686 1401 2715 adhuc
1437 2687 1666 2725 praeroyativa
1703 2687 1807 2716 tribus

419 2732 528 2763 ¹mentes
547 2728 714 2758 mendacio
735 2738 813 2763 rem,
831 2728 927 2758 etiam
946 2728 1089 2767 Appium
1135 2738 1198 2757 non
1223 2727 1256 2756 in
1281 2737 1374 2757 usum
1401 2731 1537 2758 venerat.
1584 2726 1651 2757 Hic
1674 2726 1803 2766 quidem

420 2769 450 2797 in
482 2770 614 2799 exilium
644 2770 758 2800 abiisse
787 2770 959 2800 iactabant.
1015 2770 1089 2799 Par·
1134 2770 1174 2799 de
1190 2771 1274 2799 bono
1290 2769 1408 2805 omine,
1421 2769 1486 2799 sive
1501 2772 1587 2799 certo
1603 2768 1692 2807 signo
1707 2773 1804 2807 atque

420 2810 534 2838 ticulas
564 2822 661 2849 quum
687 2835 693 2842 .
712 2836 718 2842 .
739 2836 744 2842 .
763 2835 769 2841 .
795 2813 892 2841 simul
925 2822 963 2841 eo
997 2822 1089 2841 sensu
1135 2811 1253 2841 indicio
1264 2810 1307 2840 rei
1320 2815 1491 2840 eventurae
1507 2810 1706 2849 intelligitur.
1737 2809 1801 2839 An-

419 2851 536 2888 accipit
554 2852 745 2887 Gronovius,
767 2864 829 2891 quo
855 2854 948 2889 vulgo
974 2853 1090 2883 dicitur
1134 2853 1216 2890 glicc·
1229 2854 1408 2891 precedent.
1432 2853 1470 2883 cf.
1488 2852 1555 2884 Cic.
1568 2852 1599 2882 in
1613 2851 1703 2881 Verr.
1720 2850 1740 2880 i.
1757 2859 1787 2889 9.

419 2903 514 2930 quum
534 2916 539 2922 .
559 2916 565 2922 .
584 2916 589 2922 .
608 2917 614 2923 .
632 2899 707 2923 tum.
736 2896 839 2924 CREV.
