1934 3211
523 133 649 176 LIB.
666 108 772 181 ''111.
819 119 966 174 oAP.
1009 136 1073 175 10.
1415 137 1494 179 157

101 227 260 283 ‘redigi
280 224 410 266 mala:
445 239 586 281 neque
607 224 727 265 illum
747 239 791 265 se
812 223 1044 280 deprecari,
1067 239 1152 280 quo
1173 226 1314 268 minus
1333 236 1494 284 pergat,
1511 239 1555 273 U.
1572 240 1611 272 c.
1628 250 1701 282 292.

101 289 175 326 ‘ut
193 282 388 338 coeperit.
451 281 567 331 Vos,'
587 282 728 338 inquit
748 281 915 331 Fabius,
941 282 1094 323 ‘ceteri
1120 282 1292 333 tribuni,
1315 299 1494 335 oramus,
1508 284 1549 315 Α·
1573 284 1612 316 C.
1629 283 1701 322 460·

101 346 174 382 ‘ut
193 339 376 396 primum
398 339 587 381 omnium
609 339 815 395 cogitetis,
839 347 1091 395 potestatem
1120 339 1243 381 istam
1273 340 1327 381 ad
1351 342 1497 398 singu-

101 397 261 438 ‘lorum
283 396 502 446 auxilium,
519 411 607 438 non
628 396 682 437 ad
703 396 933 453 perniciem
955 396 1258 446 universorum,
1281 412 1499 454 compara-

100 459 210 496 ‘tam
232 468 344 495 esse:
373 455 564 495 tribunos
585 453 720 510 plebis
735 468 807 495 vos
828 462 1001 503 creatOS,
1020 469 1107 495 non
1129 453 1270 495 hostes
1286 455 1494 497 Patribus.

99 510 263 553 ‘Nobis
293 511 505 561 miserum,
532 511 787 553 invidiosum
813 511 930 552 vobis
961 520 1036 561 est,
1059 511 1267 553 desertam
1299 513 1500 569 rempub-

100 568 246 610 ‘licam
269 569 422 610 invadi.
487 568 589 610 Non
611 569 675 610 ius
696 578 894 618 vestrum,
912 568 987 610 sed
1008 569 1223 619 invidiam,
1246 569 1496 612 minueritis.

99 626 255 681 ‘Agite
277 641 373 668 cum
396 626 569 682 collega,
592 635 640 667 ut
661 642 749 668 rem
773 627 981 682 integram
1012 626 1057 667 in
1087 626 1316 668 adventum
1346 642 1500 668 consu-

100 683 210 724 ‘lum
248 683 425 726 differat.
490 683 558 725 Ne
592 684 735 740 Aequi
767 684 942 740 quidem
975 699 1023 725 ae
1056 683 1214 734 VoLsci‚
1247 685 1394 726 morbo
1426 686 1500 727 ab-

100 741 300 797 ‘sumptis
328 742 466 798 priore
496 757 607 783 anno
629 741 883 791 consulibus,
905 741 1067 783 crudeli
1088 743 1354 798 superboque
1376 743 1499 784 nobis

100 798 236 841 ‘bello
257 799 474 841 institere.'
522 799 672 855 Agunt
693 814 788 841 cum
808 799 847 840 T
850 799 1249 840 erentillotribuni:
1284 799 1499 856 dilataque

97 857 142 897 in
171 856 354 913 speciem
385 857 563 907 actione,
586 872 630 898 re
662 857 752 913 ipsa
782 856 957 907 sublata,
981 857 1174 898 consules
1195 857 1411 914 extemplo
1433 872 1500 899 ar-

98 914 248 955 cessiti.

155 971 382 1014 Lucretius
405 987 502 1014 cum
530 972 695 1028 ingenti
725 971 893 1028 praeda,
916 972 1073 1013 maiore
1105 972 1238 1013 multo
1268 972 1402 1027 gloria
1432 987 1498 1014 re-

98 1028 201 1069 diit:
235 1038 278 1070 ct
298 1039 424 1086 auget
449 1029 624 1086 gloriam
647 1028 888 1079 adveniens,
912 1029 1104 1085 exposita
1125 1030 1241 1070 omni
1272 1031 1315 1070 in
1347 1045 1498 1086 campo

98 1085 256 1127 Martio
277 1087 445 1142 praeda,
470 1097 517 1128 ut
537 1102 658 1128 suum
681 1087 860 1143 quisque
883 1102 958 1143 per
979 1087 1165 1128 triduum
1188 1087 1405 1144 cognitum
1427 1088 1500 1129 ab·

65 1143 283 1185 ⁴duceret.
349 1144 534 1200 Reliqua
560 1143 745 1194 vendita,
776 1145 928 1200 quibus
964 1144 1126 1185 domini
1162 1160 1249 1185 non
1285 1145 1497 1186 exstitere.

98 1200 348 1243 Debebatur
369 1203 559 1243 omnium
581 1217 788 1243 consensu
805 1201 967 1243 consuli
986 1202 1247 1258 triumphus:
1277 1203 1352 1243 sed
1369 1202 1501 1244 dilata

98 1274 164 1299 res
185 1267 260 1308 est,
283 1259 453 1300 tribuno
474 1259 527 1300 de
557 1259 648 1315 lege
671 1269 833 1315 agente.
896 1259 948 1300 ld
974 1259 1188 1315 antiquius
1219 1259 1380 1300 consuli
1405 1260 1497 1300 fuit.

99 1315 257 1357 lactata
277 1332 353 1373 per
373 1317 534 1373 aliquot
554 1317 644 1358 dics
665 1332 796 1372 quum
828 1316 873 1357 in
903 1326 1052 1357 senatu
1073 1331 1150 1366 res,
1174 1325 1264 1357 tum
1287 1317 1340 1357 ad
1365 1332 1501 1373 popu-

98 1373 185 1414 lum
217 1383 290 1415 est.
356 1374 494 1416 Cessit
525 1374 579 1416 ad
612 1374 807 1415 ultimum
842 1374 1047 1415 maiestati
1077 1374 1260 1414 consulis
1292 1374 1499 1423 tribunus,

98 1440 141 1472 et
162 1431 347 1473 destitit:
382 1441 471 1473 tum
494 1432 734 1488 imperatori
756 1431 1047 1486 exercituique
1079 1431 1213 1472 honos
1238 1431 1501 1472 suus‘reddi-

67 1495 177 1530 Stus.
240 1489 537 1546 Triumphavit
569 1489 622 1530 de
657 1488 822 1529 Volscis
850 1488 1126 1544 Aequisque:
1167 1488 1499 1545 triumphantem

65 1548 264 1588 6secutae
286 1562 383 1588 suae
405 1547 603 1603 legiones.

98 1604 301 1646 militibus
331 1604 478 1645 urbem
510 1604 646 1645 iniret.
711 1603 841 1645 Anno
873 1603 1029 1645 deinde
1061 1604 1303 1661 insequenti
1325 1604 1394 1646 lex
1416 1604 1456 1646 T
1457 1620 1501 1646 e-

64 1670 85 1714 ,7
97 1661 275 1711 remilla,
298 1662 349 1702 ab
371 1671 460 1703 toto
481 1661 613 1703 relata
633 1661 822 1717 collegio,
846 1677 976 1703 novos
997 1677 1190 1717 aggressa
1210 1662 1403 1704 consules
1425 1671 1497 1705 est.

99 1718 231 1761 Erant
266 1719 458 1761 consules
490 1719 537 1761 P.
572 1719 841 1768 Volumnius,
879 1718 965 1760 Ser.
1001 1718 1224 1776 Sulpicius.
1289 1719 1353 1761 Eo
1389 1735 1501 1761 anno

97 1776 262 1818 coelum
299 1777 445 1818 ardere
478 1777 638 1826 visum3
677 1786 788 1818 terra
824 1777 987 1832 ingenti
1023 1792 1225 1819 concussa
1260 1788 1378 1819 motu
1413 1787 1498 1819 cst:

97 1833 248 1876 bovem
271 1834 476 1884 locutam?
491 1835 559 1876 cui
582 1835 640 1876 rei
668 1835 805 1891 priore
828 1850 939 1875 anno
962 1834 1066 1876 fides
1087 1850 1174 1876 non
1196 1835 1343 1885 fuerat,
1366 1835 1503 1877 credi-

66 1900 200 1934 8tum.
263 1891 381 1934 Inter
401 1892 482 1934 alia
502 1892 695 1949 prodigia
724 1901 767 1933 et
797 1907 967 1933 carnem
999 1892 1130 1948 pluit:
1165 1908 1292 1948 quem
1323 1893 1501 1934 imbrem

140 2042 159 2069 4
182 2031 339 2071 Reliqua]
367 2041 409 2060 nc.
429 2030 583 2066 praedae,
605 2029 635 2059 in
661 2034 775 2060 neutro

99 2073 230 2112 plurali,
246 2078 280 2102 ut
297 2074 423 2113 reliqrm
440 2073 524 2103 belli.
538 2072 580 2102 ix.
601 2071 645 2102 16.
666 2072 775 2102 Μυκη.

142 2124 159 2154 5
188 2116 429 2155 Triumptmvit]
462 2115 562 2144 Hune
586 2125 653 2144 esse
677 2126 694 2144 e
719 2125 775 2144 nu-

99 2168 187 2188 mero
203 2158 355 2188 salmrum
381 2157 511 2187 istorum
537 2156 775 2196 triumphorum

98 2211 179 2239 quos
195 2200 263 2231 Cic.
280 2200 311 2230 in
338 2200 417 2230 libro
440 2210 497 2229 nuo
519 2200 558 2229 ‹le
580 2200 667 2230 Clnr.
685 2202 775 2230 Orat.

103 2242 149 2274 16.
175 2243 370 2282 perstringit,
394 2247 501 2272 censet
528 2242 662 2272 Niebhr.
689 2241 719 2272 ii.
746 2253 776 2281 p.

98 2292 170 2324 252.
204 2287 318 2322 Quum
336 2285 420 2315 enini
441 2285 527 2315 Fasti
546 2285 776 2324 Triumphales

97 2329 243 2365 tandem,
262 2329 410 2366 Augusto
435 2327 626 2367 imperante,
650 2338 668 2357 e
695 2338 775 2357 mor-

98 2373 225 2401 tuorum
244 2370 484 2401 laudationibus
508 2369 676 2410 compositi
701 2369 776 2405 nint,

98 2412 130 2443 in
148 2413 208 2450 hin,
222 2419 255 2444 ut
272 2413 373 2444 verbis
383 2413 548 2444 Ciceronis
565 2419 647 2446 uuir.
661 2416 681 2428 *⁸
694 2414 774 2442 mul-

97 2460 132 2486 ta
147 2455 266 2496 scripta
286 2462 361 2486 nunt
377 2467 460 2495 «fluite
485 2456 569 2486 siu-tu
594 2466 656 2486 non
680 2460 775 2485 nunt:

98 2498 169 2528 finini
193 2498 364 2538 triumphi,
382 2499 489 2538 plures
512 2499 711 2535 consulatus,
725 2509 776 2536 gc-

99 2550 175 2570 nem
191 2540 288 2571 etinm
307 2541 421 2571 finlm.”

147 2581 167 2613 6
196 2585 322 2621 Omna]
369 2583 498 2620 ovatio,
532 2583 636 2613 minor
667 2583 777 2613 trium-

101 2624 194 2664 phus.
228 2626 395 2655 montionis
411 2636 527 2656 nomen
541 2626 671 2656 deducit
689 2627 776 2656 l’lut.

99 2667 130 2697 in
150 2668 320 2703 Marcello,
335 2668 376 2697 ub
392 2679 448 2699 om:
463 2678 547 2707 qune
566 2673 634 2698 tum
657 2674 775 2698 mucta-

99 2710 205 2745 batur.
220 2720 320 2749 quum
345 2710 375 2740 in
401 2711 522 2740 maiore
538 2710 704 2749 triumpho
721 2710 775 2740 im-

100 2753 275 2783 molan-tur
293 2758 422 2783 taurus:
452 2753 567 2783 Festus
589 2753 630 2781 ab
653 2764 691 2782 eo
715 2753 776 2782 clu-

99 2804 188 2826 more
203 2806 298 2835 quem
317 2795 439 2825 fuciunt
456 2795 626 2825 redeuntes
641 2805 680 2824 ex
702 2805 776 2834 pug-

99 2847 142 2868 na
173 2837 307 2868 victores
337 2837 456 2868 militen
485 2836 648 2875 geminata
673 2838 703 2865 Ο
728 2837 775 2867 lit-

100 2883 178 2911 tera.
231 2880 269 2911 In
297 2891 336 2910 en
359 2879 569 2911 ‹lencribenda
596 2879 717 2910 vurinnt
745 2879 776 2909 in

820 2029 1012 2068 quibusdum
1030 2030 1223 2069 scriptores:
1246 2032 1301 2062 sed
1325 2032 1407 2062 haec
1430 2032 1501 2071 plu-

821 2072 902 2101 rium
947 2072 1139 2102 auctoritate
1184 2074 1378 2104 firmantur:
1426 2084 1502 2104 eum

822 2125 951 2153 nempe,
968 2114 1019 2144 eui
1036 2115 1142 2144 ovatio
1159 2115 1289 2146 decreta
1311 2117 1429 2151 fuerat,
1449 2126 1503 2155 pe-

821 2157 915 2186 dibus
933 2158 1043 2187 urbem
1067 2157 1241 2195 ingressum
1260 2169 1328 2188 esse
1345 2171 1352 2194 ;
1375 2169 1438 2188 non
1456 2163 1503 2188 to-

820 2210 859 2236 ga
884 2199 970 2238 pieta
994 2210 1099 2238 neque
1122 2201 1244 2236 trabea,
1260 2201 1314 2231 sed
1334 2205 1503 2240 praetexta

821 2246 947 2272 tantum
970 2241 1146 2278 indutum;
1172 2248 1359 2273 coronatum
1386 2248 1504 2283 myrto,

822 2295 884 2314 non
911 2285 1025 2321 luur03
1049 2290 1079 2315 et
1105 2285 1224 2322 ingenti
1249 2285 1377 2323 agmine
1400 2286 1502 2316 tibici-

823 2338 898 2357 num
917 2327 1071 2358 cinctum.
1107 2328 1182 2358 vid.
1196 2329 1288 2367 plum
1300 2329 1387 2368 apud
1403 2328 1502 2360 Dion.

823 2381 848 2400 v.
873 2379 923 2409 47.
952 2371 1037 2401 l'lut.
1064 2370 1093 2400 in
1120 2371 1269 2401 Marcell.
1296 2372 1334 2401 Α.
1359 2371 1447 2402 Gell.
1474 2382 1502 2402 v,

820 2410 850 2443 6.
893 2412 1020 2443 Primus
1036 2423 1134 2443 ovnnx
1152 2414 1262 2443 urbem
1280 2412 1439 2450 ingressus
1454 2418 1503 2444 ent

825 2456 860 2486 l‘.
883 2455 1068 2485 Postumium
1085 2455 1260 2490 Tubertus,
1278 2466 1363 2486 anno
1384 2457 1426 2486 nl)
1449 2466 1503 2486 ex⁴

821 2497 901 2527 netis
925 2498 1052 2535 regibus
1075 2498 1225 2538 septimo.
1249 2498 1288 2528 cf.
1305 2498 1405 2530 Dion.
1425 2497 1504 2530 ibid.

823 2541 930 2571 Cum.

878 2591 892 2621 7
925 2584 1116 2621 Permulta]
1168 2584 1355 2618 Terentilia,
1397 2583 1503 2615 littera

822 2625 944 2664 quippe
956 2626 970 2654 1
984 2624 1196 2655 Lmnlmrdicu
1209 2625 1368 2665 scriptura
1384 2626 1503 2657 mirum

822 2668 1016 2706 minutulum
1029 2667 1125 2697 distat
1137 2679 1155 2697 n
1171 2668 1277 2698 litu-m
1288 2670 1308 2698 ι’.
1326 2669 1366 2700 cf.
1373 2679 1458 2709 supr.
1466 2679 1498 2710 9.

865 2712 884 2738 8
909 2711 1046 2740 (vn-nem
1062 2711 1164 2749 pluit]
1194 2710 1224 2741 N
1231 2720 1284 2741 um
1312 2721 1433 2742 vermes
1455 2722 1502 2742 es·

822 2756 905 2788 nent,
922 2757 1009 2789 rogat
1030 2752 1165 2784 Niebhr.
1183 2752 1214 2784 ii.
1232 2763 1263 2784 n.
1280 2752 1353 2793 631.
1376 2755 1503 2794 Σαρκῶν

823 2792 1011 2832 θράυσματα.
1035 2805 1087 2835 np.
1109 2794 1206 2826 Dion.
1227 2805 1256 2826 x.
1282 2805 1312 2827 τ.
1338 2797 1446 2828 Carus
1469 2796 1501 2827 in

823 2841 949 2867 textum
983 2837 1125 2877 reposuit
1154 2838 1293 2870 Bekker.
1339 2838 1501 2880 Equidem

824 2890 886 2910 non
905 2879 1148 2920 intelligmquid
1163 2880 1239 2912 velit
1250 2882 1361 2913 cami·
1375 2883 1506 2922 pluvia,

1583 983 1648 1021 10.

1518 1500 1691 1532 Lucretius

664 1545 804 1588 Alteri
826 1545 987 1587 consuli
1009 1546 1168 1596 datum,
1192 1555 1240 1587 ut
1261 1562 1389 1588 ovans
1409 1547 1499 1588 sine
1512 1543 1706 1584 triumphat,

1516 1731 1560 1762 U.
1578 1732 1616 1763 C.
1634 1740 1707 1773 293·

1515 1775 1554 1805 Α.
1578 1775 1616 1806 C.
1634 1782 1708 1815 459.

1518 1817 1553 1847 P.
1574 1817 1711 1847 Volum-

1515 1859 1579 1895 nio,
1597 1860 1665 1890 Ser.

1516 1902 1665 1941 Sulpicio

1515 1945 1608 1976 Coss.
