1934 3211
410 201 496 239 430
922 199 1069 241 TITI
1108 199 1286 241 LIVII

195 295 238 326 U.
256 295 294 326 C.
311 304 384 334 412
414 286 611 328 Sidicinis
647 287 800 329 iniusta
830 303 956 354 arma,
989 290 1088 345 quia
1116 290 1273 331 viribus
1305 288 1399 345 plus
1431 294 1638 345 poterant,
1672 301 1802 343 quum
1819 305 1835 336 5

193 339 233 369 A.
256 338 294 370 C·
312 346 385 377 340·
411 344 662 395 intulissent,
691 346 824 387 coacti
855 347 1001 402 inopes
1031 347 1084 388 ad
1117 346 1429 403 opulentiorum
1465 345 1669 386 auxilium
1705 360 1806 386 con-

410 402 567 458 fugere,
590 401 819 458 Campanis
839 418 927 444 sese
945 404 1219 460 coniungunt.
1272 403 1480 459 Campani
1502 403 1633 459 magis
1649 416 1804 443 nomen
1818 410 1837 443 6

411 435 482 500 ado
503 460 758 515 praesidium
799 461 1018 510 sociorum,
1056 476 1183 516 quam
1223 461 1343 510 vires,
1382 475 1512 524 quum
1554 459 1804 509 attulissent,

410 517 588 558 fluentes
626 516 731 557 luxu
764 518 814 558 ab
848 517 1006 557 duratis
1041 533 1120 558 usu
1153 532 1362 558 armorum
1395 532 1440 557 111
1476 517 1663 558 Sidicino
1695 490 1806 572 pulsi

411 588 522 629 agro,
542 574 586 614 in
607 589 649 614 se
672 574 825 614 deinde
848 574 1001 614 molem
1023 589 1192 615 omnem
1212 573 1311 614 belli
1331 581 1558 614 v.e1terunt
1606 572 1805 628 Namque

415 630 633 679 Samnites,
653 631 812 671 omissis
837 630 1077 679 Sidicinis,
1067 645 1199 685 ipsam
1221 645 1358 670 arcem
1379 630 1654 671 finitimorum
1679 628 1807 671 Cam-

411 702 542 743 panos
574 687 721 736 adorti,
759 687 872 727 unde
909 702 1040 751 aeque
1077 687 1208 728 facilis
1243 687 1430 736 victoria,
1466 686 1646 743 praedae
1679 695 1805 743 atque

410 744 564 800 gloriae
586 744 680 799 plus
702 752 821 793 esset,
845 743 997 793 Tifata,
1020 744 1289 785 imminentes
1314 744 1486 800 Capuae
1513 743 1650 793 colles,
1672 759 1805 800 quum

411 801 617 856 praesidio
662 800 783 841 firmo
824 809 1110 856 occupassent,
1152 801 1416 842 descendunt
1460 801 1559 842 inde
1601 801 1806 857 quadrato

410 858 576 913 agmine
612 858 657 897 in
693 857 924 913 planitiem,
955 873 1062 914 quae
1095 857 1287 914 Capuam
1317 858 1540 914 Tifataque
1573 859 1802 900 interiacet.

410 914 476 956 Ibi
511 930 650 956 rursus
686 915 774 956 acie
811 915 1082 956 dimicatum.
1116 916 1373 981 adversoque
1406 915 1565 980 proelio
1596 915 1805 972 Campani

409 972 520 1013 intra
541 972 707 1013 moenia
723 973 940 1029 compulsi,
960 988 1105 1028 quum,
1124 974 1269 1014 r0b01e
1291 973 1521 1014 iuventutis
1541 988 1639 1014 suae
1656 988 1803 1022 300150,

409 1029 526 1070 1111113
552 1030 790 1086 propinqua
816 1045 909 1086 spes
936 1038 1056 1080 esset,
1080 1031 1213 1072 coacti
1243 1039 1339 1071 sunt
1364 1031 1415 1071 ab
1437 1030 1642 1071 Romanis
1661 1038 1805 1086 petere

263 1087 330 1125 30.
411 1087 625 1127 auxilium.
689 1087 851 1143 Legati,
873 1088 1137 1129 introducti
1126 1103 1171 1128 1n
1192 1096 1396 1137 senatum,
1420 1088 1600 1129 maxime
1626 1087 1672 1128 111
1695 1087 1805 1128 113110

193 1140 387 1181 Campania
411 1145 665 1185 sententiam
693 1144 822 1186 locuti
851 1153 974 1186 sunt:
1012 1145 1227 1210 ‘Populus
1258 1161 1335 1186 nos
1358 1144 1615 1210 ‘Campanus
1646 1145 1805 1201 legatos

191 1185 392 1257 ssnegssguaffif'
413 1201 493 1243 ‘ad
521 1217 606 1251 VOS,
628 1202 774 1243 Patres
805 1202 1041 1258 conscripti,
1068 1203 1191 1252 misit,
1214 1203 1439 1244 amicitiam
1466 1203 1511 1243 in
1537 1210 1803 1267 perpetuum,

193 1269 271 1298 lium
290 1279 341 1308 pc·
413 1259 644 1300 ‘auxilium
677 1274 872 1315 praesens
903 1275 927 1300 a
956 1260 1073 1301 vobis
1107 1260 1298 1324 petitum.
1365 1260 1506 1308 Quam
1540 1259 1574 1300 si
1609 1259 1805 1301 secundis

191 1316 274 1342 tunt.
413 1317 564 1358 ‘rebus
603 1317 754 1358 nostris
789 1317 1051 1373 petissemus,
1088 1317 1196 1358 sicut
1234 1325 1384 1373 coepta
1418 1316 1606 1366 celerius,
1642 1317 1702 1358 ita
1740 1317 1805 1357 in-

412 1374 620 1415 ‘firmiore
647 1374 816 1415 vinculo
847 1383 1061 1416 contracta
1090 1383 1209 1416 esset.
1273 1375 1312 1415 Γ
1315 1389 1397 1415 11110
1429 1374 1555 1423 enim,
1576 1381 1625 1415 ut
1649 1373 1722 1439 qui
1751 1388 1805 1415 ex

412 1437 423 1455 ‘
439 1446 575 1486 aequo
596 1447 672 1472 nos
692 1432 852 1473 venisse
881 1432 926 1472 in
955 1432 1181 1473 amicitiam
1210 1431 1702 1481 111οΠ11111550111115,3111101
1721 1431 1805 1472 for-

412 1494 423 1511 ‘
439 1488 547 1528 sitan
567 1489 724 1543 pariter
748 1505 795 1530 ac
820 1505 946 1539 nunc,
970 1489 1146 1530 subiecti
1174 1498 1300 1546 atque
1329 1489 1502 1530 obnoxii
1521 1489 1638 1530 vobis
1665 1489 1805 1530 minus

411 1551 421 1568 ‘
438 1560 631 1586 essemus.
696 1545 838 1595 Nunc,
861 1547 1145 1588 miseiicordia
1163 1556 1300 1588 vestra
1320 1546 1542 1596 conciliati,
1561 1545 1803 1602 auxilioque

412 1602 483 1642 ‘in
524 1602 661 1643 dubiis
701 1603 824 1643 rebus
861 1603 1034 1653 defensi,
1076 1604 1329 1645 beneficium
1370 1619 1539 1668 quoque
1585 1612 1804 1659 acceptum

412 1658 636 1708 ‘colamus,
659 1668 850 1715 oportet3
883 1675 936 1700 ne
967 1660 1119 1716 ingrati
1150 1669 1275 1716 atque
1304 1676 1419 1702 omm
1450 1676 1529 1716 ope
1557 1660 1699 1701 divina
1726 1660 1805 1701 hu-

413 1722 424 1740 ‘
440 1731 646 1771 manaque
675 1716 839 1772 indigni
860 1717 1085 1758 videamur.
1150 1717 1318 1773 Neque,
1341 1717 1524 1766 hercule,
1547 1717 1663 1773 quod
1686 1717 1804 1758 Sam-

413 1779 424 1796 ‘
440 1773 548 1814 nites
576 1773 734 1829 priores
764 1773 887 1814 amici
917 1774 1102 1839 sociique
1128 1775 1244 1815 vobis
1271 1774 1369 1815 facti
1396 1782 1506 1823 sunt,
1528 1774 1581 1814 ad
1602 1773 1646 1814 id
1666 1773 1802 1815 valere

413 1836 424 1854 ‘
440 1831 628 1880 arbitror,
650 1845 703 1871 ne
725 1845 800 1871 nos
821 1831 866 1871 in
887 1831 1112 1872 amicitiam
1133 1831 1409 1887 accipiamur3
1437 1805 1510 1872 sed
1530 1839 1579 1872 ut
1598 1839 1803 1872 vetustate

413 1893 424 1910 ‘
439 1896 482 1928 et
502 1887 635 1944 gradu
655 1887 825 1929 honoris
845 1903 922 1929 nos
941 1896 1175 1943 praestent:
1207 1904 1345 1944 neque
1368 1888 1482 1929 enim
1498 1888 1665 1929 foedere
1687 1887 1805 1929 Sam-

411 1950 423 1968 ‘
440 1945 604 1994 nitium,
628 1960 681 1985 ne
704 1960 787 2000 qua
808 1960 916 1986 nova
937 1945 1165 2001 iungeretis
1185 1946 1366 1995 foedera,
1389 1954 1558 1986 cautum
1579 1954 1652 1986 est.
1706 1945 1805 1986 Fuit

412 2002 612 2057 ‘quidem
634 2002 747 2057 apud
767 2016 840 2042 vos
865 2017 1028 2058 semper
1055 2003 1152 2043 satis
1178 2003 1287 2043 iusta
1313 2018 1436 2043 causa
1456 2002 1674 2051 amicitiae,
1696 2002 1804 2044 velle

411 2065 423 2082 ‘
440 2074 537 2099 eum
556 2059 672 2100 vobis
689 2059 871 2099 amicum
892 2074 993 2109 esse,
1018 2060 1090 2115 qui
1111 2074 1184 2100 vos
1204 2068 1431 2116 appeteret.
1484 2058 1705 2115 Campani,
1725 2059 1805 2101 etsi

412 2116 606 2157 ‘fortuna
626 2131 820 2172 praesens
849 2116 1069 2181 magnifice
1098 2117 1214 2172 loqui
1244 2117 1451 2172 prohibet,
1473 2132 1559 2158 non
1579 2117 1693 2158 urbis
1717 2131 1805 2158 am-

411 2178 423 2196 ‘
439 2173 661 2229 plitudine,
680 2188 766 2213 non
786 2173 874 2229 agri
896 2174 1098 2223 ubertate,
1118 2174 1192 2214 ulli
1205 2173 1363 2229 populo
1379 2182 1672 2238 praeterquam
1688 2174 1805 2215 vobis

411 2230 648 2279 ‘cedentes,
681 2229 795 2270 haud
822 2245 948 2294 parva
978 2230 1046 2285 (ut
1081 2230 1276 2286 arbitror)
1311 2246 1490 2272 30005510
1526 2230 1647 2272 bonis
1681 2231 1805 2272 rebus

412 2287 583 2328 ‘vestiis
614 2287 658 2327 in
694 2287 920 2327 amicitiam
950 2287 1142 2328 venimus
1173 2296 1363 2328 vestram.
1426 2287 1591 2342 Aequis
1622 2286 1805 2328 Volscis-

412 2350 535 2400 ‘que,
579 2344 757 2385 aeternis
802 2343 991 2385 hostibus
1036 2344 1161 2385 huius
1207 2344 1332 2393 urbis,
1374 2344 1714 2400 quandocunque
1759 2358 1802 2385 se

413 2408 424 2424 ‘
441 2401 658 2450 moverint,
681 2401 732 2442 ab
754 2408 870 2456 tergo
892 2401 1071 2442 erimus:
1105 2410 1159 2450 et,
1182 2401 1297 2457 quod
1317 2416 1389 2442 vos
1410 2416 1485 2457 pro
1506 2400 1636 2441 salute
1663 2408 1821 2455 nostra?

413 2464 425 2482 ‘
440 2458 597 2514 priores
617 2458 811 2507 feceritis,
834 2457 879 2497 id
906 2472 982 2498 nos
1010 2472 1085 2513 pro
1114 2458 1290 2513 imperio
1309 2466 1445 2498 vestro
1471 2465 1514 2498 et
1537 2457 1669 2513 gloria
1695 2473 1803 2498 sem-

413 2521 424 2538 ‘
440 2529 515 2570 per
534 2515 744 2555 faciemus
796 2514 987 2556 Subactis
1008 2515 1058 2554 iis
1077 2515 1275 2570 gentibus
1292 2529 1398 2569 quae
1420 2514 1531 2555 inter
1550 2529 1626 2556 nos
1646 2529 1802 2571 vosque

411 2578 422 2595 ‘
439 2580 549 2621 sunt,
565 2571 679 2627 quod
699 2571 946 2627 propediem
967 2571 1154 2612 futurum
1176 2571 1353 2627 spondet
1376 2579 1418 2612 ct
1433 2572 1563 2613 virtus
1579 2579 1622 2612 et
1636 2572 1804 2613 fortuna

454 2729 470 2759 5
495 2722 662 2759 Sidicinis]
692 2721 838 2759 Sidicini,
855 2721 879 2751 si
897 2722 1086 2751 Strabonem
1131 2721 1170 2751 cf.
1196 2730 1281 2760 supr.
1305 2720 1344 2751 iv.
1371 2728 1420 2760 37.
1466 2720 1513 2751 111
1541 2730 1615 2751 vero
1641 2721 1800 2760 regionem

413 2772 439 2791 v.
459 2773 487 2800 p.
505 2772 575 2802 237.
592 2764 773 2802 audiamus,
791 2764 897 2803 gentis
914 2764 1017 2793 Oscae
1042 2774 1085 2793 re·
1132 2773 1232 2802 usque
1252 2764 1292 2793 ad
1318 2763 1456 2793 Silarum
1478 2766 1725 2802 occupaverant,
1746 2762 1800 2792 sed

413 2803 529 2840 liquiae
545 2809 645 2836 crant.
1131 2805 1303 2835 dulcedine
1332 2804 1413 2835 aei-is
1443 2809 1474 2835 et
1504 2805 1642 2835 mollitie
1676 2813 1800 2834 morum

458 2844 477 2873 6
501 2847 691 2885 (f'mnpcmz'sJ
729 2847 875 2887 Populus
897 2848 1087 2887 Campanus
1130 2848 1283 2887 corrupti,
1307 2847 1372 2878 cito
1397 2857 1417 2877 a
1439 2847 1556 2877 virtute
1579 2851 1610 2877 et
1633 2844 1801 2884 disciplina

411 2894 451 2914 ex
484 2887 666 2918 colluvione
698 2889 853 2919 Oscorum
886 2890 1085 2920 devictorum
1131 2890 1290 2920 Sabeilica
1307 2891 1586 2928 degeneraverant.

412 2936 484 2956 curn
498 2927 670 2958 victoribus
679 2929 876 2960 Samnitibus
887 2935 1086 2969 provenerat,
