1934 3211
359 194 442 234 364
879 192 1028 234 ΤΙΤΙ
1069 191 1248 237 LIVII

363 289 374 307 ‘
390 283 480 324 auri
521 283 721 325 occultari
761 299 785 324 a
826 283 1032 325 Patribus’
1067 284 1189 325 iecit:
1236 289 1338 325 (1100
1373 284 1456 325 iam
1496 284 1758 340 possidendis

362 340 564 398 ‘publicis
586 341 694 397 agris
715 349 935 382 contentos
956 356 1058 391 esse,
1081 341 1161 382 nisi
1182 341 1407 397 pecuniam
1428 357 1598 398 quoque
1619 342 1759 398 publi-

362 404 482 440 ‘cam
513 406 726 440 avertant:
761 414 810 440 ea
841 414 906 440 res
934 399 968 440 si
998 398 1135 454 palam
1163 399 1249 448 fiat,
1276 398 1435 440 exsolvi
1464 399 1632 455 plebem
1663 414 1757 440 aere

362 462 374 480 (
390 455 528 497 alieno
549 457 696 511 posse!
759 455 881 504 Quae
904 456 976 497 ubi
998 456 1161 497 obiecta
1177 471 1270 512 spes
1291 464 1366 506 est,
1385 456 1598 497 enimvero
1619 456 1758 511 indig-

360 528 463 554 num
493 513 654 554 facinus
690 513 835 562 videri,
871 528 1003 568 quum
1044 513 1347 554 conferendum
1378 513 1431 554 ad
1467 513 1757 554 redimendam

361 570 572 611 civitatem
594 586 617 611 a
641 569 773 611 Gallis
795 585 943 610 aurum
962 570 1100 619 fuerit,
1125 571 1281 611 tributo
1302 570 1569 612 collationem
1585 570 1754 612 factam:
1773 577 1791 610 7

362 627 475 668 idem
509 643 669 676 aurum,
699 642 752 667 ex
785 627 974 667 hostibus
1007 636 1189 682 captum,
1219 627 1263 666 in
1296 642 1526 682 paucorum
1558 627 1759 684 praedam

363 685 543 725 cessisse.
607 684 756 739 Itaque
789 684 1128 738 exsequebantur
1156 684 1412 738 quaerendo,
1435 685 1507 725 ubi
1528 693 1668 726 tantae
1696 684 1758 725 rei

363 742 520 782 furtum
542 741 845 788 occultaretur3
879 741 1200 795 differenteque,
1217 748 1259 781 et
1277 750 1464 796 tempore
1487 756 1561 782 suo
1582 757 1625 783 se
1647 741 1759 782 indi-

363 808 555 838 catuium
585 797 766 846 dicente,
790 798 939 838 ceteris
970 797 1143 862 omissis,
1174 813 1224 838 00
1249 813 1390 838 versae
1419 807 1538 839 erant
1568 799 1758 839 omnium

363 870 510 895 curae:
546 855 870 910 apparebatque,
888 870 967 896 1100
988 855 1075 895 νο11
1096 854 1243 895 indicii
1264 855 1440 911 gratiam
1462 855 1656 905 mediam,
1678 871 1759 897 nec

362 912 452 952 falsi
474 912 750 953 offensionem
771 912 871 953 fore.

220 976 283 1014 15.
421 969 488 1010 Ita
500 969 710 1024 suspensis
727 970 851 1010 rebus
872 969 1065 1019 dictator,
1081 970 1238 1011 accitus
1255 970 1306 1010 ab
1328 969 1530 1019 exercitu,
1545 969 1590 1010 in
1611 969 1759 1011 urbem

148 1030 299 1061 Dictator
314 1030 346 1060 in
363 1027 489 1068 venit.
552 1027 728 1068 Postero
753 1027 821 1068 die
851 1035 999 1068 senatu
1026 1027 1183 1077 habito,
1206 1042 1351 1083 quum,
1374 1027 1472 1068 satis
1502 1026 1760 1083 periclitatus

146 1074 259 1146 fftffim
276 1074 317 1104 ad
363 1084 600 1125 voluntates
635 1084 868 1134 hominum,
904 1084 1118 1125 discedere
1155 1094 1346 1126 senatum
1383 1085 1434 1125 ab
1470 1099 1513 1125 se
1545 1084 1758 1133 vetuisset,

231 1139 238 1147 ’
364 1141 538 1198 stipatus
559 1157 609 1182 ea
630 1141 915 1191 multitudine,
933 1141 1034 1183 sella
1054 1142 1100 1182 in
1120 1142 1291 1183 comitio
1312 1142 1459 1197 posita,
1480 1141 1685 1182 viatorem
1705 1141 1760 1182 ad

148 1206 310 1237 Manlium
365 1198 426 1240 M.
444 1198 656 1240 Manlium
688 1199 823 1240 misit:
867 1199 954 1255 qui,
997 1199 1211 1241 dictatoris
1251 1200 1366 1240 iussu
1405 1207 1589 1248 vocatus,
1626 1213 1759 1255 quum

148 1254 251 1280 vocat.
363 1257 529 1312 signum
555 1257 639 1297 suis
664 1257 861 1307 dedisset,
889 1256 1033 1298 adesse
1060 1265 1286 1306 certamen,
1315 1256 1481 1312 agmine
1512 1256 1677 1312 ingenti
1705 1255 1760 1296 ad

363 1314 546 1355 tribunal
576 1314 703 1355 venit.
768 1314 884 1355 Hinc
916 1324 1096 1365 senatus,
1131 1314 1230 1355 hinc
1261 1313 1391 1370 plebs,
1428 1328 1551 1354 suum
1579 1313 1758 1369 quisque

362 1371 576 1413 intuentes
596 1372 761 1421 ducem,
779 1371 895 1413 velut
915 1372 960 1412 in
977 1372 1064 1412 acie
1087 1371 1371 1413 constiterant.
1435 1371 1549 1412 Tum
1565 1370 1758 1420 dictator,

362 1428 528 1469 silentio
541 1430 663 1479 facto,
684 1435 695 1453 ‘
713 1429 916 1479 Utinam,'
936 1429 1088 1485 inquit,
1106 1429 1234 1469 ‘mihi
1257 1429 1538 1484 Patribusque
1555 1427 1760 1469 Romanis

365 1486 450 1526 ‘ita
471 1486 523 1526 de
546 1487 694 1527 ceteris
715 1487 839 1527 rebus
860 1502 957 1528 cum
978 1486 1100 1542 plebe
1122 1486 1357 1536 conveniat,
1380 1485 1757 1550 quemadmodum,

365 1542 507 1598 ‘quod
528 1543 581 1583 ad
613 1552 653 1584 te
675 1544 827 1584 attinet
857 1559 1034 1608 eamque
1056 1559 1158 1593 rem,
1181 1559 1308 1599 quam
1330 1518 1383 1584 de
1416 1552 1456 1584 te
1479 1558 1571 1584 sum
1593 1542 1758 1598 quaesi-

365 1604 378 1622 ‘
391 1608 519 1649 turus,
535 1608 842 1640 conventurum
855 1601 952 1641 satis
969 1601 1149 1641 confido.
1201 1601 1328 1656 Spem
1342 1600 1493 1641 factam
1507 1616 1532 1641 a
1545 1609 1585 1641 te
1601 1599 1759 1641 civitati

365 1657 526 1706 ‘video,
549 1656 632 1697 fide
666 1656 867 1697 incolumi
898 1672 951 1698 ex
983 1657 1188 1698 thesauris
1212 1657 1399 1707 Gallicis,
1422 1672 1527 1713 quos
1554 1657 1790 1721 primoresS

366 1720 377 1738 ⁶
393 1713 568 1754 Patrum
608 1714 831 1763 occultent,
870 1714 1076 1754 creditum
1117 1714 1219 1755 solvi
1259 1729 1390 1770 posse.
1468 1713 1552 1755 Cui
1586 1729 1665 1769 ego
1696 1713 1757 1754 rei

366 1777 377 1795 ‘
390 1779 555 1812 tantum
575 1772 691 1813 abest
711 1780 758 1812 ut
778 1771 1083 1827 impedimento
1104 1771 1194 1820 sim,
1210 1780 1258 1812 ut
1278 1779 1423 1812 contra
1444 1779 1498 1820 te,
1522 1770 1584 1811 M.
1605 1770 1756 1835 Manli,

367 1828 599 1878 ‘adhorter,
622 1828 771 1869 liberes
791 1828 934 1869 fenore
956 1828 1123 1884 plebem
1147 1828 1407 1869 Romanam.
1441 1837 1483 1868 et
1503 1827 1616 1877 istos,
1639 1828 1759 1869 incu-

366 1887 536 1927 ‘bantes
566 1885 743 1951 publicis
776 1885 993 1934 thesauris,
1023 1901 1074 1926 ex
1103 1885 1257 1950 praeda
1289 1885 1550 1926 clandestina
1579 1884 1755 1927 evolvas.

366 1948 378 1966 ‘
395 1943 524 2008 Quod
544 1944 623 1983 nisi
644 1943 756 1991 facis,
772 1943 857 1983 sive
879 1942 994 1998 quod
1016 1952 1058 1983 et
1078 1943 1165 1998 ipse
1183 1958 1227 1983 111
1248 1951 1364 1998 parte
1382 1942 1560 1998 praedae
1582 1942 1649 1992 sis,
1672 1942 1756 1984 sive

366 2001 491 2055 ‘quia
517 2015 672 2040 vanum
700 1999 905 2040 indicium
931 2008 1006 2049 est,
1028 2000 1072 2039 in
1100 2000 1268 2040 vincula
1295 2008 1336 2040 te
1370 2000 1468 2040 duci
1489 1999 1655 2049 iubebo,
1678 2015 1757 2041 nec

366 2064 377 2081 (
394 2058 551 2098 (111111115
568 2057 712 2113 patiar,
731 2072 755 2097 a
768 2065 808 2097 te
828 2056 1143 2097 multitudinem
1159 2056 1295 2097 fallaci
1312 2072 1383 2113 spe
1399 2056 1611 2097 concitari.
1616 2057 1625 2074 ’
1685 2056 1758 2097 Ad

364 2130 413 2155 ca
444 2114 645 2164 Manlius,
670 2120 772 2155 ‘nec
804 2129 846 2155 se
872 2113 1093 2163 fefellisse:
1122 2114 1192 2164 ait,
1224 2120 1335 2155 ‘non
1359 2113 1555 2155 adversus
1581 2113 1758 2155 Volscos

365 2178 376 2195 (
390 2172 513 2213 101105
553 2172 706 2221 hostes,
749 2171 914 2227 quoties
954 2171 1149 2212 Patribus
1190 2171 1402 2227 expediat,
1443 2186 1522 2212 1100
1562 2170 1759 2212 adversus

365 2234 377 2252 (
394 2229 568 2270 Latinos
583 2228 891 2284 Hernicosque,
910 2244 1014 2284 quos
1030 2228 1142 2269 falsis
1163 2229 1407 2270 criminibus
1420 2229 1464 2269 in
1482 2243 1598 2269 arma
1617 2236 1756 2284 agant,

365 2292 376 2309 (
393 2286 466 2327 sed
483 2287 679 2328 adversus
701 2301 742 2327 se
765 2301 812 2326 ac
837 2285 1005 2341 plebem
1029 2285 1279 2335 Romanam,
1302 2286 1549 2327 dictatorem
1570 2293 1757 2326 creatum

365 2350 375 2366 ‘
392 2358 492 2384 esse.
545 2344 648 2393 Iam,
664 2343 815 2385 omisso
828 2342 952 2392 bello,
967 2343 1082 2398 quod
1096 2343 1337 2384 simulatum
1351 2343 1416 2392 sit,
1431 2343 1475 2383 in
1490 2357 1532 2383 se
1550 2342 1756 2398 impetum

142 290 182 364 2⁸⁹0

180 289 234 363 0'0

303 299 333 363 109

263 341 279 372 ω
263 298 279 329 ω

284 296 302 363 mxl*

409 2518 424 2549 7
451 2512 581 2541 Tribulo
604 2511 801 2541 collationem
819 2510 962 2547 saetam]
997 2509 1035 2539 cf.
1081 2519 1143 2539 non
1167 2519 1230 2548 quo
1252 2509 1383 2548 publica
1403 2507 1550 2538 aedificia
1574 2509 1614 2538 de
1634 2507 1758 2548 integro

363 2553 456 2592 Supr.
465 2564 493 2583 v.
502 2563 551 2592 50.
570 2553 663 2583 Haec
674 2552 806 2582 minime
818 2561 891 2581 cum
904 2551 942 2581 iis
954 2562 1036 2590 quae
1082 2556 1351 2582 construerentur.
1368 2553 1372 2560 ”
1384 2551 1458 2581 Hac
1471 2561 1504 2581 re
1521 2560 1649 2589 quoque
1665 2549 1758 2590 plebs

363 2606 460 2634 supra
476 2595 508 2625 in
529 2596 588 2625 loc.
608 2595 660 2625 cit.
678 2594 798 2633 scripta
819 2598 903 2631 sunt,
923 2604 1036 2623 conve·
1081 2594 1181 2633 magis
1197 2598 1339 2630 onerata,
1350 2594 1435 2632 quod
1450 2593 1607 2623 tributum
1623 2597 1756 2624 temera-

364 2637 430 2667 nire
447 2637 517 2676 quis
532 2637 660 2673 dixerit,
683 2636 737 2666 ubi
759 2646 778 2666 a
797 2635 950 2666 matronis
971 2636 1035 2666 col·
1080 2637 1165 2665 rium
1189 2636 1344 2675 proximis
1365 2635 1549 2674 quindecim
1569 2635 1661 2666 annis
1682 2638 1756 2674 post

364 2680 465 2709 latum
482 2690 595 2710 aurum
617 2680 657 2709 ad
677 2680 787 2709 urbem
813 2678 1035 2708 redimendam
1080 2679 1192 2708 urbem
1208 2689 1227 2708 a
1240 2678 1346 2709 Gallis
1362 2682 1490 2717 captam
1506 2677 1680 2718 irrogatum
1697 2680 1754 2708 est.

364 2721 498 2752 dicitur:
520 2723 574 2752 sed
587 2732 636 2752 res
648 2722 733 2751 clara
745 2726 803 2758 est,
816 2721 840 2750 si
856 2720 1036 2750 Niebuhrio
1081 2721 1120 2751 cf.
1139 2721 1254 2750 Festus
1272 2731 1299 2751 v.
1319 2722 1533 2751 Tributorum.

362 2764 585 2801 assentiamus,
606 2764 659 2803 qui
684 2764 768 2793 hanc
793 2763 913 2793 tributo
939 2764 1033 2793 colla·
1123 2764 1141 2793 8
1164 2764 1244 2794 Fide
1260 2764 1427 2801 incolumi]
1456 2763 1509 2793 Ita
1529 2766 1566 2792 ut
1584 2761 1754 2792 creditores

363 2804 483 2834 tionem
503 2807 622 2835 factam
643 2816 710 2836 esse
726 2810 845 2842 censet,
863 2810 1034 2845 postquam
1079 2805 1159 2835 nihil
1180 2816 1219 2835 ex
1239 2816 1288 2843 eo,
1305 2806 1391 2844 quod
1409 2808 1560 2835 mutuum
1581 2803 1753 2839 dedissent,

364 2845 453 2875 Galli
468 2848 544 2876 urhe
555 2852 771 2885 excesserunt,
782 2858 845 2887 quo
861 2848 962 2887 magis
978 2849 1033 2878 du·
1079 2847 1276 2878 amitterent.
1299 2848 1405 2879 CREV.
1437 2847 1476 2878 cf.
1495 2845 1636 2886 Appian.
1652 2845 1704 2875 Fr.
1721 2853 1751 2884 9.

364 2888 454 2925 plum
472 2888 539 2917 auri
559 2889 636 2918 sacri
654 2891 738 2927 quod
756 2900 794 2919 ex
813 2890 944 2929 templis
961 2900 1034 2920 con·
1082 2890 1156 2921 Ital.
1174 2900 1205 2929 p.
1223 2899 1272 2928 40.

364 2929 515 2967 quisitum
538 2934 615 2966 crat,
642 2931 712 2960 Diis
743 2932 938 2967 redderetur,
962 2942 1033 2962 ncc-
