1934 3211
678 153 1017 197 EPITOMAE.
1463 161 1545 199 613

143 250 291 284 cerunt.
353 244 561 285 Adversus
591 259 666 293 eos,
694 251 732 284 et
761 244 964 294 Lucanos,
993 252 1031 285 et
1060 246 1260 295 Bruttios,
1283 254 1320 287 et
1349 248 1546 288 Etruscos

143 301 298 356 aliquot
322 302 488 356 proeliis
523 317 550 341 a
588 302 858 356 compluribus
893 303 1060 342 ducibus
1090 303 1182 342 bene
1212 311 1441 357 pec-quatum
1477 312 1544 346 est.

142 357 335 412 Pyrrhus
363 359 634 413 Epirotarum
665 374 746 407 rex,
775 366 822 399 ut
850 360 1047 400 auxilium
1065 361 1202 413 ferret
1240 361 1484 410 Tarentinis,
1507 365 1549 403 in

143 415 312 455 Italiam
333 417 448 455 venit.
521 415 657 465 Quum
678 418 720 456 in
735 417 987 470 praesidium
1009 417 1285 471 Rheqinorum
1303 419 1400 472 leyio
1429 419 1551 460 Cam-

137 486 255 526 pana
271 487 360 512 cum
374 474 583 527 praefecto
598 473 727 513 Decio
748 474 915 514 Iubellio
930 476 1052 514 missa
1073 481 1182 524 esset,
1205 477 1341 515 occisis
1357 476 1552 531 Rheqinis

145 529 346 584 Rheqium
370 532 591 585 occupavit.

505 696 816 737 EPITOME
843 697 1038 760 LIBRI*
1058 698 1194 738 XIII.

160 810 486 852 VALERIUS
511 811 853 852 LAEVINUS
871 812 1010 852 consul
1023 827 1177 866 parum
1195 827 1388 867 prospere
1412 814 1554 853 adver-

147 883 217 909 sus
239 869 451 923 Pyrrhum
474 870 687 923 puqnavit,
710 869 1011 923 elephantorum
1039 871 1210 909 maxime
1235 872 1429 910 inusitata
1437 872 1555 924 facie

149 927 300 966 territis
313 926 514 966 militibus.
566 926 668 966 Post
679 927 723 966 id
726 927 927 980 proelium
941 941 1064 981 quum
1080 941 1249 982 corpora
1263 928 1553 976 Romanorum,

148 985 221 1039 qui
249 985 291 1024 in
330 985 416 1023 acie
445 984 680 1032 ceciderant,
715 984 907 1038 Pyrrhus
937 986 1157 1038 inspiceret,
1190 987 1322 1025 omnia
1359 1000 1473 1025 versa
1513 987 1555 1025 in

149 1041 298 1081 hostem
328 1043 488 1090 invenit,
505 1041 895 1096 populabundusque
915 1042 972 1081 ad
991 1042 1124 1082 urbem
1146 1043 1320 1082 Romam
1346 1045 1551 1097 processit.

157 1097 202 1140 C.
221 1099 451 1147 Fabricius,
475 1101 617 1139 missus
637 1099 695 1138 ad
719 1113 807 1138 eum
828 1114 854 1138 a
875 1105 1029 1147 senatu,
1054 1106 1099 1139 ut
1121 1100 1167 1139 de
1187 1101 1425 1140 redimendis
1455 1115 1553 1154 cap-

149 1157 242 1196 tivis
266 1162 412 1210 afferet,
422 1157 606 1209 frustra,
630 1162 675 1196 ut
686 1157 871 1210 patriam
896 1157 1100 1205 desereret,
1121 1172 1148 1196 a
1176 1172 1264 1211 reye
1289 1164 1463 1198 tentatus
1483 1164 1550 1197 est.

157 1212 322 1268 Captivi
332 1215 416 1253 sine
428 1215 561 1267 pretio
576 1215 731 1253 remissi
749 1219 853 1253 sunt.
924 1213 1082 1262 Cineas,
1101 1214 1254 1269 leqatus
1273 1230 1299 1254 a
1316 1215 1481 1270 Pyrrho
1501 1215 1559 1254 ad

150 1277 331 1311 senatum
368 1273 523 1319 missus,
548 1272 677 1325 petiit,
713 1277 758 1311 ut
789 1272 1077 1325 componendae
1102 1273 1221 1326 pacis
1254 1288 1378 1312 eausa
1411 1287 1480 1312 rex
1515 1275 1556 1312 in

152 1329 288 1369 urbem
310 1330 561 1382 reciperetur.
624 1329 693 1368 De
712 1343 794 1383 qua
816 1344 858 1368 re
887 1343 1010 1383 quum
1031 1330 1089 1368 ad
1094 1330 1411 1384 frequentiorem
1438 1345 1554 1370 sena-

151 1392 236 1426 tum
258 1386 404 1439 referri
422 1386 654 1440 placuisset,
676 1386 757 1440 Ap.
782 1386 992 1435 Claudius,
1015 1389 1086 1441 qui
1103 1394 1273 1442 propter
1293 1388 1556 1428 valetudinem

152 1444 356 1484 oculorum
388 1445 469 1483 iam
505 1445 575 1484 diu
607 1444 783 1483 consiliis
808 1444 983 1498 publicis
1018 1460 1058 1483 sc
1090 1446 1350 1494 abstinuerat,
1383 1447 1489 1485 venit
1514 1447 1556 1485 in

152 1503 322 1550 curiam,
345 1507 383 1541 et
401 1504 593 1541 sententia
614 1517 690 1541 sua
712 1503 849 1550 tenuit,
874 1507 919 1541 nt
938 1503 982 1541 id
1001 1502 1165 1556 Pyrrho
1187 1509 1411 1557 neyaretur.
1481 1502 1553 1543 Cn.

152 1559 362 1599 Domitius
394 1573 530 1599 censor
554 1561 716 1614 primus
748 1574 793 1598 es
819 1559 933 1613 plebe
966 1560 1135 1599 lustrum
1172 1560 1357 1600 condidit.
1429 1559 1557 1600 Censa

151 1622 247 1657 sunt
276 1618 421 1656 civium
452 1619 588 1671 capita
619 1617 789 1657 ducenta
819 1619 1074 1670 septuayinta
1105 1623 1189 1656 octo
1220 1617 1361 1666 millia,
1388 1618 1558 1658 ducenta

152 1675 296 1729 viginti
324 1674 413 1713 dua.
477 1674 633 1714 Iterum
669 1675 861 1713 adversus
893 1674 1104 1728 Pyrrhum
1135 1674 1254 1714 dubio
1286 1681 1423 1714 eventu
1450 1690 1558 1729 paq-

153 1738 294 1772 natum
327 1737 393 1770 est.
464 1731 565 1772 Cum
614 1731 1012 1785 Carthayiniensibus
1052 1738 1242 1786 quartum
1257 1733 1410 1785 Jbedus
1445 1747 1558 1772 reno-

152 1794 290 1829 vatum
307 1795 374 1829 est.
446 1789 582 1839 Quum
607 1789 650 1829 C.
667 1789 859 1829 Fabricio
872 1789 1025 1828 consuli
1040 1791 1085 1837 is,
1101 1791 1172 1844 qui
1185 1790 1243 1828 ad
1252 1805 1338 1829 eum
1353 1805 1378 1829 a
1394 1790 1558 1844 Pyrrho

154 1847 446 1901 transsuyerat,
481 1847 751 1900 polliceretur,
793 1861 833 1885 se
868 1848 954 1899 ressi
993 1862 1181 1886 renonum
1221 1847 1425 1895 daturum,
1469 1862 1558 1887 cum

153 1904 300 1944 indicio
315 1905 372 1943 ad
391 1918 517 1956 ressem
533 1905 718 1942 remissus
731 1909 798 1942 est.
861 1903 943 1942 Res
959 1910 1168 1956 praeterea
1186 1911 1324 1943 contra
1347 1905 1556 1953 Etruscos,

155 1962 358 2009 Lucanos,
377 1961 576 2009 Bruttios,
599 1966 636 1999 et
661 1960 860 1999 &amnites
876 1975 1066 2014 prospere
1081 1967 1216 2014 ¹aestas
1236 1963 1415 2001 continet.

514 2125 826 2166 EPITOME
853 2125 1044 2165 LIBRI
1072 2126 1201 2166 XIV.

158 2241 202 2283 P
209 2239 384 2281 YRRII
391 2239 471 2280 L'S
489 2240 528 2277 in
557 2237 736 2277 Siciliam
759 2237 926 2276 traiecit.
998 2237 1131 2285 Quum
1147 2238 1249 2275 inter
1269 2238 1353 2276 alia
1368 2239 1558 2292 prodiyia

145 2299 325 2353 fulmine
337 2298 525 2336 deiectum
543 2302 639 2334 esset
655 2297 694 2334 in
713 2294 911 2348 Capitalia
928 2292 1036 2334 Iovis
1057 2295 1226 2347 styriam,
1245 2302 1367 2348 caput
1385 2297 1468 2334 eius
1483 2311 1559 2349 per

157 2357 389 2410 haruspices
417 2357 616 2394 inventam
649 2359 715 2392 est.
787 2352 936 2392 Curias
967 2351 1184 2397 Dentatus,
1214 2367 1334 2406 qnam
1368 2353 1556 2392 delectam

158 2414 330 2462 haberet,
352 2414 447 2460 eins,
470 2413 541 2466 qni
567 2413 712 2450 citatas
745 2425 818 2449 nan
853 2409 1122 2463 responderat,
1146 2409 1246 2448 bona
1274 2411 1435 2464 primns
1467 2426 1558 2450 vcn-

157 2472 271 2512 didit.
336 2471 545 2524 Pyrrhum
568 2471 709 2508 iterum
735 2483 780 2506 ιιι·
805 2466 946 2505 Sicilia
969 2468 1008 2505 in
1032 2466 1198 2506 Italiam
1232 2482 1428 2507 reversum
1452 2470 1557 2516 vicit,

158 2535 195 2569 et
226 2529 353 2569 Italia
384 2528 547 2583 arpalit.
614 2526 826 2566 Fabricius
857 2539 991 2563 censor
1026 2524 1075 2564 Ι).
1100 2525 1327 2565 Cornelium
1363 2526 1428 2564 Ru
1463 2541 1558 2566 unm

160 2586 405 2627 consularem
438 2591 577 2624 senam
610 2585 739 2630 nun-it,
762 2582 868 2636 qnod
897 2583 930 2620 is
960 2582 1088 2621 ‹lm-cm
1115 2583 1251 2637 pondo
1282 2584 1561 2637 ‹ur-qentifinwi

160 2644 329 2685 haberet.
399 2643 551 2683 Lustra
591 2657 617 2680 a
659 2640 881 2679 censoribus
921 2639 1087 2688 caralita,
1130 2655 1246 2679 censa
1287 2647 1381 2680 sunt
1420 2643 1559 2696 capita.

160 2703 305 2742 civium
325 2702 495 2741 ducenta
516 2700 771 2754 scptuayinta
792 2711 911 2736 anum
936 2696 1074 2744 millia,
1091 2697 1259 2736 ‹lm-enta
1283 2699 1423 2752 ee'yinh'
1442 2705 1560 2753 attat-

161 2766 262 2799 tuor.
330 2762 432 2800 Cum
456 2758 678 2798 I’eolemmn
701 2756 878 2810 Λιῃῃμῒί
892 2769 978 2808 rryv
998 2756 1161 2793 soria-tas
1178 2756 1312 2794 inm-ta
1329 2762 1395 2795 est.
1464 2758 1560 2796 Scr-

161 2817 249 2857 tilia
265 2818 375 2870 virqa
403 2815 580 2861 Vestalis,
595 2815 788 2852 damnata
804 2813 951 2858 inm-sti,
968 2814 1056 2850 riva
1071 2812 1226 2864 delas-sa
1248 2819 1314 2852 πεί.
1373 2813 1560 2853 (Maniae

161 2874 351 2914 deductae
378 2879 469 2911 sunt
500 2872 713 2912 Posidonia
743 2877 777 2909 r!
811 2871 830 2909 (
843 2872 927 2909 ’σενι
997 2870 1390 2924 ('arthaffl'nicnse‘am
1423 2871 1559 2912 classis
