1934 3211
598 187 726 229 LIB.
761 186 837 227 VI.
880 185 1021 227 CAP.
1061 190 1123 228 16.
1479 191 1561 229 365

163 284 302 326 ‘fieriz
345 281 428 323 iam
465 279 714 320 dictatorem
745 276 935 333 profiteri
965 276 1247 333 patrocinium
1279 278 1561 321 feneratorum
1578 289 1622 321 U.
1639 289 1677 320 C.
1696 294 1768 327 370.

162 340 383 382 ‘adversus
412 336 603 393 plebem:
638 335 720 376 iam
742 334 820 375 sibi
842 349 896 375 ex
916 334 1056 375 favore
1086 333 1371 375 multitudinis
1401 337 1563 378 crimen
1576 333 1615 363 A.
1640 332 1678 363 C.
1695 331 1768 368 33²·

162 403 233 438 ‘et
261 394 493 452 perniciem
524 392 682 449 quaeri.
747 391 966 441 offendit,’
996 391 1150 447 inquit,
1187 397 1266 442 ‘te,
1301 392 1354 433 A.
1375 391 1562 443 Corneli,

162 459 361 509 ‘vosque,
394 451 540 492 Patres
572 449 810 505 conscripti,
848 448 1102 490 circumfusa
1133 449 1257 490 turba
1286 449 1406 490 lateri
1439 452 1565 492 meo?

130 516 176 556 9‘
192 510 311 558 Quin
332 524 424 550 eam
446 507 645 549 diducitis
667 523 691 548 a
706 522 773 547 me
791 506 946 562 singuli
966 506 1114 548 vestris
1133 506 1363 556 beneficiis,
1386 507 1566 549 interce-

163 573 177 592 ‘
189 567 344 617 dendo,
386 564 614 607 eximendo
663 564 716 605 de
757 579 886 605 nervo
934 564 1046 605 cives
1086 573 1258 614 vestros,
1300 565 1566 620 prohibendo

164 624 400 666 ‘iudicatos
440 623 714 678 addictosque
756 621 869 671 duci,
903 636 956 663 ex
990 636 1054 671 eo,
1092 621 1208 677 quod
1243 622 1376 662 affluit
1418 623 1569 678 opibus

166 682 354 731 ‘vestris,
386 680 633 722 sustinendo
658 679 929 720 necessitates
959 678 1168 720 aliorum?
1232 678 1315 721 Sed
1349 679 1454 735 quid
1490 695 1568 736 ego

139 757 151 779 ι
168 744 181 764 ‘
195 754 281 789 VOS,
303 738 356 780 de
378 747 515 779 vestro
536 736 802 793 impendatis,
825 736 1000 778 hortor?
1035 735 1201 777 Sortem
1232 736 1415 792 aliquam
1437 737 1567 786 ferte3

169 796 248 838 ‘de
276 797 412 853 capite
445 795 658 845 deducite,
682 794 798 850 quod
829 794 964 835 usuris
988 796 1335 850 pernumeratum
1366 803 1451 836 est:
1486 795 1570 836 iam

170 859 183 878 ‘
198 853 332 896 nihilo
349 868 444 895 mea
465 853 598 901 turba,
613 867 740 908 quam
763 851 900 900 ullius,
919 852 1185 907 conspectior
1205 852 1294 892 erit.
1359 852 1421 892 At
1442 852 1570 901 enim,

171 917 184 935 ‘
200 911 305 967 quid
326 911 384 952 ita
404 910 516 951 solus
537 925 616 965 ego
638 909 793 950 civium
815 924 958 950 curam
976 910 1084 964 ago?
1118 908 1267 949 Nihilo
1289 909 1433 964 magis,
1457 909 1573 965 quod

172 975 185 993 ‘
199 968 490 1025 respondeam,
513 966 661 1016 habeo,
684 981 812 1022 quam
839 967 870 1007 si
895 981 1082 1022 quaeraS,
1106 966 1210 1021 quid
1231 967 1289 1007 ita
1310 966 1421 1007 solus
1445 966 1575 1022 Capi-

173 1025 351 1068 ‘tolium
382 1040 606 1080 arcemque
638 1024 899 1065 servaverim.
979 1022 1036 1064 Et
1067 1032 1158 1064 tum
1196 1023 1413 1073 universis,
1447 1039 1574 1080 quam

174 1083 331 1140 ‘potui,
354 1097 478 1139 opem
511 1082 600 1131 tuli,
623 1090 666 1123 et
694 1096 807 1122 nunc
837 1080 1012 1136 singulis
1032 1080 1174 1122 feram.
1240 1080 1352 1122 Nam
1375 1081 1492 1137 quod
1522 1080 1576 1122 ad

174 1146 185 1164 ‘
204 1140 420 1182 thesauros
464 1138 650 1180 Gallicos
686 1139 850 1188 attinet,
888 1153 990 1187 rem,
1025 1147 1171 1194 suapte
1212 1147 1362 1179 natura
1395 1138 1574 1188 facilem,

175 1203 188 1221 ‘
200 1197 415 1239 difficilem
430 1196 701 1252 interrogatio
714 1195 824 1237 facit.
852 1194 887 1236 C
897 1210 944 1236 ur
957 1196 1070 1236 enim
1085 1196 1298 1251 quaeritis,
1309 1196 1424 1251 quod
1438 1196 1576 1237 scitis?

176 1260 188 1278 ‘
201 1270 288 1304 cur,
304 1254 420 1311 quod
442 1254 485 1295 in
502 1253 596 1294 sinu
611 1262 748 1294 vestro
765 1262 840 1303 est,
855 1252 997 1294 excuti
1019 1253 1172 1294 iubetis
1187 1253 1340 1309 potius,
1359 1268 1486 1309 quam
1502 1268 1578 1309 po-

177 1317 189 1336 ‘
203 1312 324 1361 natis,
342 1311 422 1352 nisi
444 1310 585 1367 aliqua
599 1311 710 1351 fraus
732 1311 906 1351 subest?
941 1309 1040 1358 Quo
1055 1311 1186 1365 magis
1202 1311 1320 1366 argui
1334 1311 1579 1366 praestigias

146 1387 163 1408 2
179 1369 358 1410 ‘iubetis
373 1377 542 1418 vestraS,
560 1383 610 1409 eo
632 1367 726 1424 plus
743 1382 900 1417 vereor,
923 1382 976 1408 ne
994 1367 1248 1408 abstuleritis
1265 1368 1581 1409 observantibus

180 1432 192 1451 ‘
208 1426 334 1468 etiam
364 1425 517 1468 oculos.
583 1425 732 1481 Itaque
759 1440 844 1466 non
867 1439 958 1480 ego,
980 1425 1098 1466 vobis
1126 1433 1173 1465 ut
1194 1424 1379 1466 indicem
1404 1425 1581 1481 praedas

181 1490 192 1508 ‘
208 1493 376 1533 vestraS‚
399 1483 473 1524 sed
494 1498 566 1524 vos
586 1483 631 1523 id
652 1482 832 1538 cogendi
853 1481 964 1531 estis,
988 1490 1034 1523 ut
1055 1482 1099 1523 in
1120 1481 1308 1523 medium
1337 1482 1582 1538 proferatis.'

148 1541 331 1590 3Quum
362 1541 528 1582 mittere
560 1540 755 1595 ambages
785 1539 965 1580 dictator
996 1539 1173 1588 iuberet,
1205 1546 1249 1580 et
1278 1547 1351 1580 aut
1382 1554 1581 1596 peragere
1670 1546 1734 1584 16.

180 1614 327 1640 verum
358 1597 563 1639 indicium
592 1605 774 1653 cogeret,
796 1605 869 1638 aut
889 1596 1010 1638 fateri
1037 1596 1199 1637 facinus
1226 1597 1458 1638 insimulati
1478 1597 1582 1639 falso

150 1656 358 1700 4crimine
383 1663 564 1704 senatus,
587 1654 836 1710 oblataeque
857 1653 955 1694 vani
975 1653 1074 1694 furti
1100 1653 1308 1704 invidiae3
1341 1663 1582 1710 negantem,

181 1713 353 1755 arbitrio
383 1712 650 1753 inimicorum
683 1726 726 1753 se
759 1711 1014 1760 locuturum,
1045 1711 1089 1752 in
1117 1711 1286 1753 vincula
1315 1711 1415 1752 duci
1452 1712 1582 1753 iussit.

182 1770 392 1827 Arreptus
432 1785 457 1811 a
495 1770 668 1818 viatore,
713 1774 724 1793 ‘
738 1768 925 1825 Iupiter,'
966 1769 1118 1824 inquit,
1163 1769 1345 1825 ‘optime
1385 1770 1584 1820 maxime,

183 1827 403 1884 ‘Iunoque
437 1827 616 1884 Regina,
639 1841 686 1868 ac
713 1825 921 1876 Minerva,
944 1827 1160 1882 ceterique
1191 1826 1251 1867 dii
1284 1826 1488 1883 deaeque,
1512 1828 1585 1883 qui

187 1890 199 1909 ‘
215 1884 476 1942 Capitolium
499 1899 722 1940 arcemque
744 1883 940 1933 incolitis,
963 1884 1118 1925 siccine
1132 1893 1317 1926 vestrum
1339 1884 1518 1926 militem
1539 1900 1587 1926 ac

184 1942 448 1999 ‘praesidem
481 1942 616 1983 sinitis
649 1941 791 1982 vexari
825 1942 876 1982 ab
913 1941 1124 1982 inimicis?
1157 1940 1277 1983 Haec
1308 1942 1470 1992 dextra,
1505 1958 1590 1998 qua

185 2006 198 2024 ‘
216 1999 362 2042 Gallos
391 1999 481 2040 fudi
513 2014 538 2039 a
567 1998 753 2040 delubris
784 1998 943 2047 vestris,
968 1998 1050 2038 iam
1082 1999 1126 2038 in
1148 1998 1327 2040 vinculis
1357 2007 1400 2040 et
1431 2000 1590 2040 catenis

236 2179 256 2210 9
284 2169 529 2205 Intercedmulo]
576 2177 618 2198 sc.
646 2167 869 2198 Cre-(litoribus

912 2168 975 2198 due
993 2172 1024 2197 lo
1033 2179 1108 2206 yart,
1121 2168 1188 2198 (md
1202 2169 1238 2199 be
1253 2173 1380 2199 content
1393 2170 1468 2200 with
1480 2171 1593 2210 simple

190 2210 618 2253 npondendmfideiubendo.
636 2211 675 2240 cf.
693 2209 762 2240 Cic.
782 2209 867 2240 Phil.

913 2211 1053 2241 interest.

192 2265 224 2286 u.
286 2277 293 2284 .

242 2262 405 2327 iSSOrtem
441 2296 583 2335 aliquam
613 2296 720 2333 ferte]
760 2295 869 2324 Aliam

194 2340 276 2380 plur.
297 2338 368 2368 edd.
397 2337 575 2376 Utriusque
592 2337 738 2367 lectioniu
761 2347 871 2367 sensus

194 2381 275 2412 redit
292 2381 357 2411 fere
373 2380 498 2410 codem.
534 2381 687 2419 Aliquam
697 2381 797 2418 serie,
813 2379 869 2409 sci-

195 2424 271 2455 licet
293 2423 386 2453 sortis
409 2426 532 2462 partem
554 2421 696 2460 aliquam
719 2426 871 2461 tanquam

195 2467 335 2496 solutam
370 2466 506 2501 aust-rte,
536 2464 654 2500 tollite,
684 2464 873 2494 deducendo

197 2517 316 2547 nempe
331 2507 372 2537 de
391 2507 498 2546 capite
514 2507 545 2537 id
563 2506 648 2545 quod
668 2516 870 2545 pernumera-

196 2554 268 2580 tum
289 2553 349 2583 ent..
362 2551 457 2588 serre
473 2549 557 2579 enim
579 2559 636 2588 pro
656 2550 790 2588 auferre
806 2559 872 2578 nex-

199 2591 329 2623 ccntiefl.
364 2592 484 2626 Aliam,
507 2602 549 2621 nc.
574 2601 689 2620 novum
715 2590 806 2620 sortis
830 2601 874 2620 rn-

199 2634 320 2665 tionem
353 2633 533 2672 proponite,
562 2643 600 2663 eo
631 2643 760 2672 nempe.
789 2634 874 2672 quod

202 2680 462 2717 pernumeratum
477 2679 536 2710 eat,
551 2675 590 2704 dc
603 2675 710 2714 capite
726 2675 875 2705 deductu.

204 2718 313 2749 Dona.
361 2716 443 2747 Mihi
461 2716 590 2755 quidem
618 2717 742 2746 videtur
763 2722 875 2747 mrtem

202 2762 344 2800 aliquam
359 2760 448 2797 ser-Ie
472 2758 555 2788 ida-m
584 2758 772 2796 intelligere,
791 2760 875 2798 quod

202 2807 314 2834 nortem
346 2801 486 2841 aliquam
521 2803 701 2840 proponite.
738 2812 780 2832 nc.
815 2812 878 2840 qun

202 2855 326 2875 mmma
352 2842 508 2883 pecuniae
529 2843 656 2873 debitae
680 2848 754 2878 utet,
777 2853 881 2882 ncquc

206 2886 359 2917 continuo
375 2890 495 2916 erc-scut
510 2897 516 2916 t
536 2890 688 2924 tanquam
707 2885 730 2915 ni
746 2885 882 2922 Anglicc

207 2928 427 2967 dicamus-,fis
449 2929 501 2957 the·
519 2938 586 2957 ‚mm
604 2929 642 2966 ns
652 2928 703 2957 tha·
718 2929 885 2967 principa!

967 2262 982 2282 2
1013 2255 1064 2283 Ne
1108 2254 1305 2283 abstuleritis
1349 2255 1593 2286 observantibus

914 2296 1009 2325 ctiam
1037 2296 1158 2333 oculos]
1205 2295 1257 2325 Nc
1289 2300 1378 2326 tanta
1409 2302 1478 2327 arte
1510 2298 1594 2328 furta

918 2342 1019 2367 vestra
1057 2338 1237 2371 occultetis,
1269 2342 1302 2367 ut
1335 2339 1455 2368 sallnus
1484 2341 1595 2370 oculos

916 2379 1011 2409 ctiam
1030 2390 1152 2413 corum.
1169 2380 1222 2419 qui
1246 2390 1311 2410 rcm
1334 2381 1521 2419 diligentius
1540 2384 1593 2411 oh-

918 2431 1043 2451 servare
1070 2422 1178 2452 velint.
1224 2424 1369 2461 Auferre
1394 2426 1500 2453 oculos
1525 2434 1594 2464 pro-

920 2463 986 2503 prie
1010 2464 1129 2494 dicitur
1151 2465 1190 2494 dc
1219 2465 1522 2503 praestigiatorum,
1542 2467 1595 2506 qui

919 2506 1035 2536 fallunt
1049 2507 1160 2536 oculos
1175 2507 1401 2546 spectantium.
1437 2509 1526 2539 Bene
1542 2509 1596 2549 igi-

920 2553 972 2578 tur
989 2549 1048 2578 hoc
1068 2550 1162 2578 verbo
1179 2549 1280 2579 utitur
1299 2549 1529 2589 Liviuffiquum
1547 2562 1597 2582 au—

922 2601 976 2630 pru
998 2591 1238 2630 praestigiarum
1261 2592 1458 2623 mentionem
1478 2594 1597 2625 fecerit.

920 2635 1026 2663 ('iu·:v.
1052 2634 1091 2663 cf.
1110 2633 1244 2669 Quinct.
1266 2635 1318 2664 xii.
1341 2644 1364 2665 i.

966 2685 983 2714 3
1010 2677 1172 2714 l'oe’ragscrc
1199 2687 1308 2706 verum
1335 2678 1508 2717 indicium]
1536 2679 1598 2709 Ab·

922 2718 1044 2747 mlvcrc
1069 2721 1219 2757 coeptum
1246 2718 1412 2755 indicium,
1432 2719 1527 2760 idque
1550 2731 1599 2752 re-

924 2769 991 2789 rum
1012 2760 1154 2798 probare.
1179 2762 1284 2791 (Ὶιι-ῑν.

967 2813 984 2839 ⁴
1010 2803 1207 2842 oblataeque
1231 2804 1306 2833 vam*
1324 2805 1413 2843 jurei
1437 2806 1597 2844 invidiae]

929 2843 969 2873 Et
986 2844 1088 2874 vocati
1106 2844 1136 2874 in
1155 2844 1306 2875 invidiam
1321 2851 1461 2884 senatus,
1478 2857 1557 2878 vana
1570 2854 1601 2878 ct

927 2885 1024 2916 nullia
1042 2887 1239 2924 armamenti-⁸
1263 2887 1338 2919 nixn
1359 2888 1434 2920 furti
1455 2889 1600 2921 crimina-

927 2927 1023 2959 tione.
1048 2929 1154 2959 Cuma
