1934 3211
433 190 514 227 212
952 185 1100 227 ΤΙΤΙ
1137 185 1316 228 LIVII

220 286 263 317 U.
280 288 318 318 C.
337 285 408 326 306-
436 277 509 318 ubi
544 276 653 317 inter
687 276 806 332 signa
840 276 1033 332 peditum
1069 276 1182 318 dicta
1216 276 1361 325 dedit3
1406 274 1543 317 avolat
1577 273 1734 315 deinde
1773 272 1828 314 ad

218 330 258 360 A.
281 328 410 368 0446.
436 334 612 389 equites,
656 339 668 358 ‘
684 333 828 389 Agite,
864 333 1062 383 iuvenes,’
1101 334 1253 389 inquit,
1298 339 1529 389 ‘praestate
1564 331 1719 372 virtute
1753 344 1829 386 pe-

439 396 451 414 ‘
467 391 611 441 ditem,
645 399 693 432 ut
726 391 886 431 honore
922 398 1048 446 atque
1082 390 1228 431 ordine
1260 390 1488 446 praestatis.
1550 389 1695 430 Primo
1727 401 1829 428 con-

440 453 452 472 ‘
467 463 591 489 cursu
618 447 747 504 pedes
775 447 906 488 movit
932 447 1122 488 hostem:
1160 447 1329 502 pulsum
1358 462 1443 496 vos,
1469 445 1663 487 immissis
1693 443 1827 500 equis,

440 505 623 560 ‘exigite
657 520 679 546 e
716 519 875 560 campo.
939 503 1042 544 Non
1073 504 1340 545 sustinebunt
1369 504 1427 543 im
1461 511 1601 544 etum:
1640 510 1683 543 et
1714 515 1829 542 nunc

222 566 417 597 Vincuntur.
440 568 719 603 ‘cunctantur
760 561 902 616 magis,
946 575 1073 615 quam
1113 561 1336 601 resistunt.’
1455 560 1644 600 oncitant
1683 573 1827 614 equOS‚

438 619 773 676 permittuntque
804 618 849 658 in
880 617 1056 665 hostem,
1084 617 1270 672 pedestri
1300 617 1383 657 iam
1414 617 1628 657 turbatum
1657 630 1826 671 pugna:

439 686 494 726 et,
530 676 739 732 perruptis
775 674 1002 722 ordinibus,
1035 673 1133 714 elati
1166 674 1219 714 ad
1249 673 1517 714 novissimam
1553 673 1698 721 aciem,
1734 686 1830 727 pars

439 734 570 774 libero
599 732 732 788 spatio
763 731 1043 780 circumvecti,
1066 731 1148 771 iam
1180 730 1318 786 fugam
1348 730 1538 785 undique
1568 736 1831 785 capessentes

439 791 660 846 plerosque
692 804 716 829 a
746 788 888 828 castris
919 796 1123 837 avertunt,
1154 787 1641 843 praeterequitantesque
1673 786 1830 827 abster-

441 855 543 887 rent.
606 845 806 886 Peditum
843 845 965 893 acies,
1000 854 1042 885 et
1079 844 1223 886 consul
1255 844 1357 900 ipse,
1388 844 1534 900 visque
1566 843 1701 884 omnis
1729 842 1830 884 belli

440 904 569 944 fertur
606 903 649 943 in
691 911 847 943 castra:
897 902 1112 958 captisque
1153 917 1250 942 cum
1290 902 1454 957 ingenti
1493 901 1636 950 caede,
1672 900 1829 942 maiore

440 960 595 1016 praeda
615 960 783 1016 potitur.

500 1017 640 1058 Huius
660 1032 827 1073 pugnae
848 1017 958 1058 fama
985 1016 1145 1073 perlata
1169 1032 1255 1058 non
1284 1017 1328 1057 in
1354 1017 1501 1058 urbem
1522 1016 1662 1066 modo,
1684 1015 1760 1057 sed
1785 1016 1831 1057 in

224 1080 357 1133 Bellufn
444 1074 620 1116 Sabinos
660 1075 713 1115 ad
753 1074 930 1115 alterurn
971 1075 1214 1115 exercitum.
1277 1074 1327 1115 In
1369 1075 1470 1115 urbe
1510 1073 1671 1115 laetitia
1704 1073 1831 1114 modo

222 1123 367 1195 ffiffsffl
441 1132 649 1173 celebrata
676 1141 764 1181 est3
797 1132 842 1172 in
874 1132 1016 1172 castris
1045 1132 1204 1172 animos
1233 1131 1413 1172 militum
1447 1131 1500 1172 ad
1532 1130 1831 1172 aemulandum

306 1189 312 1195 '
440 1190 568 1230 decus
601 1189 803 1230 accendit.
879 1188 969 1229 Iam
1003 1188 1205 1230 Horatius
1246 1204 1329 1239 eos,
1367 1189 1683 1230 excursionibus
1718 1188 1863 1228 susti-6

440 1247 604 1296 ciendo,
636 1246 888 1302 proeliisque
929 1246 1089 1287 levibus
1130 1246 1392 1302 experiundo
1437 1246 1711 1286 assuefecerat
1753 1245 1832 1287 sibi

440 1305 579 1360 potius
606 1304 749 1353 fidere,
780 1319 906 1359 quam
940 1303 1177 1344 meminisse
1211 1303 1465 1358 ignominiae
1499 1303 1832 1344 decemvirorum

442 1361 574 1401 ductu
608 1370 831 1417 acceptae3
875 1376 1086 1417 parvaque
1123 1361 1353 1401 certamina
1387 1360 1431 1400 in
1468 1375 1673 1401 summam
1705 1361 1832 1402 totius

443 1418 704 1473 profecerant
744 1418 842 1473 spei.
907 1418 1001 1459 Nec
1042 1418 1257 1458 cessabant
1300 1417 1457 1467 Sabini,
1498 1417 1656 1458 feroces
1696 1418 1748 1459 ab
1787 1432 1831 1459 re

444 1475 580 1530 priore
603 1490 712 1515 anno
733 1476 841 1515 bene
867 1484 995 1531 gesta,
1018 1475 1218 1516 lacessere
1247 1483 1374 1530 atque
1400 1475 1567 1524 instare,
1590 1474 1831 1531 rogitanteS,

447 1537 459 1554 ‘
479 1530 595 1579 Quid
623 1531 828 1573 latrocinii
859 1532 985 1573 modo
1015 1540 1305 1588 procursantes
1332 1532 1456 1587 pauci
1482 1540 1831 1588 recurrentesque

447 1595 659 1629 ‘tererent
681 1596 858 1644 tempus,
882 1597 923 1630 et
951 1589 995 1629 in
1023 1589 1156 1630 multa
1182 1589 1341 1644 proelia
1370 1604 1580 1644 parvaque
1612 1597 1832 1645 carperent

445 1651 678 1686 ‘summam
714 1646 838 1685 unius
877 1645 1009 1685 belli?
1073 1646 1190 1693 Quin
1230 1645 1292 1685 illi
1332 1646 1689 1701 congrederentur
1728 1646 1830 1696 acie,

296 1701 363 1739 6⁶2.
446 1708 457 1726 ⁶
474 1702 843 1757 inclinandamque
860 1701 989 1742 semel
1005 1702 1195 1743 fortunae
1210 1717 1298 1742 rem
1315 1702 1511 1743 darentP’
1555 1703 1628 1743 Ad
1645 1703 1700 1752 id,
1716 1703 1864 1759 quod7

444 1775 518 1800 sua
538 1767 685 1815 sponte
707 1760 805 1800 satis
829 1758 1051 1800 collectum
1068 1759 1299 1799 animorum
1319 1767 1419 1808 erat,
1437 1759 1687 1815 indignitate
1704 1761 1832 1802 etiam

446 1817 628 1858 Romani
649 1816 996 1857 accendebantur.
1042 1822 1054 1839 ‘
1069 1815 1159 1856 Iam
1180 1815 1357 1857 alterum
1378 1816 1610 1857 exercitum
1630 1817 1832 1859 victorem

446 1874 693 1914 ‘inurbem
719 1873 953 1914 rediturum
970 1889 981 1922 3
1015 1873 1092 1913 sibi
1122 1872 1232 1913 ultro
1263 1888 1338 1929 per
1368 1873 1640 1914 contumelias
1666 1875 1831 1916 hostem

448 1936 459 1954 ‘
475 1931 699 1971 insultare:
735 1930 904 1985 quando
932 1938 1072 1971 autem
1099 1945 1155 1979 se,
1187 1929 1220 1970 si
1250 1938 1339 1970 tum
1367 1945 1451 1971 non
1480 1931 1576 1980 sint,
1607 1946 1727 1987 pares
1756 1931 1832 1974 ho-

447 1993 459 2011 ‘
475 1988 606 2028 stibus
626 1987 712 2028 fore
728 1987 757 2027 P’
820 1987 906 2027 Ubi
933 1986 1036 2027 haec
1056 1987 1232 2027 fremere
1259 1987 1436 2028 militem
1457 1987 1502 2027 in
1523 1988 1665 2029 castris
1686 1989 1832 2030 consul

446 2045 585 2093 sensit,
623 2044 824 2085 concione
861 2043 1073 2092 advocata,
1112 2043 1536 2094 ‘Quemadmodum,’
1571 2045 1721 2101 inquit,
1760 2047 1832 2088 ‘in

447 2107 458 2125 ‘
475 2101 634 2157 Algido
659 2116 724 2141 res
751 2109 869 2156 gesta
896 2100 960 2149 sit,
983 2101 1158 2142 arbitror
1178 2116 1263 2150 vos,
1286 2101 1451 2151 milites,
1475 2101 1649 2143 audisse.
1716 2102 1833 2152 Qua-

447 2158 558 2199 ‘lem
588 2158 709 2199 liberi
739 2157 885 2213 populi
916 2158 1148 2198 exercitum
1179 2158 1321 2209 decuit
1351 2173 1453 2208 esse,
1476 2158 1568 2200 talis
1593 2159 1698 2201 fuit:
1731 2175 1833 2202 con-

447 2222 459 2239 ‘
475 2216 583 2256 sulto
612 2215 808 2271 collegae,
832 2215 983 2255 virtute
1015 2215 1195 2255 militum
1219 2215 1393 2256 victoria
1419 2224 1538 2271 parta
1564 2225 1637 2257 est.
1703 2217 1832 2265 Quod

448 2279 459 2296 ‘
476 2273 529 2313 ad
554 2288 620 2313 me
649 2272 811 2322 attinet,
834 2272 878 2312 id
909 2271 1071 2312 consilii
1102 2272 1316 2327 animique
1348 2272 1565 2314 habiturus
1589 2288 1694 2324 sum,
1717 2274 1833 2330 quod

449 2336 460 2354 ‘
475 2346 547 2371 vos
568 2329 672 2370 mihi
694 2329 926 2370 effeceritis.
973 2328 1029 2369 Et
1050 2329 1158 2369 trahi
1179 2329 1336 2370 bellum
1358 2329 1588 2380 salubriter,
1607 2338 1650 2371 et
1669 2340 1830 2373 mature
1844 2343 1864 2374 8

447 2387 618 2443 ‘perfici
650 2394 798 2442 potest.
867 2385 911 2427 Si
944 2385 1196 2426 trahendum
1229 2394 1302 2435 est,
1336 2401 1427 2441 ego,
1461 2395 1509 2427 ut
1539 2386 1584 2426 in
1616 2387 1706 2428 dies
1738 2403 1832 2444 spes

448 2445 688 2500 ‘virtusque
722 2452 858 2484 vestra
888 2451 1057 2492 crescat,
1094 2442 1253 2492 cadem,
1289 2458 1371 2498 qua
1403 2443 1577 2492 institui,
1612 2443 1714 2486 disci
1746 2445 1833 2486 lina

447 2502 662 2543 ‘efficiam
728 2500 773 2542 Si
812 2500 896 2541 iam
945 2499 1042 2541 satis
1091 2499 1220 2540 animi
1265 2508 1340 2549 est,
1381 2499 1635 2557 decernique
1680 2460 1830 2558 plgcet,

487 2619 506 2650 6
521 2619 778 2650 Eoecursionibus
789 2618 990 2656 sufficiendo]
1010 2617 1043 2648 Si
1054 2627 1115 2647 vox
1159 2618 1272 2648 mentis
1283 2629 1293 2647 .·
1317 2621 1349 2648 et
1366 2617 1454 2657 Virg.
1472 2619 1553 2649 Aen.
1569 2618 1601 2650 ii.
1618 2628 1689 2650 210.
1704 2621 1830 2652 Arden-

445 2663 686 2693 emeno-sionibus
708 2661 741 2690 in
763 2660 860 2691 dandi
884 2669 958 2690 casu
981 2658 1116 2698 accipie·
1161 2664 1267 2699 tesqua
1282 2661 1386 2691 oculos
1397 2661 1523 2700 suffecti
1539 2662 1698 2701 sanquine
1709 2667 1741 2693 et
1751 2663 1831 2702 iyni.

445 2708 507 2741 tur,
530 2714 639 2734 sensus
662 2703 741 2733 erit:
769 2713 824 2733 eos
846 2701 1115 2732 subministrando
1160 2701 1265 2732 Ciuzv.

445 2746 695 2783 quodammodo,
725 2755 835 2775 eorum
869 2755 964 2784 opera
995 2744 1116 2774 utendo
1206 2752 1222 2783 7
1245 2745 1300 2774 Ad
1313 2745 1357 2781 id,
1373 2745 1471 2785 quod]
1492 2745 1721 2785 Praeterquam
1734 2746 1828 2786 quod.

445 2788 485 2816 ad
502 2787 722 2818 excursiones:
747 2787 771 2818 si
788 2787 820 2816 in
836 2786 1001 2817 auferendi
1018 2796 1093 2816 casu
1109 2798 1117 2822 ;
1162 2785 1201 2816 cf.
1218 2796 1303 2825 supr.
1321 2785 1350 2817 6.

446 2838 499 2857 eos
515 2829 755 2859 excursionibus
773 2829 962 2866 exercendo,
978 2832 1010 2858 et
1026 2827 1115 2867 quasi
1202 2828 1221 2858 8
1243 2829 1444 2867 Effeceritz's]
1465 2829 1569 2860 Vetus
1581 2829 1711 2869 quidam
1727 2829 1829 2860 codex

445 2869 637 2900 imbuendo:
663 2881 725 2909 quo
741 2881 835 2901 sensu
851 2871 965 2902 Cicero
980 2870 1013 2900 in
1031 2871 1114 2900 Hor·
1159 2880 1211 2909 ap.
1229 2870 1429 2900 Gronovium
1437 2872 1596 2911 feceritis,
1612 2872 1697 2911 quod
1712 2870 1829 2902 rectius

445 2915 525 2942 tens.
548 2911 640 2948 dixit,
658 2914 831 2950 Sufficiunt
851 2914 960 2944 lanam
982 2913 1114 2945 medica·
1160 2912 1295 2945 videtur.
1320 2912 1429 2946 Dom.
