1934 3211
557 139 684 181 LIB.
719 137 843 179 VIII.
890 138 1039 181 CAP.
1073 145 1141 182 38.
1467 146 1551 186 495

114 247 136 275 4
147 227 193 269 in
211 227 473 269 Tusculanos
489 227 905 277 animadverteretur,
924 242 1104 283 quorum
1122 243 1268 270 eorum
1285 245 1365 286 ope
1388 246 1435 273 ac
1453 247 1555 274 con·
1570 244 1613 276 U.
1631 245 1669 276 C.
1687 255 1760 286 43¹·

147 284 239 326 silio
255 284 465 326 Veliterni
487 283 838 340 Privernatesque
859 284 1018 341 populo
1036 285 1232 327 Romano
1254 287 1412 329 bellum
1433 290 1554 331 fecis-
1567 288 1607 319 A·
1631 288 1670 320 C.
1688 297 1760 328 3²1·

116 349 250 386 5sent.
312 341 502 398 Populus
524 341 792 383 Tusculanus
820 357 917 383 eum
945 342 1197 399 coniugibus
1225 359 1273 385 ac
1302 344 1444 386 liberis
1467 347 1555 388 Ro-

147 413 258 440 mam
279 399 407 440 venit.
462 399 526 440 Ea
546 399 787 449 multitudo,
810 408 925 441 veste
948 409 1121 450 mutata,
1145 410 1187 442 et
1208 401 1348 458 specie
1370 417 1553 454 reorum,

146 456 279 498 tribus
300 456 504 506 circumit,
522 457 701 513 genibus
722 472 764 498 se
787 457 977 499 omnium
1000 458 1238 500 advolvens.
1287 459 1390 500 Plus
1411 460 1554 516 itaque

146 513 432 556 misericordia
460 514 514 556 ad
541 530 703 571 poenae
728 515 896 556 veniam
925 515 1247 572 impetrandam,
1275 532 1402 573 quam
1432 533 1556 559 causa

147 570 202 612 ad
227 571 388 613 crimen
409 572 677 628 purgandum
699 573 841 614 valuit.
906 573 1061 615 Tribus
1086 589 1245 624 omnes,
1268 584 1436 631 praeter
1455 575 1554 616 Pol-

145 628 258 679 liam,
290 630 565 686 antiquarunt
596 630 746 687 legem.
810 630 969 672 Polliae
1003 632 1215 673 sententia
1247 632 1340 682 fuit,
1375 633 1555 689 puberes

144 687 384 728 verberatos
404 688 558 738 necari,
581 688 781 744 coniuges
802 688 1039 745 liberosque
1065 689 1142 730 sub
1164 704 1319 731 corona
1338 689 1432 746 lege
1454 690 1553 732 belli

145 744 314 786 venire:
349 746 679 802 memoriamque
709 747 799 787 eius
827 747 912 788 irae
935 746 1189 788 Tusculanis
1217 747 1261 788 in
1283 763 1444 804 poenae
1466 757 1552 789 tam

144 802 296 843 atrocis
325 812 515 844 auctores
546 804 744 844 mansisse
777 803 831 844 ad
861 813 1027 860 patrum
1059 813 1238 845 aetatem
1271 814 1446 855 constat,
1473 821 1552 847 nec

112 865 403 916 6quemquam
444 861 574 902 ferme
615 876 668 902 ex
705 861 841 902 Pollia
881 861 992 902 tribu
1029 861 1301 903 candidatum
1339 862 1552 919 Papiriam

143 916 250 959 ferre
272 917 453 959 solitum.

114 987 132 1020 7
203 974 451 1031 Insequenti
473 991 597 1025 anno,
619 976 673 1024 Q.
691 975 833 1025 Fabio,
857 975 906 1016 L.
924 975 1073 1017 Fulvio
1095 976 1349 1027 consulibus,
1369 977 1423 1018 A.
1444 976 1550 1019 Cor-
1635 982 1702 1020 38.

143 1031 281 1074 nelius
318 1033 480 1074 Arvina
514 1033 694 1075 dictator
729 1042 772 1074 et
808 1033 870 1074 M.
895 1033 1048 1075 Fabius
1083 1033 1317 1075 Ambustus
1354 1035 1551 1092 magister
1565 1037 1608 1068 U.
1626 1037 1664 1069 C
1683 1047 1755 1077 43²·

111 1090 349 1146 Sequitum,
379 1100 497 1132 metu
528 1091 728 1147 gravioris
760 1091 805 1132 in
839 1090 1011 1133 Samnio
1043 1091 1142 1133 belli
1174 1092 1405 1147 (conducta
1435 1093 1549 1134 enim
1564 1081 1602 1158 g·
1622 1080 1757 1153 123133520·

141 1147 278 1245 gretie
319 1163 343 1190 a
377 1148 568 1190 finitimis
609 1149 807 1190 iuventus
843 1148 1081 1205 dicebatur)
1116 1150 1343 1192 intentiore
1380 1150 1549 1192 delectu
1564 1146 1736 1196 LJFulvio'

173 1205 299 1256 abito,
332 1207 549 1263 egregium
580 1207 812 1248 exercitum
847 1207 1044 1248 adversus
1080 1206 1290 1249 Samnites
1320 1208 1545 1249 duxerunt.
1562 1208 1652 1264 Coss.

145 1261 296 1304 Castra
335 1263 379 1304 in
420 1263 581 1305 hostico
621 1265 829 1305 incuriose
871 1264 930 1305 ita
968 1265 1115 1321 posita,
1157 1273 1358 1321 tanquam
1400 1265 1546 1322 procul
1562 1251 1738 1325 filusegssg

142 1320 304 1362 abesset
330 1321 485 1362 hostis:
521 1337 653 1377 quum
682 1322 820 1363 subito
848 1322 1055 1364 advenere
1081 1322 1332 1364 Samnitium
1359 1322 1546 1379 legiones
1560 1340 1619 1368 tor.

142 1386 259 1420 tanta
283 1378 449 1428 ferocia,
472 1388 520 1420 ut
540 1379 695 1420 vallum
725 1394 858 1435 usque
887 1379 940 1420 ad
968 1380 1192 1421 stationem
1216 1380 1453 1421 Romanam
1482 1381 1547 1421 in-

141 1435 310 1478 ferrent.
375 1436 475 1478 Nox
518 1437 597 1477 iam
641 1438 891 1493 appetebat:
941 1438 984 1478 id
1025 1438 1240 1494 prohibuit
1281 1438 1547 1479 munimenta
1561 1453 1668 1484 Nocte
1685 1464 1751 1484 cas-

142 1493 322 1535 adoriri:
357 1510 435 1536 nec
457 1494 787 1544 dissimulabant,
811 1504 901 1536 orta
930 1495 1023 1536 lucc
1052 1504 1220 1552 postero
1251 1495 1319 1536 die
1351 1495 1543 1537 facturos.
1559 1501 1612 1544 tra·
1624 1496 1718 1527 relin-

143 1551 350 1601 Dictator,
369 1553 440 1593 ubi
462 1553 700 1609 propiorem
721 1568 793 1608 spe
816 1552 1130 1594 dimicationem
1152 1552 1270 1601 vidit,
1289 1568 1342 1593 ne
1364 1552 1546 1594 militum
1560 1543 1640 1580 qu1t.

142 1609 286 1651 virtuti
311 1609 466 1651 damno
495 1610 610 1651 locus
639 1619 760 1659 esset,
784 1610 952 1666 ignibus
980 1610 1135 1651 crebris
1163 1609 1331 1660 relictis,
1355 1610 1428 1666 qui
1450 1626 1551 1652 con—

142 1676 332 1723 spectum
374 1667 558 1708 hostium
597 1667 911 1718 frustrarentur,
948 1668 1116 1709 silentio
1154 1667 1342 1723 legiones
1379 1668 1548 1710 educit:

142 1739 222 1766 nec
244 1734 385 1766 tamen
406 1725 548 1767 fallere
571 1734 743 1782 propter
763 1726 1123 1782 propinquitatem
1145 1734 1375 1766 castrorum
1397 1727 1548 1782 potuit.

143 1781 288 1839 Eques
328 1783 542 1839 extemplo
578 1783 792 1824 insecutus
828 1783 887 1824 ita
922 1783 1074 1824 institit
1107 1783 1278 1839 agmini,
1315 1792 1375 1833 ut,
1413 1783 1550 1826 donec

141 1839 383 1890 lucesceret,
406 1840 565 1897 proelio
586 1841 824 1882 abstineret.
879 1840 948 1882 Ne
971 1841 1186 1897 pedestres
1208 1840 1381 1896 quidem
1404 1841 1550 1898 copiae

141 1907 239 1939 ante
275 1898 414 1940 lucem
451 1899 593 1940 castris
629 1913 828 1955 egressae.

187 2053 205 2080 4
223 2042 264 2071 ln
278 2041 475 2071 Tusculanos
487 2064 492 2070 .
506 2064 512 2070 .
525 2064 531 2070 .
545 2051 679 2080 qnorum
693 2040 819 2077 eornm]

145 2083 184 2114 In
210 2083 424 2118 Tusculano&
451 2093 514 2113 non
542 2093 654 2112 omnes
678 2082 823 2121 quidem,

143 2127 199 2157 sed
224 2125 254 2156 in
281 2126 353 2156 illos
373 2136 497 2163 eorum,
519 2125 585 2155 sive
609 2135 647 2155 ex
673 2125 729 2160 eis,
746 2135 821 2163 quo-

143 2179 213 2199 rum
231 2179 293 2208 ope
308 2180 346 2199 ac
363 2168 496 2198 consilio
509 2192 516 2198 .
530 2192 537 2199 .
553 2192 559 2198 .
574 2168 736 2198 Solle-nnis
755 2172 822 2197 erat

143 2212 294 2248 formula,
316 2212 372 2251 qui
395 2222 514 2242 eorum.
563 2210 726 2250 Exempla
751 2210 822 2240 vide

142 2255 231 2294 apud
247 2258 390 2284 nostrum
409 2254 498 2285 xxiii.
517 2262 565 2292 ²5·
583 2258 615 2283 ct
633 2253 720 2283 xxvi.
738 2262 787 2292 34.

187 2307 204 2336 5
229 2298 361 2328 Romam
378 2297 481 2334 venit]
513 2297 563 2326 Ad
580 2296 821 2336 deprecandum

144 2339 257 2379 populi
274 2339 413 2370 Romani
432 2338 600 2370 iudicium.
640 2338 739 2368 Haud
757 2337 822 2368 scio

143 2392 184 2412 an
201 2381 378 2412 Tusculani
396 2382 599 2421 quaestiones
622 2381 708 2411 domi
734 2391 822 2411 exer-

144 2434 216 2455 cere
233 2424 392 2454 voluerint
409 2424 439 2454 in
458 2435 522 2462 eos,
535 2424 588 2463 qui
608 2424 732 2463 privato
749 2434 822 2453 con-

143 2466 216 2497 silio
235 2476 307 2497 cum
328 2466 504 2497 Veliternis
525 2472 557 2497 et
584 2466 824 2496 Privernatibus

144 2519 234 2539 arma
249 2509 402 2539 adversus
421 2509 586 2540 Romanoa
602 2510 752 2539 tulerant.

187 2551 207 2581 6
224 2553 516 2591 I'apirt'amserre]
539 2552 576 2581 ln
590 2561 686 2591 quam
703 2551 821 2581 tribum

145 2593 322 2625 Tusculani
342 2599 451 2633 postca
467 2593 627 2624 distributi
644 2599 727 2624 nunt.
763 2595 821 2624 Ce-

145 2641 248 2667 terum
266 2637 360 2674 serre
384 2637 501 2666 tribum
524 2636 713 2666 sollenniter
729 2636 769 2666 de
785 2647 823 2666 eo

145 2679 274 2716 (licitur,
297 2679 350 2717 qui
376 2677 477 2708 tribus
499 2678 650 2717 suffragia
673 2678 822 2718 impetra-

147 2721 236 2752 verit.
261 2721 300 2752 cf.
312 2720 381 2751 Cic.
397 2721 481 2751 I‘bil.
496 2721 538 2752 xi.
551 2722 578 2751 8.
591 2722 774 2759 Africanus

144 2766 227 2795 duas
238 2768 363 2794 tautum
375 2764 478 2793 eribus
490 2764 576 2799 tum,
587 2763 629 2793 id.
639 2773 695 2802 pro
709 2763 820 2793 Plane.

147 2816 196 2838 22.
209 2817 280 2837 cum
293 2807 464 2847 plerasque
477 2807 578 2836 tribu-i
597 2807 707 2836 tulerit
720 2806 821 2836 Ptan-

144 2851 223 2881 cim.

192 2901 207 2932 7
233 2893 268 2923 L.
280 2893 412 2930 Fulvio]
442 2891 493 2922 De
509 2890 764 2922 e‹›cs.1‘lin.11.
779 2890 821 2921 N.

895 1898 1051 1954 Eques,
1086 1898 1179 1939 lucc
1217 1898 1390 1939 demum
1427 1914 1551 1940 ausus

869 2038 920 2069 vii.
947 2048 998 2078 53,
1022 2038 1088 2078 qui,
1113 2039 1150 2069 L.
1170 2039 1321 2069 Fulvium
1347 2039 1548 2071 Tusculano-

868 2091 936 2111 rum
956 2081 1183 2111 rebellantium
1198 2082 1378 2119 consulem,
1391 2093 1490 2121 quum
1507 2083 1548 2114 nd

870 2125 1036 2154 Romanos
1057 2124 1232 2160 transisset,
1248 2125 1361 2154 eodem
1388 2125 1507 2155 honore
1529 2135 1549 2156 a

870 2167 992 2206 populo
1030 2167 1178 2196 Romano
1214 2167 1383 2197 confestim
1415 2178 1548 2198 exorna-

867 2214 936 2239 tum
954 2209 1072 2239 scribit.
1113 2211 1266 2239 Ceterum
1286 2209 1316 2239 in
1337 2209 1444 2240 Plinio
1461 2210 1546 2241 haud

867 2251 965 2282 dubie
991 2250 1113 2291 aliquid
1141 2251 1330 2281 mendosum
1363 2252 1453 2283 latet.
1504 2253 1546 2283 Et

867 2294 1019 2334 quoniam
1034 2294 1230 2324 Tusculani.-
1246 2294 1358 2324 civitas
1375 2299 1499 2325 servata
1516 2299 1549 2326 ct

867 2337 987 2367 crimen
1006 2337 1190 2367 rebellionis
1214 2336 1244 2366 in
1269 2347 1388 2376 paucos
1402 2343 1549 2368 auctores

871 2390 994 2410 vernum
1013 2389 1098 2419 supr.
1121 2389 1166 2418 ¹4.
1183 2379 1311 2416 dieitur,
1336 2390 1448 2419 parum
1470 2380 1548 2410 veri-

868 2422 973 2453 simile
997 2426 1055 2458 est,
1080 2422 1109 2452 id
1128 2422 1214 2461 quod
1236 2432 1288 2461 ap.
1309 2423 1447 2452 eundem
1473 2422 1547 2461 legi-

868 2475 951 2502 mun‚
983 2464 1069 2495 hunc
1107 2465 1211 2504 ipsum
1250 2465 1285 2495 L.
1314 2465 1465 2495 Fulvium
1496 2476 1547 2496 eo-

868 2508 942 2538 dem
963 2518 1049 2537 anno
1066 2508 1106 2537 de
1123 2507 1171 2544 iis,
1188 2518 1229 2538 sc.
1248 2507 1454 2543 'l'um-ulauis,
1470 2518 1545 2546 quo-

870 2561 937 2580 rum
956 2550 1066 2580 consul
1085 2550 1199 2585 fuerat,
1216 2549 1440 2589 triumphasse.
1477 2549 1546 2580 Tri-

869 2592 1027 2632 umphum
1060 2591 1176 2622 Fulvio
1200 2592 1240 2621 dc
1267 2592 1467 2622 Samnitibus
1494 2592 1546 2623 tri-

870 2636 971 2665 buunt
1003 2634 1088 2665 Fasti
1118 2634 1306 2674 Capitolini.
1345 2635 1385 2666 cf.
1410 2634 1546 2667 Niebhr.

870 2677 911 2708 iii.
931 2688 959 2707 n.
979 2686 1050 2716 350.

917 2720 935 2749 8
960 2720 1124 2749 (auduom
1151 2720 1235 2750 enim
1262 2720 1383 2759 pretio]
1420 2719 1547 2751 Milites

867 2762 1054 2797 conductos,
1077 2767 1133 2791 nut
1162 2762 1277 2792 saltem
1309 2761 1480 2802 pecuniam
1505 2763 1545 2793 ad

867 2805 1095 2835 conducendos
1119 2804 1250 2841 militen,
1266 2804 1465 2835 Samnitibus
1490 2815 1547 2845 pro

869 2851 959 2887 parte
975 2857 1031 2877 aun
1048 2846 1242 2879 Tarentinos
1266 2847 1450 2887 pmebuimoe
1473 2858 1547 2879 cen-

868 2895 914 2920 set
934 2889 1070 2921 Niebbr.
