1934 3211
571 158 698 200 LIB.
733 157 814 198 IX.
861 157 1010 198 CAP.
1034 133 1111 199 28.
1461 163 1540 203 531

138 247 318 290 circuitu
338 247 383 288 in
404 246 496 288 loca
510 245 649 302 plana,
670 246 912 311 Campanos
928 261 1111 302 campOS,
1131 262 1282 302 agmen
1299 247 1542 301 demittunt,
1560 260 1603 292 U.
1622 260 1659 291 C.
1680 271 1754 300 440·

136 304 281 360 ibique
309 304 494 360 primum
522 311 656 344 castra
682 303 728 344 in
756 312 986 360 conspectu
1014 303 1206 345 hostibus
1230 304 1353 346 data:
1387 304 1596 349 deindeA
1621 305 1658 336 C.
1679 312 1751 343 312·

135 360 298 403 levibus
317 361 500 417 proeliis,
523 361 716 417 equitum
745 376 922 417 saepius,
945 376 1074 417 quam
1098 361 1306 417 peditum,
1329 363 1542 419 utrimque

134 417 370 475 periculum
390 418 576 460 factum:
610 433 690 460 nec
715 427 789 460 aut
815 427 992 460 eventus
1019 434 1166 460 eorum
1190 419 1447 469 Romanum,
1471 431 1543 462 aut

133 490 288 526 morae,
331 491 416 532 qua
465 476 687 517 trahebant
727 475 898 526 bellum,
941 476 1202 532 poenitebat.
1288 476 1542 520 Samnitium
1558 485 1724 516 Proelium

131 541 279 575 contra
299 533 491 583 ducibus,
510 542 553 575 et
569 534 682 590 carpi
698 534 837 590 parvis
854 533 1045 589 quotidie
1062 534 1240 599 damnis,
1259 543 1301 576 et
1323 550 1540 578 senescere
1557 538 1630 601 09ῒηῖ
1648 528 1738 559 Sam-

131 590 334 632 dilatione
357 590 456 632 belli
477 591 584 633 vires
605 607 704 633 suae
726 591 988 633 videbantur.
1052 591 1235 647 Itaque
1224 607 1269 633 1n
1291 592 1424 633 aciem
1446 608 1543 649 pro-
1555 580 1589 601 m
1606 581 1690 602 nus.

131 647 303 698 cedunt,
341 649 554 714 equitibus
590 649 634 690 in
671 664 829 691 cornua
865 649 1034 690 divisis:
1080 649 1234 705 quibus
1268 660 1542 716 praeceptum

130 713 231 756 erat,
263 706 512 748 intentiores
549 706 602 748 ad
638 715 878 763 respectum
914 715 1159 756 castrorum,
1192 722 1246 748 ne
1279 723 1364 764 qua
1398 723 1449 750 eo
1479 709 1541 750 vis

129 762 263 814 fieret,
287 779 414 821 quam
437 764 490 805 ad
510 764 732 830 proelium,
756 773 937 805 starent:
970 765 1103 806 aciem
1124 764 1258 821 pediti
1281 774 1416 806 tutam
1436 766 1537 808 fore.

132 819 372 863 Consulum
406 821 617 878 Sulpicius
654 823 697 863 in
729 822 892 871 dextro,
922 821 1138 863 Poetelius
1173 822 1219 862 in
1254 822 1374 864 laevo
1407 838 1540 866 cornu

127 879 374 921 consistunt.
438 879 603 921 Dextra
633 894 739 936 pars,
763 895 847 936 qua
872 888 915 921 et
939 879 1151 921 Samnites
1176 880 1279 921 raris
1305 880 1537 932 ordinibus,

126 945 201 978 aut
222 936 275 978 ad
297 937 621 979 circumeundos
642 937 796 987 hostes,
815 946 887 978 aut
908 952 961 978 ne
984 937 1064 993 ipsi
1085 938 1419 988 circumirentur,
1437 954 1538 980 con—

126 994 333 1044 stiterant,
376 994 500 1036 latius
540 995 750 1051 patefacta
789 995 916 1035 stetit.
1003 994 1201 1044 Sinistris,
1243 1005 1537 1053 praeterquam

126 1051 244 1107 quod
264 1052 536 1094 confertiores
556 1061 771 1102 steterant,
794 1052 1017 1108 repentino
1038 1052 1213 1094 consilio
1235 1052 1415 1094 Poetelii
1436 1069 1538 1095 con-

124 1108 225 1150 sulis
246 1109 414 1151 additae
436 1110 570 1151 vires:
603 1110 677 1166 qui
698 1109 966 1151 subsidiarias
987 1110 1193 1160 cohortes,
1217 1126 1324 1175 quae
1347 1111 1535 1168 integrae

124 1166 178 1208 ad
205 1166 406 1224 longioris
434 1183 601 1224 pugnae
631 1183 750 1209 casus
778 1168 1144 1217 reservabantur,
1134 1183 1177 1208 1n
1199 1168 1410 1224 primam
1400 1170 1534 1211 aciem

123 1225 339 1289 extemplo
359 1225 521 1275 emisit3
545 1225 836 1281 universisque
853 1225 1016 1267 hostem
1038 1226 1175 1282 primo
1197 1226 1360 1282 impetu
1377 1227 1535 1278 viribus

121 1281 303 1339 impulit.
381 1282 610 1325 Commota
648 1283 834 1339 pedestri
875 1283 963 1324 acie
1009 1282 1276 1333 Samnitium,
1319 1299 1449 1340 eques
1488 1285 1534 1325 in

120 1354 310 1396 pugnam
339 1340 538 1382 succedit.
602 1340 653 1381 In
682 1341 809 1389 hunc,
833 1349 1067 1382 transverso
1094 1341 1262 1397 agmine
1291 1341 1402 1383 inter
1429 1342 1534 1383 duas

122 1397 233 1439 acies
265 1413 308 1440 se
346 1398 612 1448 inscientem,
650 1398 869 1439 Romanus
905 1398 1117 1455 equitatus
1153 1399 1337 1440 concitat
1372 1415 1530 1455 equos;

121 1455 326 1512 signaque
363 1465 406 1497 et
446 1456 616 1497 ordines
655 1456 849 1512 peditum
891 1464 1018 1521 atque
1059 1456 1253 1512 equitum
1294 1457 1531 1507 confundit,

121 1512 258 1555 donec
287 1514 526 1555 universam
555 1514 606 1555 ab
632 1529 682 1555 ea
708 1522 825 1569 parte
855 1514 1006 1555 avertit
1032 1514 1177 1555 aciem.
1241 1513 1293 1554 In
1323 1530 1375 1555 eo
1400 1529 1533 1555 cornu

121 1585 209 1612 non
232 1570 447 1613 Poetelius
475 1571 598 1621 solus,
622 1571 695 1612 sed
721 1570 932 1627 Sulpicius
960 1571 1102 1620 etiam,
1125 1571 1314 1613 hortator
1341 1572 1530 1622 affuerat,

120 1637 292 1671 avectus
313 1630 365 1671 ab
382 1629 467 1670 suis
489 1629 680 1670 nondum
703 1628 1020 1670 conserentibus
1041 1643 1192 1669 manus
1213 1629 1267 1670 ad
1289 1628 1529 1680 clamorem,

119 1686 172 1727 ab
198 1686 366 1728 sinistra
393 1695 510 1743 parte
542 1687 659 1743 prius
687 1694 893 1728 exortum.
958 1685 1101 1736 Unde,
1125 1686 1239 1727 haud
1268 1687 1441 1728 dubiam
1469 1688 1530 1729 vi-

118 1744 294 1785 ctoriam
316 1759 505 1809 eernenS,
529 1759 662 1800 quum
684 1744 737 1785 ad
759 1759 883 1785 suum
908 1759 1041 1785 cornu
1070 1744 1264 1786 tenderet
1289 1760 1387 1786 cum
1413 1745 1528 1787 mille

117 1801 311 1844 ducentis
339 1802 450 1852 viris,
477 1801 722 1843 dissimilem
754 1802 812 1843 ibi
841 1801 1054 1843 fortunam
1085 1802 1274 1843 invenit:
1311 1802 1529 1845 Romanos

55 1900 61 1907 ,
116 1857 210 1901 loco
230 1859 385 1916 pulsos,
408 1860 612 1902 victorem
634 1859 798 1901 hostem
821 1860 940 1916 signa
960 1860 1005 1900 in
1027 1859 1240 1916 perculsos
1261 1860 1525 1902 inferentem.

120 1915 325 1959 Ceterum
346 1918 489 1959 omnia
510 1917 688 1958 mutavit
715 1927 889 1973 repente
918 1917 1102 1958 consulis
1130 1917 1348 1959 adventus.
1413 1917 1527 1960 Nam

117 1983 161 2016 et
186 1984 417 2031 conspectu
438 1975 558 2016 ducis
586 1975 767 2016 refectus
788 1974 969 2015 militum
999 1983 1062 2015 est
1091 1975 1281 2016 animus:
1316 1983 1370 2024 et,
1394 1975 1529 2017 maius

117 2046 246 2097 quam
317 2048 362 2073 ro
399 2047 576 2073 numero
617 2031 836 2081 auxilium,
874 2031 1134 2072 advenerant
1167 2031 1296 2072 fortes
1332 2032 1435 2073 viri:
1484 2042 1527 2074 et

115 2090 245 2155 parti-s
266 2048 437 2130 aiierius
459 2089 632 2130 victoria
652 2089 808 2138 audita,
831 2104 930 2129 mox
953 2089 1039 2129 visa
1060 2089 1200 2138 etiam,
1223 2088 1430 2145 proelium
1460 2105 1528 2131 re-

115 2147 263 2189 stituit
318 2147 430 2189 Tota
450 2146 637 2188 deinde
629 2162 711 2187 lam
733 2146 902 2187 vinceic
925 2146 1012 2187 acie
1039 2147 1271 2196 Romanus,
1295 2156 1349 2196 et,
1372 2147 1526 2189 omisso
1540 2159 1687 2192 Vincunt

84 2205 358 2255 scertamine‚
381 2205 501 2246 caedi
530 2204 708 2260 capique
739 2203 974 2253 Samnitem
1008 2204 1087 2244 nisi
1114 2204 1187 2260 qui
1215 2203 1523 2255 Maleventum,
1540 2203 1691 2235 Romani.

115 2263 183 2305 cui
215 2278 329 2304 nunc
362 2263 453 2304 urbi
483 2261 777 2303 Beneventum
811 2277 964 2303 nomen
994 2270 1069 2311 est,
1099 2261 1385 2318 perfugerunt.
1450 2263 1523 2304 Ad

115 2321 289 2386 triginta
309 2320 440 2362 millia
460 2335 579 2362 caesa
601 2329 673 2361 aut
694 2328 817 2376 capta
841 2318 1108 2369 Samnitium,
1127 2319 1339 2376 proditum
1363 2336 1522 2363 memo-

115 2378 200 2421 riae
223 2388 297 2420 est.

175 2436 398 2487 Consules,
429 2436 598 2491 egregit
632 2435 803 2476 victoria
835 2444 966 2491 parta,
996 2435 1188 2492 protinus
1221 2435 1320 2476 inde
1352 2435 1405 2477 ad
1439 2435 1522 2477 Bo-
1606 2437 1673 2476 28.

113 2494 284 2537 vianum
321 2493 656 2551 oppugnandum
699 2493 886 2547 legiones
921 2493 1109 2534 ducunt:
1160 2493 1303 2549 ibique
1345 2493 1523 2536 hiberna

158 2673 175 2703 5
199 2664 439 2699 Maleventum]
469 2663 494 2693 Λ
512 2662 622 2698 grui!
625 2667 667 2692 ite
686 2672 721 2690 u·
726 2665 791 2690 uto-
843 2660 993 2697 nst-alig.
1011 2661 1095 2692 ΠΗ».
1118 2661 1180 2692 Sed
1195 2661 1254 2691 hac
1268 2671 1384 2692 nomen
1394 2661 1520 2693 Graeca

112 2716 183 2737 rum
207 2706 251 2736 sic
267 2705 403 2739 dictum
420 2705 481 2744 (ita
502 2703 755 2743 1’10c0p.('oth.
775 2702 792 2733 i.
839 2714 858 2730 o
862 2703 960 2741 riginc
977 2704 1073 2734 fuisse
1091 2708 1198 2734 censet
1216 2703 1350 2734 Niebhr.
1368 2704 1387 2735 i.
1405 2715 1435 2736 n.
1452 2707 1519 2744 148.

116 2750 182 2789 15.)
205 2750 259 2779 cm'
283 2759 371 2778 nnnc
396 2749 468 2777 urm*
495 2749 712 2778 lit-neumam
741 2757 792 2775 ηο-
839 2745 892 2785 qui
911 2747 1135 2776 nlalmmnlnm
1161 2746 1244 2776 idem
1271 2756 1387 2777 nornen
1411 2747 1519 2783 sume,

112 2802 185 2822 men
200 2795 257 2827 est,
273 2791 348 2821 inde
364 2791 405 2820 ab
426 2790 467 2820 1¹.
481 2790 508 2820 (⁸
513 2814 518 2820 .
538 2792 609 2828 485.
627 2799 690 2828 qun
706 2799 792 2818 unno
837 2789 922 2827 quod
933 2789 1147 2823 illrtlnenlum,
1160 2788 1370 2820 hanandon
1382 2789 1520 2826 Graece,

112 2834 200 2865 facta
212 2839 259 2864 est
279 2833 407 2864 colonia
425 2833 521 2864 Rom.
539 2837 569 2862 ct
584 2831 660 2862 mali
675 2831 792 2861 ominis
837 2842 900 2861 unu
918 2841 991 2861 eum
1009 2831 1167 2862 Salam-io
1188 2831 1364 2869 existimat,
1380 2837 1411 2863 et
1433 2833 1519 2863 simi—

112 2886 230 2908 nomen
248 2880 495 2907 commutatum.
527 2875 568 2905 cf.
584 2874 666 2905 I‘lin.
687 2874 730 2904 11.
750 2873 792 2904 N.
840 2874 912 2903 litor
942 2876 1156 2907 Grumentum
1190 2873 1275 2905 idem
1314 2879 1413 2915 atque
1444 2879 1519 2916 xpu-

112 2918 156 2951 iii.
170 2929 179 2950 ι
191 2929 215 2951 1.
232 2918 277 2951 16.
289 2924 321 2950 et
329 2918 445 2950 Festus
457 2929 483 2950 ν.
494 2919 726 2953 Beneventum,
739 2916 793 2947 uhi
837 2916 932 2955 μύω.
1258 2962 1282 3000 2

1139 2972 1171 3001 Μ
1193 2974 1234 3001 m
