1934 3211
186 307 232 339 U.
249 307 287 338 C.
306 315 376 347 339.

186 351 225 380 A.
250 350 288 381 C.
306 358 378 388 413.

273 2066 341 2104 49.

206 2122 250 2152 U.
268 2121 304 2152 C.
324 2130 394 2159 340.

203 2165 243 2194 A.
269 2164 305 2194 C.
324 2173 395 2202 412.

206 2205 411 2241 P.Cornelio,

204 2248 328 2278 etc.Tr.
337 2247 410 2278 Mil.

206 2355 325 2403 Bolani

205 2402 291 2428 Victi.

401 201 484 243 274
922 196 1070 239 ΤΙΤΙ
1107 196 1176 238 LI
1189 196 1288 238 VII

405 290 678 332 ‘adhibeatur
718 288 861 329 oratio,
924 288 1007 329 Pro
1047 288 1214 329 fortuna
1249 287 1331 328 illis
1372 286 1532 327 animos
1568 300 1683 327 esse:
1726 284 1801 326 ubi

406 355 418 373 ‘
430 348 613 397 videant,
636 345 816 402 collegas
836 345 1048 401 principes
1069 345 1255 401 agendae
1277 345 1337 386 rei
1357 344 1533 400 gratiam
1556 357 1727 384 omnem
1747 341 1803 382 ad

407 405 599 462 ‘plebem
639 417 979 460 praeoccupasse,
1013 417 1091 443 nec
1127 402 1267 443 locum
1301 402 1345 442 in
1381 417 1431 442 ea
1465 400 1660 441 relictum
1694 399 1800 448 sibi3

407 470 419 488 ⁶
435 462 550 504 haud
570 470 737 517 gravate
759 459 1034 501 acclinaturos
1055 475 1096 500 se
1119 459 1172 500 ad
1193 474 1359 500 causam
1380 467 1561 507 senatus,
1578 471 1655 513 per
1675 471 1804 512 quam

409 520 628 562 ‘universo
661 517 799 559 ordini
841 532 937 557 cum
970 516 1220 571 primoribus
1261 531 1303 556 se
1340 516 1515 556 Patrum
1551 513 1833 555 concilient.’1

409 576 755 634 Approbantibus
786 573 960 621 cunetis,
983 581 1026 613 et
1052 581 1149 613 ante
1178 588 1324 613 omnes
1356 571 1409 619 Q.
1437 571 1612 612 Servilio
1643 571 1802 619 Prisco,

410 634 525 691 quod
545 648 631 673 non
653 632 946 686 degenerasset
967 630 1018 669 ab
1039 629 1166 684 stirpe
1192 628 1384 677 Claudia,
1403 628 1666 668 collaudante
1688 628 1805 668 iuve-

410 707 522 740 nem,
546 689 763 744 negotium
793 687 928 734 datur,
952 694 1012 734 ut,
1036 700 1141 741 quos
1167 685 1346 741 quisque
1374 693 1515 740 posset
1542 699 1596 725 ex
1627 684 1805 740 collegio

410 749 687 793 tribunorum,
710 744 760 784 ad
790 743 1133 783 intercessionem
1161 742 1418 798 pellicerent.
1482 741 1616 782 Misso
1643 750 1805 790 senatu,

410 811 660 861 prensantur
695 802 746 841 ab
787 800 1047 856 principibus
1089 800 1268 840 tribuni:
1312 798 1541 848 suadendo,
1578 798 1806 848 monendo,

410 859 734 918 pollicendoque
757 866 922 913 gratum
944 857 988 897 id
1009 856 1183 912 singulis
1204 857 1412 912 privatim,
1431 865 1596 912 gratum
1611 856 1807 897 universo

413 917 576 959 senatui
597 917 699 965 fore,
714 930 786 956 sex
809 914 861 955 ad
883 914 1222 955 intercessionem
1246 929 1549 970 comparavere.
1611 913 1808 954 Postero·
1822 932 1839 953 2

414 991 496 1031 que
528 974 596 1014 die
626 988 758 1029 quum
784 987 837 1013 ex
863 972 1093 1027 composito
1118 971 1295 1012 relatum
1321 971 1374 1012 ad
1403 980 1592 1012 senatum
1620 979 1728 1012 esset
1755 970 1808 1011 de

413 1032 633 1080 seditione,
682 1045 809 1085 quam
857 1029 1082 1069 Maecilius
1130 1028 1408 1084 Metiliusque
1450 1028 1669 1084 largitione
1715 1042 1808 1083 pes-

414 1090 507 1130 simi
541 1088 724 1143 exempli
755 1086 997 1135 concirent3
1041 1101 1114 1127 eae
1151 1087 1358 1127 orationes
1389 1101 1413 1126 a
1442 1086 1693 1142 primoribus
1729 1084 1811 1125 Pa-

415 1156 526 1187 trum
569 1146 736 1186 habitae
776 1153 887 1193 sunt,
928 1152 976 1184 ut
1011 1158 1087 1199 pro
1130 1159 1172 1184 se
1214 1144 1392 1199 quisque
1435 1144 1519 1184 iam
1555 1158 1634 1183 nec
1674 1142 1811 1183 consi-

414 1204 520 1244 lium
550 1203 629 1244 sibi
661 1210 884 1258 suppetere
920 1201 1093 1250 diceret,
1125 1215 1203 1241 nec
1240 1216 1282 1241 se
1316 1201 1444 1242 ullam
1480 1215 1604 1256 opem
1639 1214 1810 1240 cernere

415 1261 537 1302 aliam
559 1275 750 1316 usquam,
773 1267 1067 1315 praeterquam
1096 1258 1140 1298 in
1169 1258 1394 1299 tribunicio
1415 1257 1584 1299 auxilio.
1648 1256 1701 1298 In
1721 1257 1812 1298 eius

415 1318 631 1374 potestatis
653 1317 781 1358 fidem
810 1317 1138 1357 circumventam
1167 1315 1482 1372 rempublicam,
1505 1324 1706 1370 tanquam
1727 1314 1813 1370 pri-

415 1384 559 1416 vatum
590 1375 773 1430 inopem,
804 1374 1042 1429 confugere.
1105 1373 1372 1415 Praeclarum
1404 1373 1504 1429 ipsis
1530 1371 1812 1428 potestatique

417 1447 518 1481 esse,
551 1448 637 1472 non
668 1432 721 1472 ad
752 1431 993 1472 vexandum
1025 1440 1215 1471 senatum
1248 1430 1584 1486 discordiamque
1616 1429 1813 1470 ordinum

417 1489 669 1530 movendam
690 1489 783 1544 plus
804 1489 847 1528 in
869 1488 1085 1528 tribunatu
1105 1488 1256 1529 virium
1278 1503 1379 1537 esse,
1399 1503 1525 1544 quam
1547 1487 1600 1528 ad
1620 1486 1815 1527 resisten-

418 1546 519 1586 dum
549 1546 748 1601 improbis
776 1545 956 1600 collegis.
1021 1545 1230 1587 Fremitus
1251 1545 1406 1586 deinde
1437 1544 1621 1585 universi
1646 1552 1815 1585 senatus

418 1612 545 1651 ortus,
578 1617 710 1657 quum
747 1617 800 1642 ex
832 1602 1026 1642 omnibus
1056 1603 1242 1658 partibus
1273 1603 1414 1643 curiae
1444 1602 1602 1643 tribuni
1632 1600 1816 1657 appella-

419 1669 585 1701 rentur:
621 1669 723 1708 tum,
757 1659 922 1699 silentio
953 1659 1075 1707 facto,
1102 1659 1143 1708 ii,
1201 1660 1244 1699 ui
1275 1660 1510 1715 praeparati
1538 1668 1657 1699 erant
1682 1658 1817 1714 gratia

420 1717 671 1773 principum,
687 1731 814 1771 quam
831 1716 1089 1771 rogationem
1104 1731 1128 1756 a
1145 1675 1314 1771 cblllegis
1327 1716 1633 1771 promulgatam
1647 1723 1816 1756 senatus

421 1782 589 1815 censeat
624 1772 913 1813 dissolvendae
948 1772 1202 1827 reipublicae
1235 1788 1336 1821 esse,
1371 1774 1409 1813 ei
1440 1788 1482 1813 se
1518 1773 1817 1813 intercessuros

421 1830 661 1871 ostendunt.
727 1829 899 1870 Gratiae
922 1829 1265 1870 intercessoribus
1286 1831 1337 1870 ab
1363 1838 1513 1870 senatu
1540 1838 1669 1871 actae.
1733 1828 1817 1870 La-

422 1897 534 1928 tores
555 1887 795 1943 rogationis,
820 1886 1022 1927 concione
1052 1886 1264 1936 advocata,
1287 1887 1522 1942 proditores
1542 1886 1678 1942 plebis
1700 1901 1816 1927 com-

421 1945 642 1985 modorum
665 1960 711 1984 ac
741 1959 879 1984 servos
908 1943 1189 1984 consularium
1216 1944 1488 1999 appellantes,
1511 1944 1675 1999 aliaque
1709 1943 1816 1984 truci

422 2002 608 2042 oratione
631 2001 674 2040 iu
697 2001 876 2055 collegas
898 2001 1066 2049 invecti,
1089 2001 1297 2041 actionem
1321 2001 1563 2056 deposuere.
1861 2043 1863 2047 Α

480 2059 581 2099 Duo
615 2058 781 2098 assidua
814 2057 923 2098 bella
956 2058 1183 2113 insequens
1217 2073 1350 2099 annus
1386 2058 1611 2108 habuisset,
1644 2073 1729 2114 quo
1765 2057 1849 2104 P.3

425 2114 650 2156 Cornelius
675 2114 844 2163 Cossus,
871 2114 922 2155 C.
947 2114 1142 2155 Valerius
1171 2115 1350 2164 Potitus,
1378 2115 1430 2163 Q.
1461 2115 1689 2163 Quinctius
1713 2114 1819 2156 Cin-

422 2173 628 2222 cinnatus,
663 2171 718 2212 N.
743 2172 896 2213 Fabius
927 2171 1176 2221 Vibulanus,
1209 2172 1366 2213 tribuni
1400 2172 1581 2213 militum
1612 2171 1852 2218 consulari4

423 2238 629 2285 potestate
651 2229 845 2277 fuerunt,
879 2229 923 2268 ni
945 2228 1106 2269 Veiens
1127 2228 1283 2269 bellum
1305 2229 1452 2285 religio
1472 2229 1713 2285 principum
1734 2229 1819 2269 dis-

423 2287 597 2336 tulisset,
621 2301 802 2341 quorum
824 2300 943 2340 agros
965 2285 1144 2334 Tiberis,
1168 2301 1293 2341 super
1313 2286 1422 2342 ripas
1444 2286 1612 2335 effusus,
1635 2286 1818 2326 maxime

422 2344 554 2384 ruinis
594 2343 786 2384 villarum
826 2342 1014 2382 vastavit.
1101 2342 1235 2384 Simul
1283 2342 1458 2398 Aequos
1498 2342 1680 2383 triennio
1721 2349 1817 2382 ante

468 2477 479 2496 1
512 2468 669 2498 Universo
683 2466 789 2496 ordini
809 2476 880 2495 cum
901 2466 1099 2504 primoribus
1144 2464 1271 2494 videtur
1287 2464 1348 2503 Ap.
1363 2463 1522 2495 Claudius
1536 2463 1608 2495 infr.
1623 2474 1651 2493 v.
1670 2473 1697 2493 2.
1714 2466 1818 2494 muta-

420 2520 453 2540 se
469 2510 626 2546 Patrum]
653 2518 695 2538 sc.
711 2508 788 2538 Non
804 2511 931 2537 tantum
955 2506 1098 2546 primori·
1143 2506 1265 2536 tionem
1281 2507 1456 2545 quandam,
1472 2516 1556 2545 quae
1577 2505 1720 2545 patriciis
1740 2505 1818 2535 obli-

421 2552 480 2580 bus
496 2555 637 2589 patrum,
651 2550 706 2580 sed
719 2549 815 2579 etiam
833 2549 981 2579 universo
997 2548 1099 2579 ordini
1145 2558 1207 2587 que
1233 2548 1366 2585 faveret,
1393 2548 1515 2579 fecisse.
1546 2548 1586 2579 cf.
1612 2547 1710 2578 Dion.
1736 2547 1819 2578 Exc.

421 2603 453 2622 ae
470 2593 653 2623 concilient.
679 2592 794 2622 DRAK.
1145 2590 1222 2620 Vat.
1239 2591 1302 2620 xiv.
1319 2588 1407 2620 οὐδὲν
1421 2590 1481 2630 γὰρ
1497 2591 1629 2629 ὤφελος,
1651 2590 1691 2620 ὡς
1714 2587 1818 2628 ε’·γίνω-

466 2645 481 2664 2
503 2637 566 2665 Seoe
582 2636 625 2664 acl
639 2634 912 2671 intercessionem]
934 2632 1100 2671 Suffragiis
1144 2642 1232 2669 σκον,
1262 2631 1311 2669 ἧν,
1339 2631 1365 2662 εἰ
1394 2632 1443 2662 καὶ
1474 2631 1516 2663 εἷς
1548 2633 1637 2670 σφῶν
1666 2631 1819 2662 ἀντεῖπεν.

422 2677 551 2706 maioris
567 2675 667 2715 partis
681 2675 882 2705 tribunorum
896 2675 1100 2714 quaestiones
1146 2674 1282 2705 Niebhr.
1301 2675 1331 2705 ii.
1349 2685 1380 2705 n.
1397 2674 1469 2715 965.

421 2719 527 2748 adhuc
554 2718 587 2747 in
615 2717 750 2757 collegio
776 2717 977 2747 tribunorum
1008 2716 1097 2746 finie-
1188 2727 1205 2755 3
1227 2718 1371 2747 Assidua
1393 2717 1491 2753 bella]
1530 2716 1654 2746 Vocem
1677 2716 1820 2752 assidua,

424 2760 550 2796 bantur,
565 2760 604 2790 cf.
621 2769 706 2798 supr.
724 2769 773 2798 42.
806 2759 861 2789 ubi
885 2759 989 2798 pictas
1007 2764 1097 2799 quat·
1143 2769 1226 2797 quae
1258 2759 1422 2789 Crevicrio
1452 2757 1610 2788 eiicienda
1640 2758 1819 2793 videbatur,

423 2805 495 2829 lum·
521 2801 720 2831 tribunomm
749 2801 827 2831 nihil
857 2801 1006 2831 valebat:
1042 2801 1097 2830 sed
1143 2800 1265 2830 omittit
1283 2801 1423 2831 Bekke-r.

424 2841 487 2870 iam
503 2847 578 2871 ante
593 2853 715 2872 annum
734 2842 803 2881 360.
823 2843 866 2873 U.
883 2843 920 2874 C.
938 2853 987 2873 res
1003 2842 1096 2872 aliter
1183 2854 1202 2881 4
1224 2844 1268 2873 N.
1291 2844 1414 2872 Fabius
1441 2842 1638 2878 Vibulanus]
1677 2840 1818 2870 Praeno-

422 2892 455 2911 ιθ
483 2883 632 2918 habebat,
655 2885 784 2921 quando
810 2885 995 2914 intercessio
1020 2885 1094 2915 duo-
1139 2894 1215 2914 nien
1230 2884 1306 2914 huic
1317 2886 1511 2915 Numerium
1527 2882 1733 2913 tribuendum
1751 2891 1818 2912 esse
1853 2888 1856 2891 “

422 2934 492 2953 rum
512 2924 622 2956 valuit.
639 2924 708 2954 infr.
728 2936 753 2954 v.
767 2934 816 2963 25.
829 2936 878 2965 ²9·
913 2926 1095 2956 Niebuhrio
1141 2936 1180 2956 ex
1198 2926 1286 2956 Fast.
1304 2926 1412 2964 Capit.
1429 2929 1564 2955 constat.
