1934 3211
413 182 494 220 352
922 178 1069 220 ΤΙΤΙ
1107 176 1285 219 LIVII

200 275 242 305 U·
261 276 298 305 C·
317 274 389 313 366.
417 276 557 309 entes:
602 268 832 309 exercitum
867 283 1011 309 eorum
1044 269 1097 309 ad
1132 267 1256 309 Bolas
1292 265 1519 322 oppressit3
1562 278 1640 303 nec
1673 270 1803 302 castra

198 319 237 348 A.
262 317 299 348 C·
319 316 389 355 38⁶·
417 325 556 374 modO,
579 325 652 365 sed
673 326 819 366 urbem
840 325 966 366 etiam
988 339 1216 381 aggreSSUS,
1238 324 1400 379 impetu
1420 321 1556 378 primo
1577 319 1700 375 cepit.

283 383 321 420 3.
479 381 624 430 Quum
646 383 689 422 in
720 398 769 423 ea
788 390 919 438 parte,
941 383 986 423 in
1007 398 1091 438 qua
1111 390 1237 438 caput
1266 380 1327 421 rei
1350 380 1568 420 Romanae
1600 375 1805 417 Camillus

417 449 518 488 erat,
561 454 609 480 ea
648 439 814 480 fortuna
860 448 980 489 esset,
1021 439 1145 480 aliam
1185 439 1230 478 in
1276 446 1439 493 partem
1479 444 1610 476 terror
1656 434 1806 489 ingens

199 500 380 548 Sutripma
417 496 640 552 ingruerat.
705 496 874 537 Etruria
908 512 1038 552 prope
1075 496 1209 537 omnis
1249 503 1406 535 armata
1441 492 1640 540 Sutrium,
1674 489 1837 531 socios5

198 544 318 616 ἓξὲξ
330 545 384 575 ⁰¹³*
416 553 561 609 populi
603 553 799 602 Romani,
834 553 1073 594 obsidebat:
1120 567 1300 607 quorum
1339 549 1479 605 legati,
1522 563 1644 604 opem
1681 547 1807 588 rebus

322 610 329 617 '
416 611 575 651 affectis
589 619 766 658 orantes,
782 624 913 664 quum
935 619 1126 649 senatum
1147 608 1342 654 adissent,
1361 607 1578 646 decretum
1599 604 1745 654 tulere,
1760 610 1808 643 ut

417 667 593 708 dictator
625 667 760 721 primo
792 680 960 720 quoquc
995 674 1183 719 tempore
1217 663 1421 703 auxilium
1457 661 1636 701 Sutrinis
1667 660 1805 701 ferret.

420 724 554 764 Cuius
576 723 663 778 spei
680 736 838 762 moram
860 736 992 776 quum
1008 721 1095 776 pati
1116 721 1284 760 fortuna
1304 719 1562 759 obsessorum
1578 731 1664 757 non
1684 724 1810 772 potu-

418 781 527 827 isset,
570 778 842 833 confectaque
878 778 1066 833 paucitas
1107 776 1425 832 oppidanorum,
1468 789 1605 830 opere,
1642 772 1808 829 vigiliis,

418 836 671 883 vulneribus,
695 850 802 890 quae
830 849 995 889 semper
1023 833 1191 874 eosdem
1223 833 1441 887 urgebant,
1469 845 1545 887 per
1571 830 1809 886 pactionem

419 893 519 933 urbe
551 892 740 932 hostibus
775 891 936 939 tradita,
969 891 1149 931 inermes
1180 904 1276 930 cum
1306 888 1480 944 singulis
1513 887 1653 928 emissi
1682 886 1809 928 vesti-

418 949 584 997 mentis,
621 947 844 988 miserabili
873 948 1038 1003 agmine
1069 957 1242 1003 penates
1267 945 1579 1001 relinquerent3
1622 959 1672 984 eo
1703 943 1809 984 forte

420 1016 607 1061 tempore
633 1004 838 1046 Camillus
859 1020 956 1045 cum
985 1004 1171 1045 exercitu
1200 1003 1395 1044 Romano
1425 1001 1661 1042 intervenit.
1726 999 1810 1041 Cui

419 1078 551 1119 quum
573 1078 614 1103 se
637 1071 794 1103 maesta
815 1063 936 1103 turba
956 1061 1009 1102 ad
1029 1061 1158 1117 pedes
1178 1060 1463 1116 provolvisset,
1485 1058 1810 1114 principumque

420 1120 664 1168 orationem,
682 1120 927 1160 necessitate
950 1119 1098 1159 ultima
1110 1132 1360 1173 expressam,
1382 1116 1504 1157 fletus
1518 1115 1742 1156 mulierum
1763 1129 1811 1156 ac

420 1192 659 1233 puerorum,
675 1177 748 1232 qui
772 1176 907 1217 exsilii
929 1176 1103 1216 comites
1124 1175 1408 1223 trahebantur,
1427 1172 1685 1228 excepisset3
1717 1186 1812 1228 par-

421 1249 514 1275 cere
535 1233 728 1274 lamentis
752 1233 942 1274 Sutrinos
964 1233 1098 1274 iussit:
1135 1232 1325 1272 Etruscis
1347 1246 1389 1271 se
1416 1230 1573 1271 luctum
1602 1229 1812 1270 lacrimas-

422 1306 504 1346 que
522 1290 640 1331 ferre.
687 1290 876 1331 Sarcinas
898 1290 997 1331 inde
1016 1289 1186 1345 deponi,
1205 1288 1479 1342 Sutrinosque
1501 1287 1559 1327 ibi
1580 1285 1810 1334 considere,

423 1348 588 1388 modico
621 1347 828 1403 praesidio
851 1347 1010 1396 relicto,
1033 1361 1147 1387 arma
1177 1360 1319 1387 secum
1348 1344 1525 1385 militem
1544 1344 1651 1384 ferre
1682 1343 1810 1384 iubet.

423 1404 488 1445 Ita
504 1405 702 1460 expedito
719 1404 909 1446 exercitu
924 1404 1134 1460 profectus
1151 1403 1204 1444 ad
1223 1402 1424 1451 Sutrium,
1443 1401 1488 1442 id
1504 1401 1619 1456 quod
1632 1400 1812 1449 rebatur,

421 1461 556 1501 soluta
569 1462 720 1510 onmia,
735 1462 858 1502 rebus
873 1470 919 1502 ut
932 1462 979 1502 fit
991 1460 1198 1509 secundis,
1213 1460 1391 1500 invenit:
1420 1458 1579 1499 nullam
1592 1457 1814 1499 stationem

423 1527 518 1558 ante
545 1518 722 1567 moenia,
745 1526 936 1573 patentes
964 1526 1117 1573 portas,
1139 1517 1339 1558 victorem
1359 1531 1511 1571 vagum
1538 1514 1737 1571 praedam
1761 1528 1815 1554 ex

423 1575 608 1615 hostium
622 1575 742 1615 tectis
759 1584 1012 1629 egerentem.
1066 1574 1225 1615 Iterum
1239 1574 1367 1629 igitur
1379 1572 1528 1614 eodem
1541 1572 1610 1612 die
1627 1571 1816 1612 Sutrium

424 1631 608 1687 capitur:
642 1631 819 1671 victores
841 1631 1008 1672 Etrusci
1024 1632 1177 1687 passim
1198 1631 1463 1671 trucidantur
1484 1630 1535 1670 ab
1556 1644 1667 1670 novo
1681 1628 1814 1677 hoste,

425 1703 564 1743 neque
605 1703 647 1728 se
690 1687 982 1743 conglobandi,
1016 1687 1281 1743 coeundique
1322 1687 1366 1727 in
1408 1701 1552 1735 unum,
1594 1695 1667 1726 aut
1702 1699 1815 1725 arma

425 1745 619 1801 capiendi
640 1745 764 1785 datur
788 1745 980 1800 spatium.
1046 1744 1191 1792 Quum
1213 1759 1288 1798 pro
1316 1759 1358 1784 se
1381 1743 1559 1798 quisque
1591 1741 1816 1782 tenderent

425 1802 479 1843 ad
509 1811 661 1857 portas,
683 1802 717 1841 si
748 1816 831 1856 qua
850 1802 955 1842 forte
977 1815 1019 1841 se
1052 1801 1096 1841 in
1126 1815 1244 1855 agros
1275 1800 1423 1840 eiicere
1455 1807 1634 1854 possent,
1658 1798 1816 1839 clausas

425 1859 490 1910 (id
521 1859 635 1899 enim
664 1858 846 1913 primum
879 1858 1057 1899 dictator
1086 1858 1382 1913 imperaverat)
1411 1865 1551 1912 portas
1581 1855 1814 1896 inveniunt.

427 1915 533 1956 Inde
567 1915 637 1956 alii
667 1929 781 1955 arma
815 1930 975 1970 capere,
1009 1914 1091 1963 alii,
1126 1929 1231 1969 quos
1262 1914 1367 1954 forte
1401 1921 1578 1954 armatos
1613 1912 1817 1954 tumultus

427 1980 715 2027 occupaverat,
748 1986 975 2011 convocare
1012 1985 1120 2019 suos,
1154 1979 1202 2011 ut
1236 1970 1442 2026 proelium
1477 1970 1657 2010 inirent:
1702 1969 1818 2025 quod

427 2043 649 2069 accensum
680 2028 730 2068 ab
762 2027 1054 2083 desperatione
1086 2027 1269 2068 hostium
1299 2027 1469 2074 fuisset3
1502 2026 1547 2066 ni
1577 2041 1816 2081 praecones,

426 2100 501 2141 per
522 2086 668 2125 urbem
682 2084 853 2133 dimissi,
872 2084 972 2140 poni
994 2099 1119 2133 arma,
1134 2093 1176 2125 et
1196 2084 1310 2139 parci
1328 2083 1478 2124 inermi
1498 2083 1725 2132 iussissent,
1739 2097 1818 2124 nec

427 2150 592 2198 praeter
623 2151 802 2182 armatos
838 2156 1093 2196 quemquam
1128 2141 1284 2181 violari.
1348 2141 1462 2181 Tum
1494 2140 1633 2189 etiam,
1668 2140 1820 2196 quibus

428 2199 556 2239 animi
570 2199 614 2238 in
636 2213 707 2254 spe
730 2197 877 2239 ultima
897 2197 1092 2239 obstinati
1114 2197 1168 2238 ad
1189 2197 1491 2238 decertandum
1505 2196 1685 2246 fuerant,
1707 2204 1851 2253 post-6

428 2271 554 2311 quam
576 2255 674 2296 data
693 2270 786 2310 spes
808 2254 916 2295 vitae
945 2263 1019 2303 est,
1042 2255 1193 2295 iactare
1213 2254 1365 2310 passim
1393 2269 1518 2302 arma,
1540 2253 1818 2309 inermesque,

427 2312 543 2368 quod
565 2312 695 2352 tutius
715 2312 882 2352 fortuna
901 2311 1068 2360 fecerat,
1083 2327 1126 2352 se
1146 2311 1255 2351 hosti
1277 2311 1435 2351 offerre.
1499 2309 1659 2365 Magna
1679 2310 1820 2350 multi-

428 2369 530 2410 tudo
561 2369 606 2408 in
627 2368 836 2409 custodias
866 2367 1021 2408 divisa:
1056 2367 1259 2423 oppidum
1292 2375 1389 2408 ante
1418 2375 1585 2407 noctem
1606 2366 1820 2407 redditum

431 2425 611 2466 Sutrinis
638 2424 883 2465 inviolatum
904 2424 1199 2479 integrumque
1222 2424 1273 2465 ab
1304 2423 1419 2464 omni
1441 2422 1557 2463 clade
1585 2422 1698 2472 belli,
1721 2422 1821 2479 quia

429 2497 512 2522 non
560 2482 601 2522 vi
649 2489 831 2537 captum,
874 2480 948 2521 sed
995 2480 1195 2521 traditum
1241 2495 1317 2535 per
1364 2479 1626 2520 conditiones
1671 2479 1817 2521 fuerat.

212 2592 241 2621 T
263 2592 268 2597 ¹
295 2539 335 2575 4·
353 2593 372 2622 h
433 2538 636 2579 Camillus
658 2538 701 2578 in
723 2538 868 2578 urbem
891 2537 1151 2592 triumphans
1172 2536 1307 2585 rediit,
1326 2536 1451 2577 trium
1473 2535 1596 2576 simul
1617 2536 1821 2578 bellorum

247 2602 350 2631 rlump
376 2596 417 2625 at.

482 2688 498 2716 5
522 2679 685 2715 Satrium]
735 2678 801 2707 Res
826 2678 930 2707 eodem
955 2678 1031 2714 sere
1061 2682 1101 2707 te-
1148 2686 1236 2706 mum
1264 2686 1363 2715 usque
1388 2677 1597 2707 certandum:
1622 2677 1736 2707 eodem
1755 2677 1820 2707 fere

434 2731 509 2750 nore
537 2723 645 2759 gestae
671 2718 806 2748 totidem
833 2719 934 2749 verbis
960 2729 1011 2749 an.
1033 2718 1103 2759 369.
1147 2719 1244 2748 modo
1257 2720 1444 2757 depuynare
1459 2718 1498 2748 de
1510 2718 1751 2757 gladiatoribus,
1765 2718 1820 2757 qui

438 2761 478 2791 U.
496 2762 533 2791 C.
558 2765 737 2797 narrantur,
760 2761 840 2790 adeo
864 2764 898 2790 ut
923 2760 1104 2790 Niebuhrio
1148 2770 1249 2798 usque
1267 2761 1308 2790 ad
1331 2770 1444 2790 necem
1462 2759 1648 2790 alterutrius
1665 2763 1819 2800 pugnant.

433 2802 571 2840 suspicio
598 2806 685 2832 mota
712 2802 763 2839 sit,
789 2802 868 2832 haec
895 2802 1003 2832 onmia
1030 2803 1105 2832 ficta
1150 2803 1236 2832 Suet.
1269 2802 1361 2833 Caes.
1394 2811 1443 2841 39.
1483 2802 1552 2833 Cic.
1585 2802 1676 2832 Fam.
1706 2811 1736 2831 x.
1769 2810 1817 2839 32.

435 2852 511 2872 csse.
1149 2844 1263 2874 Dum-1.

482 2882 500 2911 6
524 2885 776 2921 Decerlnmlnm]
814 2886 843 2915 h.
869 2896 894 2915 e.
922 2887 972 2915 Ad
1000 2889 1102 2915 extre-
