<?xml version="1.0" encoding="UTF-8"?>
<!DOCTYPE html PUBLIC "-//W3C//DTD XHTML 1.0 Transitional//EN"
    "http://www.w3.org/TR/xhtml1/DTD/xhtml1-transitional.dtd">
<html xmlns="http://www.w3.org/1999/xhtml" xml:lang="en" lang="en">
 <head>
  <title>
</title>
<meta http-equiv="Content-Type" content="text/html;charset=utf-8" />
  <meta name='ocr-system' content='tesseract 3.04.00' />
  <meta name='ocr-capabilities' content='ocr_page ocr_carea ocr_par ocr_line ocrx_word'/>
</head>
<body>
  <div class='ocr_page' id='page_1' title='image "./historiarumli01livyuoft_0081.png"; bbox 0 0 1934 3211; ppageno 0'>
   <div class='ocr_carea' id='block_1_1' title="bbox 546 210 1045 253">
    <p class='ocr_par' dir='ltr' id='par_1_1' title="bbox 546 210 1045 253">
     <span class='ocr_line' id='line_1_1' title="bbox 546 210 1045 253; baseline 0.002 -1"><span class='ocrx_word' id='word_1_1' title='bbox 546 211 670 252; x_wconf 93' lang='lat' dir='ltr'>LIB.</span> <span class='ocrx_word' id='word_1_2' title='bbox 711 210 744 251; x_wconf 88' lang='grc' dir='ltr'>Ι.</span> <span class='ocrx_word' id='word_1_3' title='bbox 792 210 938 253; x_wconf 86' lang='lat' dir='ltr'><strong>CAP.</strong></span> <span class='ocrx_word' id='word_1_4' title='bbox 980 215 1045 253; x_wconf 92' lang='lat'>60.</span> 
     </span>
    </p>
   </div>
   <div class='ocr_carea' id='block_1_2' title="bbox 1439 217 1492 255">
    <p class='ocr_par' dir='ltr' id='par_1_2' title="bbox 1439 217 1492 255">
     <span class='ocr_line' id='line_1_2' title="bbox 1439 217 1492 255; baseline 0 0"><span class='ocrx_word' id='word_1_5' title='bbox 1439 217 1492 255; x_wconf 89' lang='lat'>69</span> 
     </span>
    </p>
   </div>
   <div class='ocr_carea' id='block_1_3' title="bbox 104 299 1492 359">
    <p class='ocr_par' dir='ltr' id='par_1_3' title="bbox 104 299 1492 359">
     <span class='ocr_line' id='line_1_3' title="bbox 104 299 1492 359; baseline 0.001 -16"><span class='ocrx_word' id='word_1_6' title='bbox 104 299 234 343; x_wconf 77' lang='lat' dir='ltr'>Tullii</span> <span class='ocrx_word' id='word_1_7' title='bbox 273 302 399 342; x_wconf 87' lang='lat' dir='ltr'>creati</span> <span class='ocrx_word' id='word_1_8' title='bbox 435 310 546 352; x_wconf 86' lang='lat' dir='ltr'>sunt,</span> <span class='ocrx_word' id='word_1_9' title='bbox 584 301 633 343; x_wconf 96' lang='lat' dir='ltr'>L.</span> <span class='ocrx_word' id='word_1_10' title='bbox 677 301 826 343; x_wconf 88' lang='lat' dir='ltr'>Iunius</span> <span class='ocrx_word' id='word_1_11' title='bbox 867 301 1025 343; x_wconf 90' lang='lat' dir='ltr'>Brutus</span> <span class='ocrx_word' id='word_1_12' title='bbox 1065 310 1109 344; x_wconf 87' lang='lat' dir='ltr'>et</span> <span class='ocrx_word' id='word_1_13' title='bbox 1146 302 1195 342; x_wconf 92' lang='lat' dir='ltr'>L.</span> <span class='ocrx_word' id='word_1_14' title='bbox 1235 302 1492 359; x_wconf 84' lang='lat' dir='ltr'>Tarquinius</span> 
     </span>
    </p>
   </div>
   <div class='ocr_carea' id='block_1_4' title="bbox 70 357 353 400">
    <p class='ocr_par' dir='ltr' id='par_1_4' title="bbox 70 357 353 400">
     <span class='ocr_line' id='line_1_4' title="bbox 70 357 353 400; baseline 0 0"><span class='ocrx_word' id='word_1_15' title='bbox 70 359 91 391; x_wconf 89' lang='lat'>8</span> <span class='ocrx_word' id='word_1_16' title='bbox 106 357 353 400; x_wconf 81' lang='lat' dir='ltr'>Collatinus.</span> 
     </span>
    </p>
   </div>
   <div class='ocr_carea' id='block_1_5' title="bbox 98 501 775 972">
    <p class='ocr_par' dir='ltr' id='par_1_5' title="bbox 98 501 775 834">
     <span class='ocr_line' id='line_1_5' title="bbox 99 501 772 543; baseline -0.003 -9"><span class='ocrx_word' id='word_1_17' title='bbox 99 512 163 543; x_wconf 92' lang='lat' dir='ltr'>que</span> <span class='ocrx_word' id='word_1_18' title='bbox 175 505 312 534; x_wconf 69' lang='lat' dir='ltr'>testatur</span> <span class='ocrx_word' id='word_1_19' title='bbox 325 502 470 534; x_wconf 82' lang='lat' dir='ltr'>Servium</span> <span class='ocrx_word' id='word_1_20' title='bbox 494 501 527 532; x_wconf 87' lang='lat' dir='ltr'>in</span> <span class='ocrx_word' id='word_1_21' title='bbox 549 501 658 533; x_wconf 81' lang='lat' dir='ltr'>animo</span> <span class='ocrx_word' id='word_1_22' title='bbox 673 502 772 533; x_wconf 86' lang='lat' dir='ltr'>habu-</span> 
     </span>
     <span class='ocr_line' id='line_1_6' title="bbox 99 544 772 586; baseline -0.003 -9"><span class='ocrx_word' id='word_1_23' title='bbox 99 545 159 577; x_wconf 77' lang='lat' dir='ltr'>isoe</span> <span class='ocrx_word' id='word_1_24' title='bbox 177 545 338 586; x_wconf 85' lang='lat' dir='ltr'><strong>deponere</strong></span> <span class='ocrx_word' id='word_1_25' title='bbox 359 544 541 585; x_wconf 83' lang='lat' dir='ltr'>imperium.</span> <span class='ocrx_word' id='word_1_26' title='bbox 588 545 699 576; x_wconf 83' lang='lat' dir='ltr'>Potuit</span> <span class='ocrx_word' id='word_1_27' title='bbox 714 545 772 576; x_wconf 83' lang='lat' dir='ltr'>ita-</span> 
     </span>
     <span class='ocr_line' id='line_1_7' title="bbox 99 587 771 628; baseline -0.003 -8"><span class='ocrx_word' id='word_1_28' title='bbox 99 598 162 628; x_wconf 81' lang='lat' dir='ltr'>que</span> <span class='ocrx_word' id='word_1_29' title='bbox 187 587 434 620; x_wconf 82' lang='lat' dir='ltr'>commentarios</span> <span class='ocrx_word' id='word_1_30' title='bbox 458 587 626 625; x_wconf 82' lang='lat' dir='ltr'>conficere,</span> <span class='ocrx_word' id='word_1_31' title='bbox 648 587 681 618; x_wconf 92' lang='lat' dir='ltr'>in</span> <span class='ocrx_word' id='word_1_32' title='bbox 705 587 771 627; x_wconf 88' lang='lat' dir='ltr'>qui-</span> 
     </span>
     <span class='ocr_line' id='line_1_8' title="bbox 99 630 772 672; baseline -0.001 -10"><span class='ocrx_word' id='word_1_33' title='bbox 99 631 158 662; x_wconf 73' lang='lat' dir='ltr'>bus</span> <span class='ocrx_word' id='word_1_34' title='bbox 169 641 241 662; x_wconf 83' lang='lat' dir='ltr'>eam</span> <span class='ocrx_word' id='word_1_35' title='bbox 255 631 413 672; x_wconf 78' lang='lat' dir='ltr'>regendae</span> <span class='ocrx_word' id='word_1_36' title='bbox 428 630 625 670; x_wconf 84' lang='lat' dir='ltr'>reipublicae</span> <span class='ocrx_word' id='word_1_37' title='bbox 636 631 772 661; x_wconf 86' lang='lat' dir='ltr'>formam</span> 
     </span>
     <span class='ocr_line' id='line_1_9' title="bbox 99 673 775 713; baseline -0.003 -8"><span class='ocrx_word' id='word_1_38' title='bbox 99 673 301 712; x_wconf 80' lang='lat' dir='ltr'>describeret,</span> <span class='ocrx_word' id='word_1_39' title='bbox 320 684 416 713; x_wconf 87' lang='lat' dir='ltr'>quam</span> <span class='ocrx_word' id='word_1_40' title='bbox 440 673 541 704; x_wconf 82' lang='lat' dir='ltr'>libera</span> <span class='ocrx_word' id='word_1_41' title='bbox 562 673 639 704; x_wconf 88' lang='lat' dir='ltr'>olim</span> <span class='ocrx_word' id='word_1_42' title='bbox 662 673 775 704; x_wconf 79' lang='lat' dir='ltr'>civitas</span> 
     </span>
     <span class='ocr_line' id='line_1_10' title="bbox 99 716 775 755; baseline -0.003 -7"><span class='ocrx_word' id='word_1_43' title='bbox 99 716 252 748; x_wconf 81' lang='lat' dir='ltr'>Romana</span> <span class='ocrx_word' id='word_1_44' title='bbox 273 717 466 747; x_wconf 90' lang='lat' dir='ltr'>constituere</span> <span class='ocrx_word' id='word_1_45' title='bbox 480 716 620 747; x_wconf 82' lang='lat' dir='ltr'>deberet.</span> <span class='ocrx_word' id='word_1_46' title='bbox 666 717 775 755; x_wconf 87' lang='lat' dir='ltr'>Atque</span> 
     </span>
     <span class='ocr_line' id='line_1_11' title="bbox 98 758 773 799; baseline 0 -9"><span class='ocrx_word' id='word_1_47' title='bbox 98 758 160 790; x_wconf 86' lang='lat' dir='ltr'>hoc</span> <span class='ocrx_word' id='word_1_48' title='bbox 182 760 280 790; x_wconf 88' lang='lat' dir='ltr'>modo</span> <span class='ocrx_word' id='word_1_49' title='bbox 301 759 512 799; x_wconf 86' lang='lat' dir='ltr'>intelligenda</span> <span class='ocrx_word' id='word_1_50' title='bbox 527 759 676 790; x_wconf 74' lang='lat' dir='ltr'>videntur</span> <span class='ocrx_word' id='word_1_51' title='bbox 693 759 773 790; x_wconf 86' lang='lat' dir='ltr'>haec</span> 
     </span>
     <span class='ocr_line' id='line_1_12' title="bbox 99 801 435 834; baseline -0.003 0"><span class='ocrx_word' id='word_1_52' title='bbox 99 801 183 834; x_wconf 82' lang='lat' dir='ltr'>Livii</span> <span class='ocrx_word' id='word_1_53' title='bbox 199 803 305 834; x_wconf 83' lang='lat' dir='ltr'>verba.</span> <span class='ocrx_word' id='word_1_54' title='bbox 328 802 435 834; x_wconf 67' lang='lat' dir='ltr'>Cnnv.</span> 
     </span>
    </p>

    <p class='ocr_par' dir='ltr' id='par_1_6' title="bbox 98 844 771 972">
     <span class='ocr_line' id='line_1_13' title="bbox 137 844 771 886; baseline 0 -10"><span class='ocrx_word' id='word_1_55' title='bbox 137 845 158 876; x_wconf 90' lang='lat'>8</span> <span class='ocrx_word' id='word_1_56' title='bbox 171 846 209 876; x_wconf 89' lang='lat' dir='ltr'>L.</span> <span class='ocrx_word' id='word_1_57' title='bbox 218 846 416 886; x_wconf 71' lang='lat' dir='ltr'><strong><em>Tarquinius</em></strong></span> <span class='ocrx_word' id='word_1_58' title='bbox 426 845 620 883; x_wconf 72' lang='lat' dir='ltr'>Collatinus]</span> <span class='ocrx_word' id='word_1_59' title='bbox 637 844 771 876; x_wconf 89' lang='lat' dir='ltr'>Niebhr.</span> 
     </span>
     <span class='ocr_line' id='line_1_14' title="bbox 98 887 771 919; baseline -0.003 0"><span class='ocrx_word' id='word_1_60' title='bbox 98 887 131 919; x_wconf 90' lang='lat' dir='ltr'>in</span> <span class='ocrx_word' id='word_1_61' title='bbox 149 887 211 919; x_wconf 81' lang='lat' dir='ltr'>hac</span> <span class='ocrx_word' id='word_1_62' title='bbox 225 888 337 919; x_wconf 86' lang='lat' dir='ltr'>fabula</span> <span class='ocrx_word' id='word_1_63' title='bbox 358 888 470 919; x_wconf 86' lang='lat' dir='ltr'>foedus</span> <span class='ocrx_word' id='word_1_64' title='bbox 492 887 653 919; x_wconf 87' lang='lat' dir='ltr'>amicitiae</span> <span class='ocrx_word' id='word_1_65' title='bbox 675 887 771 918; x_wconf 88' lang='lat' dir='ltr'>trium</span> 
     </span>
     <span class='ocr_line' id='line_1_15' title="bbox 99 930 771 972; baseline 0 -10"><span class='ocrx_word' id='word_1_66' title='bbox 99 930 240 962; x_wconf 83' lang='lat' dir='ltr'>tribuum</span> <span class='ocrx_word' id='word_1_67' title='bbox 250 930 455 972; x_wconf 83' lang='lat' dir='ltr'>patriciorum</span> <span class='ocrx_word' id='word_1_68' title='bbox 469 941 542 963; x_wconf 90' lang='lat' dir='ltr'>cum</span> <span class='ocrx_word' id='word_1_69' title='bbox 555 930 688 971; x_wconf 87' lang='lat' dir='ltr'>plebeiis</span> <span class='ocrx_word' id='word_1_70' title='bbox 698 941 771 962; x_wconf 86' lang='lat' dir='ltr'>con-</span> 
     </span>
    </p>
   </div>
   <div class='ocr_carea' id='block_1_6' title="bbox 816 502 1493 972">
    <p class='ocr_par' dir='ltr' id='par_1_7' title="bbox 816 502 1493 972">
     <span class='ocr_line' id='line_1_16' title="bbox 816 502 1491 542; baseline 0.001 -10"><span class='ocrx_word' id='word_1_71' title='bbox 816 507 866 532; x_wconf 88' lang='lat' dir='ltr'>tra</span> <span class='ocrx_word' id='word_1_72' title='bbox 878 502 1126 542; x_wconf 86' lang='lat' dir='ltr'>Tarquiniorum</span> <span class='ocrx_word' id='word_1_73' title='bbox 1146 502 1328 542; x_wconf 87' lang='lat' dir='ltr'>superbiam</span> <span class='ocrx_word' id='word_1_74' title='bbox 1346 503 1491 533; x_wconf 86' lang='lat' dir='ltr'>iunctum</span> 
     </span>
     <span class='ocr_line' id='line_1_17' title="bbox 817 545 1493 585; baseline 0.001 -10"><span class='ocrx_word' id='word_1_75' title='bbox 817 545 929 582; x_wconf 86' lang='lat' dir='ltr'>cernit,</span> <span class='ocrx_word' id='word_1_76' title='bbox 952 545 1005 585; x_wconf 84' lang='lat' dir='ltr'>qui</span> <span class='ocrx_word' id='word_1_77' title='bbox 1031 545 1219 576; x_wconf 86' lang='lat' dir='ltr'>Lucretium</span> <span class='ocrx_word' id='word_1_78' title='bbox 1244 545 1493 584; x_wconf 62' lang='lat' dir='ltr'>Ramnensfflm,</span> 
     </span>
     <span class='ocr_line' id='line_1_18' title="bbox 816 588 1493 628; baseline 0.001 -10"><span class='ocrx_word' id='word_1_79' title='bbox 816 591 852 618; x_wconf 84' lang='lat' dir='ltr'>ut</span> <span class='ocrx_word' id='word_1_80' title='bbox 875 588 1054 628; x_wconf 86' lang='lat' dir='ltr'>principem</span> <span class='ocrx_word' id='word_1_81' title='bbox 1081 593 1220 626; x_wconf 82' lang='lat' dir='ltr'>senatus,</span> <span class='ocrx_word' id='word_1_82' title='bbox 1245 588 1413 619; x_wconf 85' lang='lat' dir='ltr'>Valerium</span> <span class='ocrx_word' id='word_1_83' title='bbox 1437 588 1493 619; x_wconf 92' lang='lat' dir='ltr'>Ti-</span> 
     </span>
     <span class='ocr_line' id='line_1_19' title="bbox 816 630 1491 671; baseline 0 -10"><span class='ocrx_word' id='word_1_84' title='bbox 816 630 978 668; x_wconf 83' lang='lat' dir='ltr'>tiensium,</span> <span class='ocrx_word' id='word_1_85' title='bbox 994 636 1029 662; x_wconf 88' lang='lat' dir='ltr'>ut</span> <span class='ocrx_word' id='word_1_86' title='bbox 1045 631 1099 671; x_wconf 89' lang='lat' dir='ltr'>qui</span> <span class='ocrx_word' id='word_1_87' title='bbox 1115 631 1235 662; x_wconf 85' lang='lat' dir='ltr'>Sabina</span> <span class='ocrx_word' id='word_1_88' title='bbox 1257 631 1368 671; x_wconf 82' lang='lat' dir='ltr'>stirpe,</span> <span class='ocrx_word' id='word_1_89' title='bbox 1383 631 1491 663; x_wconf 83' lang='lat' dir='ltr'>Colla-</span> 
     </span>
     <span class='ocr_line' id='line_1_20' title="bbox 817 673 1493 714; baseline 0 -10"><span class='ocrx_word' id='word_1_90' title='bbox 817 674 923 704; x_wconf 89' lang='lat' dir='ltr'>tinum</span> <span class='ocrx_word' id='word_1_91' title='bbox 959 674 1132 710; x_wconf 79' lang='lat' dir='ltr'>Lucerum,</span> <span class='ocrx_word' id='word_1_92' title='bbox 1167 678 1202 705; x_wconf 94' lang='lat' dir='ltr'>ut</span> <span class='ocrx_word' id='word_1_93' title='bbox 1231 673 1286 713; x_wconf 90' lang='lat' dir='ltr'>qui</span> <span class='ocrx_word' id='word_1_94' title='bbox 1316 674 1493 714; x_wconf 81' lang='lat' dir='ltr'>Tarquinia</span> 
     </span>
     <span class='ocr_line' id='line_1_21' title="bbox 817 716 1490 757; baseline 0 -10"><span class='ocrx_word' id='word_1_95' title='bbox 817 721 912 755; x_wconf 85' lang='lat' dir='ltr'>gente</span> <span class='ocrx_word' id='word_1_96' title='bbox 936 721 968 747; x_wconf 86' lang='lat' dir='ltr'>et</span> <span class='ocrx_word' id='word_1_97' title='bbox 993 728 1010 748; x_wconf 92' lang='lat' dir='ltr'>e</span> <span class='ocrx_word' id='word_1_98' title='bbox 1034 717 1208 748; x_wconf 79' lang='lat' dir='ltr'>minoribus</span> <span class='ocrx_word' id='word_1_99' title='bbox 1228 718 1389 757; x_wconf 74' lang='lat' dir='ltr'>patribus,</span> <span class='ocrx_word' id='word_1_100' title='bbox 1411 716 1490 748; x_wconf 83' lang='lat' dir='ltr'>Bru-</span> 
     </span>
     <span class='ocr_line' id='line_1_22' title="bbox 817 759 1491 800; baseline 0.001 -10"><span class='ocrx_word' id='word_1_101' title='bbox 817 765 886 790; x_wconf 87' lang='lat' dir='ltr'>tum</span> <span class='ocrx_word' id='word_1_102' title='bbox 911 760 1015 799; x_wconf 77' lang='lat' dir='ltr'>plebis</span> <span class='ocrx_word' id='word_1_103' title='bbox 1037 761 1153 790; x_wconf 87' lang='lat' dir='ltr'>ducem</span> <span class='ocrx_word' id='word_1_104' title='bbox 1176 763 1212 790; x_wconf 90' lang='lat' dir='ltr'>ut</span> <span class='ocrx_word' id='word_1_105' title='bbox 1234 759 1288 799; x_wconf 87' lang='lat' dir='ltr'>qui</span> <span class='ocrx_word' id='word_1_106' title='bbox 1310 760 1414 800; x_wconf 83' lang='lat' dir='ltr'>gentis</span> <span class='ocrx_word' id='word_1_107' title='bbox 1438 760 1491 791; x_wconf 89' lang='lat' dir='ltr'>Iu-</span> 
     </span>
     <span class='ocr_line' id='line_1_23' title="bbox 817 802 1491 843; baseline 0.001 -11"><span class='ocrx_word' id='word_1_108' title='bbox 817 802 889 833; x_wconf 84' lang='lat' dir='ltr'>niae</span> <span class='ocrx_word' id='word_1_109' title='bbox 913 802 1058 843; x_wconf 89' lang='lat' dir='ltr'>plebeiae</span> <span class='ocrx_word' id='word_1_110' title='bbox 1080 806 1193 833; x_wconf 81' lang='lat' dir='ltr'>auctor</span> <span class='ocrx_word' id='word_1_111' title='bbox 1214 807 1308 839; x_wconf 84' lang='lat' dir='ltr'>esset,</span> <span class='ocrx_word' id='word_1_112' title='bbox 1326 802 1422 834; x_wconf 86' lang='lat' dir='ltr'>fuisse</span> <span class='ocrx_word' id='word_1_113' title='bbox 1444 813 1491 833; x_wconf 85' lang='lat' dir='ltr'>ar-</span> 
     </span>
     <span class='ocr_line' id='line_1_24' title="bbox 818 845 1492 884; baseline 0.003 -10"><span class='ocrx_word' id='word_1_114' title='bbox 818 845 961 876; x_wconf 88' lang='lat' dir='ltr'>bitratur.</span> <span class='ocrx_word' id='word_1_115' title='bbox 1008 845 1096 876; x_wconf 88' lang='lat' dir='ltr'>Hinc</span> <span class='ocrx_word' id='word_1_116' title='bbox 1127 846 1191 876; x_wconf 92' lang='lat' dir='ltr'>duo</span> <span class='ocrx_word' id='word_1_117' title='bbox 1221 846 1380 884; x_wconf 80' lang='lat' dir='ltr'>consules,</span> <span class='ocrx_word' id='word_1_118' title='bbox 1409 856 1492 876; x_wconf 81' lang='lat' dir='ltr'>unus</span> 
     </span>
     <span class='ocr_line' id='line_1_25' title="bbox 816 888 1490 928; baseline 0.001 -9"><span class='ocrx_word' id='word_1_119' title='bbox 816 898 855 919; x_wconf 89' lang='lat' dir='ltr'>ex</span> <span class='ocrx_word' id='word_1_120' title='bbox 873 888 1027 928; x_wconf 79' lang='lat' dir='ltr'>patribus,</span> <span class='ocrx_word' id='word_1_121' title='bbox 1042 889 1124 919; x_wconf 86' lang='lat' dir='ltr'>alter</span> <span class='ocrx_word' id='word_1_122' title='bbox 1144 899 1183 919; x_wconf 86' lang='lat' dir='ltr'>ex</span> <span class='ocrx_word' id='word_1_123' title='bbox 1208 888 1303 928; x_wconf 77' lang='lat' dir='ltr'>plebe</span> <span class='ocrx_word' id='word_1_124' title='bbox 1318 888 1426 921; x_wconf 86' lang='lat' dir='ltr'>creati.</span> <span class='ocrx_word' id='word_1_125' title='bbox 1451 889 1490 920; x_wconf 85' lang='lat' dir='ltr'>cf.</span> 
     </span>
     <span class='ocr_line' id='line_1_26' title="bbox 816 931 1362 972; baseline 0 -10"><span class='ocrx_word' id='word_1_126' title='bbox 816 931 947 962; x_wconf 88' lang='lat' dir='ltr'>omnino</span> <span class='ocrx_word' id='word_1_127' title='bbox 964 931 1099 963; x_wconf 83' lang='lat' dir='ltr'>Niebhr.</span> <span class='ocrx_word' id='word_1_128' title='bbox 1116 931 1136 963; x_wconf 89' lang='lat' dir='ltr'>i.</span> <span class='ocrx_word' id='word_1_129' title='bbox 1154 942 1184 972; x_wconf 88' lang='lat' dir='ltr'>p.</span> <span class='ocrx_word' id='word_1_130' title='bbox 1204 939 1273 971; x_wconf 90' lang='lat'><strong>507.</strong></span> <span class='ocrx_word' id='word_1_131' title='bbox 1292 939 1362 972; x_wconf 79' lang='lat'>513.</span> 
     </span>
    </p>
   </div>
  </div>
 </body>
</html>
