<?xml version="1.0" encoding="UTF-8"?>
<!DOCTYPE html PUBLIC "-//W3C//DTD XHTML 1.0 Transitional//EN"
    "http://www.w3.org/TR/xhtml1/DTD/xhtml1-transitional.dtd">
<html xmlns="http://www.w3.org/1999/xhtml" xml:lang="en" lang="en">
 <head>
  <title>
</title>
<meta http-equiv="Content-Type" content="text/html;charset=utf-8" />
  <meta name='ocr-system' content='tesseract 3.04.00' />
  <meta name='ocr-capabilities' content='ocr_page ocr_carea ocr_par ocr_line ocrx_word'/>
</head>
<body>
  <div class='ocr_page' id='page_1' title='image "./historiarumli01livyuoft_0032.png"; bbox 0 0 1934 3211; ppageno 0'>
   <div class='ocr_carea' id='block_1_1' title="bbox 435 222 1304 264">
    <p class='ocr_par' dir='ltr' id='par_1_1' title="bbox 435 222 1304 264">
     <span class='ocr_line' id='line_1_1' title="bbox 435 222 1304 264; baseline 0 0"><span class='ocrx_word' id='word_1_1' title='bbox 435 228 489 264; x_wconf 85' lang='lat'>20</span> <span class='ocrx_word' id='word_1_2' title='bbox 938 222 1085 264; x_wconf 92' lang='grc' dir='ltr'>ΤΙΤΙ</span> <span class='ocrx_word' id='word_1_3' title='bbox 1128 222 1304 264; x_wconf 90' lang='lat' dir='ltr'>LIVII</span> 
     </span>
    </p>
   </div>
   <div class='ocr_carea' id='block_1_2' title="bbox 428 312 1848 1290">
    <p class='ocr_par' dir='ltr' id='par_1_2' title="bbox 431 312 1818 700">
     <span class='ocr_line' id='line_1_2' title="bbox 433 312 1818 363; baseline -0.001 -9"><span class='ocrx_word' id='word_1_4' title='bbox 433 313 550 354; x_wconf 89' lang='lat' dir='ltr'>nulla</span> <span class='ocrx_word' id='word_1_5' title='bbox 580 322 666 354; x_wconf 89' lang='lat' dir='ltr'>arte</span> <span class='ocrx_word' id='word_1_6' title='bbox 702 312 865 363; x_wconf 86' lang='lat' dir='ltr'>adiutis,</span> <span class='ocrx_word' id='word_1_7' title='bbox 903 322 1065 354; x_wconf 89' lang='lat' dir='ltr'>tantum</span> <span class='ocrx_word' id='word_1_8' title='bbox 1100 313 1285 354; x_wconf 86' lang='lat' dir='ltr'>veterani</span> <span class='ocrx_word' id='word_1_9' title='bbox 1320 313 1466 354; x_wconf 86' lang='lat' dir='ltr'><strong>robore</strong></span> <span class='ocrx_word' id='word_1_10' title='bbox 1503 312 1709 354; x_wconf 87' lang='lat' dir='ltr'>exercitus</span> <span class='ocrx_word' id='word_1_11' title='bbox 1744 326 1818 354; x_wconf 84' lang='lat' dir='ltr'>rex</span> 
     </span>
     <span class='ocr_line' id='line_1_3' title="bbox 433 370 1817 427; baseline -0.001 -15"><span class='ocrx_word' id='word_1_12' title='bbox 433 371 650 412; x_wconf 90' lang='lat' dir='ltr'>Romanus</span> <span class='ocrx_word' id='word_1_13' title='bbox 670 371 790 412; x_wconf 88' lang='lat' dir='ltr'>vicit:</span> <span class='ocrx_word' id='word_1_14' title='bbox 817 379 1141 427; x_wconf 82' lang='lat' dir='ltr'>persecutusque</span> <span class='ocrx_word' id='word_1_15' title='bbox 1157 371 1268 412; x_wconf 89' lang='lat' dir='ltr'>fusos</span> <span class='ocrx_word' id='word_1_16' title='bbox 1288 370 1341 411; x_wconf 89' lang='lat' dir='ltr'>ad</span> <span class='ocrx_word' id='word_1_17' title='bbox 1361 371 1526 412; x_wconf 89' lang='lat' dir='ltr'>moenia</span> <span class='ocrx_word' id='word_1_18' title='bbox 1546 370 1697 421; x_wconf 84' lang='lat' dir='ltr'>hostes,</span> <span class='ocrx_word' id='word_1_19' title='bbox 1715 371 1817 412; x_wconf 89' lang='lat' dir='ltr'>urbe</span> 
     </span>
     <span class='ocr_line' id='line_1_4' title="bbox 431 428 1818 484; baseline -0.001 -15"><span class='ocrx_word' id='word_1_20' title='bbox 431 429 569 470; x_wconf 88' lang='lat' dir='ltr'>valida</span> <span class='ocrx_word' id='word_1_21' title='bbox 598 429 726 469; x_wconf 91' lang='lat' dir='ltr'>muris</span> <span class='ocrx_word' id='word_1_22' title='bbox 756 444 803 469; x_wconf 89' lang='lat' dir='ltr'>ac</span> <span class='ocrx_word' id='word_1_23' title='bbox 834 429 916 469; x_wconf 91' lang='lat' dir='ltr'>situ</span> <span class='ocrx_word' id='word_1_24' title='bbox 943 429 1032 484; x_wconf 91' lang='lat' dir='ltr'>ipso</span> <span class='ocrx_word' id='word_1_25' title='bbox 1057 429 1222 469; x_wconf 88' lang='lat' dir='ltr'>munita</span> <span class='ocrx_word' id='word_1_26' title='bbox 1248 428 1470 469; x_wconf 83' lang='lat' dir='ltr'>abstinuit:</span> <span class='ocrx_word' id='word_1_27' title='bbox 1504 443 1623 483; x_wconf 82' lang='lat' dir='ltr'>agros</span> <span class='ocrx_word' id='word_1_28' title='bbox 1651 428 1818 469; x_wconf 88' lang='lat' dir='ltr'>rediens</span> 
     </span>
     <span class='ocr_line' id='line_1_5' title="bbox 431 485 1817 542; baseline -0.001 -15"><span class='ocrx_word' id='word_1_29' title='bbox 431 495 574 536; x_wconf 89' lang='lat' dir='ltr'>vastat,</span> <span class='ocrx_word' id='word_1_30' title='bbox 615 486 843 527; x_wconf 87' lang='lat' dir='ltr'>ulciscendi</span> <span class='ocrx_word' id='word_1_31' title='bbox 882 486 1024 542; x_wconf 82' lang='lat' dir='ltr'>magis,</span> <span class='ocrx_word' id='word_1_32' title='bbox 1066 501 1193 542; x_wconf 88' lang='lat' dir='ltr'>quam</span> <span class='ocrx_word' id='word_1_33' title='bbox 1231 486 1422 542; x_wconf 81' lang='lat' dir='ltr'>praedae,</span> <span class='ocrx_word' id='word_1_34' title='bbox 1457 485 1606 526; x_wconf 90' lang='lat' dir='ltr'>studio.</span> <span class='ocrx_word' id='word_1_35' title='bbox 1670 485 1817 542; x_wconf 89' lang='lat' dir='ltr'>anue</span> 
     </span>
     <span class='ocr_line' id='line_1_6' title="bbox 432 542 1818 599; baseline 0 -14"><span class='ocrx_word' id='word_1_36' title='bbox 432 544 562 594; x_wconf 85' lang='lat' dir='ltr'>clade,</span> <span class='ocrx_word' id='word_1_37' title='bbox 588 544 701 585; x_wconf 89' lang='lat' dir='ltr'>haud</span> <span class='ocrx_word' id='word_1_38' title='bbox 731 544 868 584; x_wconf 90' lang='lat' dir='ltr'>minus</span> <span class='ocrx_word' id='word_1_39' title='bbox 898 559 1023 599; x_wconf 88' lang='lat' dir='ltr'>quam</span> <span class='ocrx_word' id='word_1_40' title='bbox 1054 544 1225 585; x_wconf 88' lang='lat' dir='ltr'>adversa</span> <span class='ocrx_word' id='word_1_41' title='bbox 1253 559 1405 599; x_wconf 80' lang='lat' dir='ltr'>pugna,</span> <span class='ocrx_word' id='word_1_42' title='bbox 1435 543 1594 584; x_wconf 85' lang='lat' dir='ltr'>subacti</span> <span class='ocrx_word' id='word_1_43' title='bbox 1614 542 1818 585; x_wconf 86' lang='lat' dir='ltr'>Veientes</span> 
     </span>
     <span class='ocr_line' id='line_1_7' title="bbox 432 600 1816 658; baseline -0.001 -15"><span class='ocrx_word' id='word_1_44' title='bbox 432 617 578 658; x_wconf 84' lang='lat' dir='ltr'>pacem</span> <span class='ocrx_word' id='word_1_45' title='bbox 617 602 798 658; x_wconf 88' lang='lat' dir='ltr'>petitum</span> <span class='ocrx_word' id='word_1_46' title='bbox 838 613 1018 642; x_wconf 86' lang='lat' dir='ltr'>oratores</span> <span class='ocrx_word' id='word_1_47' title='bbox 1066 601 1245 642; x_wconf 84' lang='lat' dir='ltr'>Romam</span> <span class='ocrx_word' id='word_1_48' title='bbox 1286 601 1470 641; x_wconf 90' lang='lat' dir='ltr'>mittunt.</span> <span class='ocrx_word' id='word_1_49' title='bbox 1552 600 1660 657; x_wconf 82' lang='lat' dir='ltr'>Agri</span> <span class='ocrx_word' id='word_1_50' title='bbox 1698 609 1816 656; x_wconf 88' lang='lat' dir='ltr'>parte</span> 
     </span>
     <span class='ocr_line' id='line_1_8' title="bbox 433 659 1383 700; baseline -0.001 0"><span class='ocrx_word' id='word_1_51' title='bbox 433 659 618 700; x_wconf 89' lang='lat' dir='ltr'>multatis</span> <span class='ocrx_word' id='word_1_52' title='bbox 638 660 683 700; x_wconf 89' lang='lat' dir='ltr'>in</span> <span class='ocrx_word' id='word_1_53' title='bbox 704 668 873 700; x_wconf 88' lang='lat' dir='ltr'>centum</span> <span class='ocrx_word' id='word_1_54' title='bbox 895 674 1024 700; x_wconf 90' lang='lat' dir='ltr'>annos</span> <span class='ocrx_word' id='word_1_55' title='bbox 1045 659 1232 700; x_wconf 88' lang='lat' dir='ltr'>indutiae</span> <span class='ocrx_word' id='word_1_56' title='bbox 1250 659 1383 700; x_wconf 88' lang='lat' dir='ltr'>datae.</span> 
     </span>
    </p>

    <p class='ocr_par' dir='ltr' id='par_1_3' title="bbox 428 715 1848 1290">
     <span class='ocr_line' id='line_1_9' title="bbox 491 715 1814 772; baseline -0.001 -14"><span class='ocrx_word' id='word_1_57' title='bbox 491 717 610 758; x_wconf 87' lang='lat' dir='ltr'>Haec</span> <span class='ocrx_word' id='word_1_58' title='bbox 630 717 772 766; x_wconf 86' lang='lat' dir='ltr'>ferme,</span> <span class='ocrx_word' id='word_1_59' title='bbox 800 716 983 757; x_wconf 88' lang='lat' dir='ltr'>Romulo</span> <span class='ocrx_word' id='word_1_60' title='bbox 1011 726 1225 772; x_wconf 79' lang='lat' dir='ltr'>regnante,</span> <span class='ocrx_word' id='word_1_61' title='bbox 1248 716 1362 757; x_wconf 89' lang='lat' dir='ltr'>domi</span> <span class='ocrx_word' id='word_1_62' title='bbox 1391 715 1646 771; x_wconf 88' lang='lat' dir='ltr'>militiaeque</span> <span class='ocrx_word' id='word_1_63' title='bbox 1673 724 1814 771; x_wconf 86' lang='lat' dir='ltr'>gesta:</span> 
     </span>
     <span class='ocr_line' id='line_1_10' title="bbox 431 773 1816 831; baseline -0.001 -16"><span class='ocrx_word' id='word_1_64' title='bbox 431 790 611 831; x_wconf 92' lang='lat' dir='ltr'>quorum</span> <span class='ocrx_word' id='word_1_65' title='bbox 632 774 737 814; x_wconf 86' lang='lat' dir='ltr'>nihil</span> <span class='ocrx_word' id='word_1_66' title='bbox 762 775 963 815; x_wconf 88' lang='lat' dir='ltr'>absonum</span> <span class='ocrx_word' id='word_1_67' title='bbox 989 774 1088 814; x_wconf 91' lang='lat' dir='ltr'>fidei</span> <span class='ocrx_word' id='word_1_68' title='bbox 1113 774 1277 815; x_wconf 88' lang='lat' dir='ltr'>divinae</span> <span class='ocrx_word' id='word_1_69' title='bbox 1307 773 1477 829; x_wconf 81' lang='lat' dir='ltr'>originis</span> <span class='ocrx_word' id='word_1_70' title='bbox 1504 773 1816 829; x_wconf 80' lang='lat' dir='ltr'>divinitatisque</span> 
     </span>
     <span class='ocr_line' id='line_1_11' title="bbox 431 831 1818 888; baseline -0.001 -15"><span class='ocrx_word' id='word_1_71' title='bbox 431 841 523 888; x_wconf 89' lang='lat' dir='ltr'>post</span> <span class='ocrx_word' id='word_1_72' title='bbox 539 842 715 873; x_wconf 89' lang='lat' dir='ltr'>mortem</span> <span class='ocrx_word' id='word_1_73' title='bbox 736 831 917 872; x_wconf 86' lang='lat' dir='ltr'>creditae</span> <span class='ocrx_word' id='word_1_74' title='bbox 933 831 1033 880; x_wconf 81' lang='lat' dir='ltr'>fuit3</span> <span class='ocrx_word' id='word_1_75' title='bbox 1064 847 1150 872; x_wconf 92' lang='lat' dir='ltr'>non</span> <span class='ocrx_word' id='word_1_76' title='bbox 1171 832 1333 873; x_wconf 85' lang='lat' dir='ltr'>animus</span> <span class='ocrx_word' id='word_1_77' title='bbox 1354 831 1398 871; x_wconf 92' lang='lat' dir='ltr'>in</span> <span class='ocrx_word' id='word_1_78' title='bbox 1418 846 1548 887; x_wconf 80' lang='lat' dir='ltr'>regno</span> <span class='ocrx_word' id='word_1_79' title='bbox 1569 831 1679 872; x_wconf 88' lang='lat' dir='ltr'>avito</span> <span class='ocrx_word' id='word_1_80' title='bbox 1699 846 1818 872; x_wconf 89' lang='lat' dir='ltr'>recu-</span> 
     </span>
     <span class='ocr_line' id='line_1_12' title="bbox 430 888 1816 945; baseline 0 -15"><span class='ocrx_word' id='word_1_81' title='bbox 430 890 629 945; x_wconf 86' lang='lat' dir='ltr'>perando,</span> <span class='ocrx_word' id='word_1_82' title='bbox 651 905 737 932; x_wconf 89' lang='lat' dir='ltr'>non</span> <span class='ocrx_word' id='word_1_83' title='bbox 759 889 1001 930; x_wconf 88' lang='lat' dir='ltr'>condendae</span> <span class='ocrx_word' id='word_1_84' title='bbox 1024 889 1136 931; x_wconf 90' lang='lat' dir='ltr'>urbis</span> <span class='ocrx_word' id='word_1_85' title='bbox 1157 889 1387 938; x_wconf 84' lang='lat' dir='ltr'>consilium,</span> <span class='ocrx_word' id='word_1_86' title='bbox 1410 904 1496 929; x_wconf 89' lang='lat' dir='ltr'>non</span> <span class='ocrx_word' id='word_1_87' title='bbox 1516 888 1626 929; x_wconf 93' lang='lat' dir='ltr'>bello</span> <span class='ocrx_word' id='word_1_88' title='bbox 1647 903 1694 929; x_wconf 88' lang='lat' dir='ltr'>ac</span> <span class='ocrx_word' id='word_1_89' title='bbox 1714 904 1816 945; x_wconf 85' lang='lat' dir='ltr'>pace</span> 
     </span>
     <span class='ocr_line' id='line_1_13' title="bbox 432 946 1817 1003; baseline 0 -16"><span class='ocrx_word' id='word_1_90' title='bbox 432 947 670 988; x_wconf 87' lang='lat' dir='ltr'>firmandae.</span> <span class='ocrx_word' id='word_1_91' title='bbox 734 947 803 987; x_wconf 93' lang='lat' dir='ltr'>Ab</span> <span class='ocrx_word' id='word_1_92' title='bbox 840 946 910 988; x_wconf 88' lang='lat' dir='ltr'>illo</span> <span class='ocrx_word' id='word_1_93' title='bbox 947 947 1060 987; x_wconf 89' lang='lat' dir='ltr'>enim</span> <span class='ocrx_word' id='word_1_94' title='bbox 1090 947 1279 1003; x_wconf 89' lang='lat' dir='ltr'>profectu</span> <span class='ocrx_word' id='word_1_95' title='bbox 1308 947 1464 988; x_wconf 84' lang='lat' dir='ltr'>viribus</span> <span class='ocrx_word' id='word_1_96' title='bbox 1504 946 1612 987; x_wconf 86' lang='lat' dir='ltr'>datis</span> <span class='ocrx_word' id='word_1_97' title='bbox 1652 955 1817 987; x_wconf 89' lang='lat' dir='ltr'>tantum</span> 
     </span>
     <span class='ocr_line' id='line_1_14' title="bbox 430 1004 1814 1069; baseline 0 -24"><span class='ocrx_word' id='word_1_98' title='bbox 430 1004 572 1054; x_wconf 88' lang='lat' dir='ltr'>valuit,</span> <span class='ocrx_word' id='word_1_99' title='bbox 590 1014 635 1045; x_wconf 90' lang='lat' dir='ltr'>ut</span> <span class='ocrx_word' id='word_1_100' title='bbox 651 1005 695 1045; x_wconf 92' lang='lat' dir='ltr'>in</span> <span class='ocrx_word' id='word_1_101' title='bbox 713 1004 987 1069; x_wconf 81' lang='lat' dir='ltr'>quadraginta</span> <span class='ocrx_word' id='word_1_102' title='bbox 1002 1004 1155 1045; x_wconf 82' lang='lat' dir='ltr'>deinde</span> <span class='ocrx_word' id='word_1_103' title='bbox 1173 1020 1304 1045; x_wconf 89' lang='lat' dir='ltr'>annos</span> <span class='ocrx_word' id='word_1_104' title='bbox 1320 1013 1452 1045; x_wconf 86' lang='lat' dir='ltr'>tutam</span> <span class='ocrx_word' id='word_1_105' title='bbox 1469 1019 1615 1060; x_wconf 88' lang='lat' dir='ltr'>pacem</span> <span class='ocrx_word' id='word_1_106' title='bbox 1630 1004 1814 1045; x_wconf 89' lang='lat' dir='ltr'>haberet.</span> 
     </span>
     <span class='ocr_line' id='line_1_15' title="bbox 431 1061 1815 1118; baseline 0 -16"><span class='ocrx_word' id='word_1_107' title='bbox 431 1061 701 1103; x_wconf 88' lang='lat' dir='ltr'>Multitudini</span> <span class='ocrx_word' id='word_1_108' title='bbox 723 1072 863 1103; x_wconf 88' lang='lat' dir='ltr'>tamen</span> <span class='ocrx_word' id='word_1_109' title='bbox 883 1062 1039 1118; x_wconf 70' lang='lat' dir='ltr'>gr’atim</span> <span class='ocrx_word' id='word_1_110' title='bbox 1058 1062 1149 1111; x_wconf 84' lang='lat' dir='ltr'>fuit,</span> <span class='ocrx_word' id='word_1_111' title='bbox 1172 1077 1298 1118; x_wconf 88' lang='lat' dir='ltr'>quam</span> <span class='ocrx_word' id='word_1_112' title='bbox 1320 1062 1539 1111; x_wconf 73' lang='lat' dir='ltr'>Patribus</span> <span class='ocrx_word' id='word_1_113' title='bbox 1572 1061 1696 1118; x_wconf 82' lang='lat' dir='ltr'>longe</span> <span class='ocrx_word' id='word_1_114' title='bbox 1718 1069 1815 1103; x_wconf 91' lang='lat' dir='ltr'>ante</span> 
     </span>
     <span class='ocr_line' id='line_1_16' title="bbox 428 1119 1816 1176; baseline 0 -15"><span class='ocrx_word' id='word_1_115' title='bbox 428 1120 530 1160; x_wconf 89' lang='lat' dir='ltr'>alios</span> <span class='ocrx_word' id='word_1_116' title='bbox 562 1120 870 1176; x_wconf 86' lang='lat' dir='ltr'>acceptissimus</span> <span class='ocrx_word' id='word_1_117' title='bbox 900 1119 1081 1159; x_wconf 87' lang='lat' dir='ltr'>militum</span> <span class='ocrx_word' id='word_1_118' title='bbox 1112 1120 1282 1160; x_wconf 80' lang='lat' dir='ltr'>animis:</span> <span class='ocrx_word' id='word_1_119' title='bbox 1317 1128 1607 1175; x_wconf 84' lang='lat' dir='ltr'>trecentosque</span> <span class='ocrx_word' id='word_1_120' title='bbox 1638 1128 1816 1161; x_wconf 88' lang='lat' dir='ltr'>armatos</span> 
     </span>
     <span class='ocr_line' id='line_1_17' title="bbox 428 1175 1848 1233; baseline 0.002 -15"><span class='ocrx_word' id='word_1_121' title='bbox 428 1177 482 1217; x_wconf 87' lang='lat' dir='ltr'>ad</span> <span class='ocrx_word' id='word_1_122' title='bbox 503 1177 733 1218; x_wconf 88' lang='lat' dir='ltr'>custodiam</span> <span class='ocrx_word' id='word_1_123' title='bbox 750 1177 945 1232; x_wconf 87' lang='lat' dir='ltr'>corporis,</span> <span class='ocrx_word' id='word_1_124' title='bbox 968 1191 1072 1232; x_wconf 90' lang='lat' dir='ltr'>quos</span> <span class='ocrx_word' id='word_1_125' title='bbox 1091 1175 1262 1217; x_wconf 89' lang='lat' dir='ltr'>Celeres</span> <span class='ocrx_word' id='word_1_126' title='bbox 1283 1176 1519 1233; x_wconf 85' lang='lat' dir='ltr'>appellavit,</span> <span class='ocrx_word' id='word_1_127' title='bbox 1539 1192 1626 1218; x_wconf 91' lang='lat' dir='ltr'>non</span> <span class='ocrx_word' id='word_1_128' title='bbox 1641 1177 1686 1218; x_wconf 91' lang='lat' dir='ltr'>in</span> <span class='ocrx_word' id='word_1_129' title='bbox 1705 1177 1815 1219; x_wconf 91' lang='lat' dir='ltr'>bello</span> <span class='ocrx_word' id='word_1_130' title='bbox 1828 1192 1848 1222; x_wconf 88' lang='lat'>8</span> 
     </span>
     <span class='ocr_line' id='line_1_18' title="bbox 428 1233 1201 1290; baseline -0.001 -15"><span class='ocrx_word' id='word_1_131' title='bbox 428 1234 575 1285; x_wconf 86' lang='lat' dir='ltr'>solum,</span> <span class='ocrx_word' id='word_1_132' title='bbox 598 1235 672 1276; x_wconf 89' lang='lat' dir='ltr'>sed</span> <span class='ocrx_word' id='word_1_133' title='bbox 693 1234 818 1275; x_wconf 84' lang='lat' dir='ltr'>etiam</span> <span class='ocrx_word' id='word_1_134' title='bbox 839 1234 884 1274; x_wconf 89' lang='lat' dir='ltr'>in</span> <span class='ocrx_word' id='word_1_135' title='bbox 905 1249 1020 1290; x_wconf 88' lang='lat' dir='ltr'>pace,</span> <span class='ocrx_word' id='word_1_136' title='bbox 1043 1233 1201 1274; x_wconf 89' lang='lat' dir='ltr'>habuit.</span> 
     </span>
    </p>
   </div>
   <div class='ocr_carea' id='block_1_3' title="bbox 211 1291 1848 1465">
    <p class='ocr_par' dir='ltr' id='par_1_4' title="bbox 211 1291 1848 1465">
     <span class='ocr_line' id='line_1_19' title="bbox 284 1291 1848 1348; baseline 0.002 -17"><span class='ocrx_word' id='word_1_137' title='bbox 284 1293 346 1332; x_wconf 88' lang='lat'>16.</span> <span class='ocrx_word' id='word_1_138' title='bbox 486 1292 567 1333; x_wconf 92' lang='lat' dir='ltr'>His</span> <span class='ocrx_word' id='word_1_139' title='bbox 599 1292 899 1340; x_wconf 82' lang='lat' dir='ltr'>immortalibus</span> <span class='ocrx_word' id='word_1_140' title='bbox 932 1291 1054 1332; x_wconf 90' lang='lat' dir='ltr'>editis</span> <span class='ocrx_word' id='word_1_141' title='bbox 1090 1292 1296 1348; x_wconf 78' lang='lat' dir='ltr'>operibUS,</span> <span class='ocrx_word' id='word_1_142' title='bbox 1332 1307 1463 1347; x_wconf 92' lang='lat' dir='ltr'>quum</span> <span class='ocrx_word' id='word_1_143' title='bbox 1495 1291 1550 1332; x_wconf 90' lang='lat' dir='ltr'>ad</span> <span class='ocrx_word' id='word_1_144' title='bbox 1584 1292 1848 1343; x_wconf 86' lang='lat' dir='ltr'>exercitum9</span> 
     </span>
     <span class='ocr_line' id='line_1_20' title="bbox 212 1348 1816 1406; baseline 0.001 -17"><span class='ocrx_word' id='word_1_145' title='bbox 212 1348 256 1379; x_wconf 91' lang='lat' dir='ltr'>U.</span> <span class='ocrx_word' id='word_1_146' title='bbox 273 1349 311 1380; x_wconf 82' lang='lat' dir='ltr'>C.</span> <span class='ocrx_word' id='word_1_147' title='bbox 329 1357 380 1389; x_wconf 80' lang='lat'>37·</span> <span class='ocrx_word' id='word_1_148' title='bbox 428 1351 731 1391; x_wconf 88' lang='lat' dir='ltr'>recensendum</span> <span class='ocrx_word' id='word_1_149' title='bbox 767 1349 1013 1390; x_wconf 88' lang='lat' dir='ltr'>concionem</span> <span class='ocrx_word' id='word_1_150' title='bbox 1052 1349 1097 1389; x_wconf 90' lang='lat' dir='ltr'>in</span> <span class='ocrx_word' id='word_1_151' title='bbox 1137 1365 1284 1405; x_wconf 90' lang='lat' dir='ltr'>campo</span> <span class='ocrx_word' id='word_1_152' title='bbox 1325 1349 1379 1390; x_wconf 88' lang='lat' dir='ltr'>ad</span> <span class='ocrx_word' id='word_1_153' title='bbox 1416 1348 1578 1405; x_wconf 85' lang='lat' dir='ltr'>Caprae</span> <span class='ocrx_word' id='word_1_154' title='bbox 1618 1349 1816 1406; x_wconf 88' lang='lat' dir='ltr'>paludem</span> 
     </span>
     <span class='ocr_line' id='line_1_21' title="bbox 211 1392 1816 1465; baseline 0 -16"><span class='ocrx_word' id='word_1_155' title='bbox 211 1392 311 1464; x_wconf 42' lang='lat' dir='ltr'>&amp;og</span> <span class='ocrx_word' id='word_1_156' title='bbox 318 1399 401 1465; x_wconf 40' lang='grc' dir='ltr'>ἐϋ</span> <span class='ocrx_word' id='word_1_157' title='bbox 427 1408 612 1457; x_wconf 88' lang='lat' dir='ltr'>haberet,</span> <span class='ocrx_word' id='word_1_158' title='bbox 635 1408 771 1449; x_wconf 89' lang='lat' dir='ltr'>subito</span> <span class='ocrx_word' id='word_1_159' title='bbox 799 1416 939 1448; x_wconf 88' lang='lat' dir='ltr'>coorta</span> <span class='ocrx_word' id='word_1_160' title='bbox 967 1416 1189 1463; x_wconf 86' lang='lat' dir='ltr'>tempestas</span> <span class='ocrx_word' id='word_1_161' title='bbox 1217 1422 1313 1448; x_wconf 93' lang='lat' dir='ltr'>cum</span> <span class='ocrx_word' id='word_1_162' title='bbox 1340 1422 1493 1463; x_wconf 82' lang='lat' dir='ltr'>magno</span> <span class='ocrx_word' id='word_1_163' title='bbox 1519 1407 1679 1463; x_wconf 82' lang='lat' dir='ltr'>fragore</span> <span class='ocrx_word' id='word_1_164' title='bbox 1708 1408 1816 1449; x_wconf 91' lang='lat' dir='ltr'>toni-</span> 
     </span>
    </p>
   </div>
   <div class='ocr_carea' id='block_1_4' title="bbox 423 1465 1841 2328">
    <p class='ocr_par' dir='ltr' id='par_1_5' title="bbox 423 1465 1841 2328">
     <span class='ocr_line' id='line_1_22' title="bbox 428 1465 1817 1521; baseline 0 -14"><span class='ocrx_word' id='word_1_165' title='bbox 428 1466 641 1521; x_wconf 89' lang='lat' dir='ltr'>tribusque</span> <span class='ocrx_word' id='word_1_166' title='bbox 674 1474 757 1506; x_wconf 90' lang='lat' dir='ltr'>tam</span> <span class='ocrx_word' id='word_1_167' title='bbox 782 1465 913 1506; x_wconf 89' lang='lat' dir='ltr'>denso</span> <span class='ocrx_word' id='word_1_168' title='bbox 942 1479 1084 1520; x_wconf 80' lang='lat' dir='ltr'>regem</span> <span class='ocrx_word' id='word_1_169' title='bbox 1110 1465 1274 1520; x_wconf 88' lang='lat' dir='ltr'>operuit</span> <span class='ocrx_word' id='word_1_170' title='bbox 1300 1465 1456 1515; x_wconf 84' lang='lat' dir='ltr'>nimbo,</span> <span class='ocrx_word' id='word_1_171' title='bbox 1478 1474 1525 1506; x_wconf 91' lang='lat' dir='ltr'>ut</span> <span class='ocrx_word' id='word_1_172' title='bbox 1545 1473 1817 1521; x_wconf 88' lang='lat' dir='ltr'>conspectum</span> 
     </span>
     <span class='ocr_line' id='line_1_23' title="bbox 427 1521 1816 1566; baseline 0.001 -2"><span class='ocrx_word' id='word_1_173' title='bbox 427 1524 516 1564; x_wconf 92' lang='lat' dir='ltr'>eius</span> <span class='ocrx_word' id='word_1_174' title='bbox 548 1523 740 1566; x_wconf 90' lang='lat' dir='ltr'>concioni</span> <span class='ocrx_word' id='word_1_175' title='bbox 773 1522 999 1563; x_wconf 88' lang='lat' dir='ltr'>abstulerit.</span> <span class='ocrx_word' id='word_1_176' title='bbox 1062 1521 1156 1562; x_wconf 90' lang='lat' dir='ltr'>Nec</span> <span class='ocrx_word' id='word_1_177' title='bbox 1189 1522 1341 1563; x_wconf 89' lang='lat' dir='ltr'>deinde</span> <span class='ocrx_word' id='word_1_178' title='bbox 1378 1523 1423 1562; x_wconf 90' lang='lat' dir='ltr'>in</span> <span class='ocrx_word' id='word_1_179' title='bbox 1455 1523 1573 1564; x_wconf 89' lang='lat' dir='ltr'>terris</span> <span class='ocrx_word' id='word_1_180' title='bbox 1606 1522 1816 1565; x_wconf 88' lang='lat' dir='ltr'>Romulus</span> 
     </span>
     <span class='ocr_line' id='line_1_24' title="bbox 425 1579 1815 1636; baseline 0 -14"><span class='ocrx_word' id='word_1_181' title='bbox 425 1581 515 1622; x_wconf 89' lang='lat' dir='ltr'>fuit.</span> <span class='ocrx_word' id='word_1_182' title='bbox 585 1581 780 1622; x_wconf 85' lang='lat' dir='ltr'>Romana</span> <span class='ocrx_word' id='word_1_183' title='bbox 802 1581 946 1636; x_wconf 81' lang='lat' dir='ltr'>pubes,</span> <span class='ocrx_word' id='word_1_184' title='bbox 969 1579 1111 1620; x_wconf 89' lang='lat' dir='ltr'>sedato</span> <span class='ocrx_word' id='word_1_185' title='bbox 1136 1580 1305 1621; x_wconf 88' lang='lat' dir='ltr'>tandem</span> <span class='ocrx_word' id='word_1_186' title='bbox 1332 1595 1497 1636; x_wconf 84' lang='lat' dir='ltr'>pavore,</span> <span class='ocrx_word' id='word_1_187' title='bbox 1518 1588 1740 1636; x_wconf 87' lang='lat' dir='ltr'>postquam</span> <span class='ocrx_word' id='word_1_188' title='bbox 1761 1596 1815 1622; x_wconf 86' lang='lat' dir='ltr'>ex</span> 
     </span>
     <span class='ocr_line' id='line_1_25' title="bbox 427 1637 1814 1693; baseline 0 -13"><span class='ocrx_word' id='word_1_189' title='bbox 427 1647 511 1680; x_wconf 90' lang='lat' dir='ltr'>tam</span> <span class='ocrx_word' id='word_1_190' title='bbox 540 1638 707 1680; x_wconf 87' lang='lat' dir='ltr'>turbido</span> <span class='ocrx_word' id='word_1_191' title='bbox 729 1638 796 1679; x_wconf 83' lang='lat' dir='ltr'>die</span> <span class='ocrx_word' id='word_1_192' title='bbox 818 1653 964 1679; x_wconf 88' lang='lat' dir='ltr'>serena</span> <span class='ocrx_word' id='word_1_193' title='bbox 990 1646 1031 1678; x_wconf 86' lang='lat' dir='ltr'>et</span> <span class='ocrx_word' id='word_1_194' title='bbox 1053 1637 1277 1693; x_wconf 89' lang='lat' dir='ltr'>tranquilla</span> <span class='ocrx_word' id='word_1_195' title='bbox 1296 1637 1369 1678; x_wconf 85' lang='lat' dir='ltr'>lux</span> <span class='ocrx_word' id='word_1_196' title='bbox 1390 1637 1526 1687; x_wconf 89' lang='lat' dir='ltr'>rediit,</span> <span class='ocrx_word' id='word_1_197' title='bbox 1548 1638 1621 1679; x_wconf 93' lang='lat' dir='ltr'>ubi</span> <span class='ocrx_word' id='word_1_198' title='bbox 1641 1653 1814 1680; x_wconf 89' lang='lat' dir='ltr'>vacuam</span> 
     </span>
     <span class='ocr_line' id='line_1_26' title="bbox 425 1695 1814 1752; baseline -0.001 -14"><span class='ocrx_word' id='word_1_199' title='bbox 425 1697 570 1738; x_wconf 86' lang='lat' dir='ltr'>sedem</span> <span class='ocrx_word' id='word_1_200' title='bbox 584 1696 741 1752; x_wconf 82' lang='lat' dir='ltr'>regiam</span> <span class='ocrx_word' id='word_1_201' title='bbox 757 1695 873 1745; x_wconf 85' lang='lat' dir='ltr'>vidit,</span> <span class='ocrx_word' id='word_1_202' title='bbox 891 1695 968 1736; x_wconf 88' lang='lat' dir='ltr'>etsi</span> <span class='ocrx_word' id='word_1_203' title='bbox 989 1695 1085 1736; x_wconf 88' lang='lat' dir='ltr'>satis</span> <span class='ocrx_word' id='word_1_204' title='bbox 1105 1695 1301 1736; x_wconf 85' lang='lat' dir='ltr'>credebat</span> <span class='ocrx_word' id='word_1_205' title='bbox 1321 1695 1526 1745; x_wconf 89' lang='lat' dir='ltr'>Patribus,</span> <span class='ocrx_word' id='word_1_206' title='bbox 1544 1695 1618 1751; x_wconf 90' lang='lat' dir='ltr'>qui</span> <span class='ocrx_word' id='word_1_207' title='bbox 1633 1696 1814 1752; x_wconf 82' lang='lat' dir='ltr'>proximi</span> 
     </span>
     <span class='ocr_line' id='line_1_27' title="bbox 426 1753 1816 1809; baseline 0 -14"><span class='ocrx_word' id='word_1_208' title='bbox 426 1763 637 1804; x_wconf 87' lang='lat' dir='ltr'>steterant,</span> <span class='ocrx_word' id='word_1_209' title='bbox 660 1753 880 1794; x_wconf 91' lang='lat' dir='ltr'>sublimem</span> <span class='ocrx_word' id='word_1_210' title='bbox 901 1761 1065 1809; x_wconf 88' lang='lat' dir='ltr'>raptum</span> <span class='ocrx_word' id='word_1_211' title='bbox 1086 1753 1289 1808; x_wconf 84' lang='lat' dir='ltr'>procella3</span> <span class='ocrx_word' id='word_1_212' title='bbox 1317 1761 1470 1802; x_wconf 91' lang='lat' dir='ltr'>tamen,</span> <span class='ocrx_word' id='word_1_213' title='bbox 1492 1753 1608 1794; x_wconf 85' lang='lat' dir='ltr'>velut</span> <span class='ocrx_word' id='word_1_214' title='bbox 1628 1754 1816 1795; x_wconf 87' lang='lat' dir='ltr'>orbitatis</span> 
     </span>
     <span class='ocr_line' id='line_1_28' title="bbox 426 1810 1812 1866; baseline 0 -13"><span class='ocrx_word' id='word_1_215' title='bbox 426 1821 541 1853; x_wconf 88' lang='lat' dir='ltr'>metu</span> <span class='ocrx_word' id='word_1_216' title='bbox 557 1813 650 1861; x_wconf 87' lang='lat' dir='ltr'>icta,</span> <span class='ocrx_word' id='word_1_217' title='bbox 669 1820 873 1852; x_wconf 89' lang='lat' dir='ltr'>maestum</span> <span class='ocrx_word' id='word_1_218' title='bbox 890 1811 1145 1866; x_wconf 88' lang='lat' dir='ltr'>aliquamdiu</span> <span class='ocrx_word' id='word_1_219' title='bbox 1163 1810 1374 1851; x_wconf 86' lang='lat' dir='ltr'>silentium</span> <span class='ocrx_word' id='word_1_220' title='bbox 1391 1810 1584 1852; x_wconf 88' lang='lat' dir='ltr'>obtinuit.</span> <span class='ocrx_word' id='word_1_221' title='bbox 1628 1810 1812 1862; x_wconf 89' lang='lat' dir='ltr'>Deinde,</span> 
     </span>
     <span class='ocr_line' id='line_1_29' title="bbox 425 1867 1813 1926; baseline 0 -15"><span class='ocrx_word' id='word_1_222' title='bbox 425 1886 450 1911; x_wconf 90' lang='lat' dir='ltr'>a</span> <span class='ocrx_word' id='word_1_223' title='bbox 469 1870 611 1926; x_wconf 87' lang='lat' dir='ltr'>paucis</span> <span class='ocrx_word' id='word_1_224' title='bbox 631 1869 751 1910; x_wconf 89' lang='lat' dir='ltr'>initio</span> <span class='ocrx_word' id='word_1_225' title='bbox 771 1869 893 1917; x_wconf 82' lang='lat' dir='ltr'>facto,</span> <span class='ocrx_word' id='word_1_226' title='bbox 916 1868 1043 1909; x_wconf 88' lang='lat' dir='ltr'>deum</span> <span class='ocrx_word' id='word_1_227' title='bbox 1059 1867 1138 1909; x_wconf 89' lang='lat' dir='ltr'>deo</span> <span class='ocrx_word' id='word_1_228' title='bbox 1159 1876 1318 1917; x_wconf 87' lang='lat' dir='ltr'>natum,</span> <span class='ocrx_word' id='word_1_229' title='bbox 1340 1883 1494 1924; x_wconf 83' lang='lat' dir='ltr'>regem,</span> <span class='ocrx_word' id='word_1_230' title='bbox 1511 1876 1813 1926; x_wconf 87' lang='lat' dir='ltr'>parentemque</span> 
     </span>
     <span class='ocr_line' id='line_1_30' title="bbox 425 1925 1813 1982; baseline 0 -14"><span class='ocrx_word' id='word_1_231' title='bbox 425 1927 537 1969; x_wconf 90' lang='lat' dir='ltr'>urbis</span> <span class='ocrx_word' id='word_1_232' title='bbox 564 1927 779 1968; x_wconf 87' lang='lat' dir='ltr'>Romanae</span> <span class='ocrx_word' id='word_1_233' title='bbox 807 1926 963 1967; x_wconf 89' lang='lat' dir='ltr'>salvere</span> <span class='ocrx_word' id='word_1_234' title='bbox 991 1926 1173 1966; x_wconf 88' lang='lat' dir='ltr'>universi</span> <span class='ocrx_word' id='word_1_235' title='bbox 1201 1925 1433 1967; x_wconf 90' lang='lat' dir='ltr'>Romulum</span> <span class='ocrx_word' id='word_1_236' title='bbox 1462 1925 1633 1968; x_wconf 89' lang='lat' dir='ltr'>iubent:</span> <span class='ocrx_word' id='word_1_237' title='bbox 1666 1941 1813 1982; x_wconf 88' lang='lat' dir='ltr'>pacem</span> 
     </span>
     <span class='ocr_line' id='line_1_31' title="bbox 424 1983 1813 2042; baseline -0.001 -16"><span class='ocrx_word' id='word_1_238' title='bbox 424 1986 616 2042; x_wconf 87' lang='lat' dir='ltr'>precibus</span> <span class='ocrx_word' id='word_1_239' title='bbox 645 1992 890 2041; x_wconf 82' lang='lat' dir='ltr'>exposcunt,</span> <span class='ocrx_word' id='word_1_240' title='bbox 912 1984 975 2024; x_wconf 90' lang='lat' dir='ltr'>uti</span> <span class='ocrx_word' id='word_1_241' title='bbox 994 1983 1137 2025; x_wconf 88' lang='lat' dir='ltr'>volens</span> <span class='ocrx_word' id='word_1_242' title='bbox 1164 1984 1367 2040; x_wconf 89' lang='lat' dir='ltr'>propitius</span> <span class='ocrx_word' id='word_1_243' title='bbox 1394 1998 1511 2025; x_wconf 90' lang='lat' dir='ltr'>suam</span> <span class='ocrx_word' id='word_1_244' title='bbox 1538 1998 1702 2039; x_wconf 89' lang='lat' dir='ltr'>semper</span> <span class='ocrx_word' id='word_1_245' title='bbox 1727 1999 1813 2025; x_wconf 90' lang='lat' dir='ltr'>sos-</span> 
     </span>
     <span class='ocr_line' id='line_1_32' title="bbox 424 2041 1841 2106; baseline -0.003 -22"><span class='ocrx_word' id='word_1_246' title='bbox 424 2043 531 2099; x_wconf 85' lang='lat' dir='ltr'>pitet</span> <span class='ocrx_word' id='word_1_247' title='bbox 557 2043 812 2099; x_wconf 82' lang='lat' dir='ltr'>progeniem.</span> <span class='ocrx_word' id='word_1_248' title='bbox 874 2041 1016 2083; x_wconf 81' lang='lat' dir='ltr'>Fuisse</span> <span class='ocrx_word' id='word_1_249' title='bbox 1050 2041 1175 2082; x_wconf 89' lang='lat' dir='ltr'>credo</span> <span class='ocrx_word' id='word_1_250' title='bbox 1208 2050 1297 2082; x_wconf 90' lang='lat' dir='ltr'>tum</span> <span class='ocrx_word' id='word_1_251' title='bbox 1333 2056 1501 2106; x_wconf 83' lang='lat' dir='ltr'>quoque</span> <span class='ocrx_word' id='word_1_252' title='bbox 1529 2041 1702 2096; x_wconf 89' lang='lat' dir='ltr'>aliquos,</span> <span class='ocrx_word' id='word_1_253' title='bbox 1738 2041 1812 2098; x_wconf 82' lang='lat' dir='ltr'>qui</span> <span class='ocrx_word' id='word_1_254' title='bbox 1827 2058 1841 2080; x_wconf 93' lang='lat'>1</span> 
     </span>
     <span class='ocr_line' id='line_1_33' title="bbox 425 2099 1813 2156; baseline -0.001 -15"><span class='ocrx_word' id='word_1_255' title='bbox 425 2101 679 2156; x_wconf 89' lang='lat' dir='ltr'>discerptum</span> <span class='ocrx_word' id='word_1_256' title='bbox 709 2115 851 2156; x_wconf 82' lang='lat' dir='ltr'>regem</span> <span class='ocrx_word' id='word_1_257' title='bbox 878 2099 1050 2140; x_wconf 87' lang='lat' dir='ltr'>Patrum</span> <span class='ocrx_word' id='word_1_258' title='bbox 1081 2099 1271 2140; x_wconf 89' lang='lat' dir='ltr'>manibus</span> <span class='ocrx_word' id='word_1_259' title='bbox 1303 2099 1419 2140; x_wconf 84' lang='lat' dir='ltr'>taciti</span> <span class='ocrx_word' id='word_1_260' title='bbox 1446 2107 1689 2155; x_wconf 82' lang='lat' dir='ltr'>arguerent:</span> <span class='ocrx_word' id='word_1_261' title='bbox 1725 2114 1813 2140; x_wconf 87' lang='lat' dir='ltr'>ma-</span> 
     </span>
     <span class='ocr_line' id='line_1_34' title="bbox 423 2155 1811 2222; baseline -0.001 -23"><span class='ocrx_word' id='word_1_262' title='bbox 423 2158 538 2200; x_wconf 88' lang='lat' dir='ltr'>navit</span> <span class='ocrx_word' id='word_1_263' title='bbox 578 2158 690 2199; x_wconf 91' lang='lat' dir='ltr'>enim</span> <span class='ocrx_word' id='word_1_264' title='bbox 730 2158 832 2198; x_wconf 87' lang='lat' dir='ltr'>haec</span> <span class='ocrx_word' id='word_1_265' title='bbox 870 2172 1051 2222; x_wconf 87' lang='lat' dir='ltr'>quoque,</span> <span class='ocrx_word' id='word_1_266' title='bbox 1085 2156 1159 2197; x_wconf 87' lang='lat' dir='ltr'>sed</span> <span class='ocrx_word' id='word_1_267' title='bbox 1193 2157 1455 2212; x_wconf 86' lang='lat' dir='ltr'>perobscura,</span> <span class='ocrx_word' id='word_1_268' title='bbox 1497 2156 1617 2198; x_wconf 86' lang='lat' dir='ltr'>fama.</span> <span class='ocrx_word' id='word_1_269' title='bbox 1690 2155 1811 2198; x_wconf 85' lang='lat' dir='ltr'>Illam</span> 
     </span>
     <span class='ocr_line' id='line_1_35' title="bbox 424 2212 1811 2271; baseline -0.001 -15"><span class='ocrx_word' id='word_1_270' title='bbox 424 2216 595 2257; x_wconf 87' lang='lat' dir='ltr'>alteram</span> <span class='ocrx_word' id='word_1_271' title='bbox 616 2215 833 2256; x_wconf 88' lang='lat' dir='ltr'>admiratio</span> <span class='ocrx_word' id='word_1_272' title='bbox 854 2215 930 2255; x_wconf 86' lang='lat' dir='ltr'>viri</span> <span class='ocrx_word' id='word_1_273' title='bbox 951 2223 994 2255; x_wconf 93' lang='lat' dir='ltr'>et</span> <span class='ocrx_word' id='word_1_274' title='bbox 1012 2229 1140 2271; x_wconf 84' lang='lat' dir='ltr'>pavor</span> <span class='ocrx_word' id='word_1_275' title='bbox 1165 2229 1359 2270; x_wconf 91' lang='lat' dir='ltr'>praesens</span> <span class='ocrx_word' id='word_1_276' title='bbox 1386 2213 1630 2256; x_wconf 88' lang='lat' dir='ltr'>nobilitavit.</span> <span class='ocrx_word' id='word_1_277' title='bbox 1695 2212 1811 2256; x_wconf 90' lang='lat' dir='ltr'>Con-</span> 
     </span>
     <span class='ocr_line' id='line_1_36' title="bbox 424 2271 1809 2328; baseline -0.001 -14"><span class='ocrx_word' id='word_1_278' title='bbox 424 2273 515 2314; x_wconf 91' lang='lat' dir='ltr'>silio</span> <span class='ocrx_word' id='word_1_279' title='bbox 537 2273 663 2314; x_wconf 87' lang='lat' dir='ltr'>etiam</span> <span class='ocrx_word' id='word_1_280' title='bbox 685 2273 808 2313; x_wconf 91' lang='lat' dir='ltr'>unius</span> <span class='ocrx_word' id='word_1_281' title='bbox 828 2272 1008 2313; x_wconf 90' lang='lat' dir='ltr'>hominis</span> <span class='ocrx_word' id='word_1_282' title='bbox 1029 2271 1171 2313; x_wconf 86' lang='lat' dir='ltr'>addita</span> <span class='ocrx_word' id='word_1_283' title='bbox 1191 2272 1251 2313; x_wconf 88' lang='lat' dir='ltr'>rei</span> <span class='ocrx_word' id='word_1_284' title='bbox 1267 2272 1420 2313; x_wconf 89' lang='lat' dir='ltr'>dieitur</span> <span class='ocrx_word' id='word_1_285' title='bbox 1434 2271 1548 2313; x_wconf 91' lang='lat' dir='ltr'>fides.</span> <span class='ocrx_word' id='word_1_286' title='bbox 1612 2271 1809 2328; x_wconf 86' lang='lat' dir='ltr'>Namque</span> 
     </span>
    </p>
   </div>
   <div class='ocr_carea' id='block_1_5' title="bbox 210 1477 299 1507">
    <p class='ocr_par' dir='ltr' id='par_1_6' title="bbox 210 1477 299 1507">
     <span class='ocr_line' id='line_1_37' title="bbox 210 1477 299 1507; baseline 0.022 -2"><span class='ocrx_word' id='word_1_287' title='bbox 210 1477 299 1507; x_wconf 83' lang='lat' dir='ltr'>muli.</span> 
     </span>
    </p>
   </div>
   <div class='ocr_carea' id='block_1_6' title="bbox 419 2383 1093 3008">
    <p class='ocr_par' dir='ltr' id='par_1_7' title="bbox 419 2383 1093 2838">
     <span class='ocr_line' id='line_1_38' title="bbox 467 2383 1093 2421; baseline -0.003 -6"><span class='ocrx_word' id='word_1_288' title='bbox 467 2385 485 2415; x_wconf 90' lang='lat'>8</span> <span class='ocrx_word' id='word_1_289' title='bbox 510 2384 650 2421; x_wconf 81' lang='lat' dir='ltr'>Celeres]</span> <span class='ocrx_word' id='word_1_290' title='bbox 677 2383 829 2419; x_wconf 84' lang='lat' dir='ltr'>Eosdem,</span> <span class='ocrx_word' id='word_1_291' title='bbox 845 2386 943 2421; x_wconf 87' lang='lat' dir='ltr'>atque</span> <span class='ocrx_word' id='word_1_292' title='bbox 959 2383 1093 2421; x_wconf 82' lang='lat' dir='ltr'>equites,</span> 
     </span>
     <span class='ocr_line' id='line_1_39' title="bbox 424 2425 1092 2464; baseline -0.003 -7"><span class='ocrx_word' id='word_1_293' title='bbox 424 2427 560 2457; x_wconf 89' lang='lat' dir='ltr'>Niebhr.</span> <span class='ocrx_word' id='word_1_294' title='bbox 608 2425 858 2456; x_wconf 79' lang='lat' dir='ltr'>VVachsmuthio</span> <span class='ocrx_word' id='word_1_295' title='bbox 893 2425 1000 2464; x_wconf 83' lang='lat' dir='ltr'>placet</span> <span class='ocrx_word' id='word_1_296' title='bbox 1032 2426 1092 2456; x_wconf 86' lang='lat' dir='ltr'>Ce-</span> 
     </span>
     <span class='ocr_line' id='line_1_40' title="bbox 422 2467 1092 2507; baseline -0.001 -8"><span class='ocrx_word' id='word_1_297' title='bbox 422 2470 514 2506; x_wconf 84' lang='lat' dir='ltr'>leres,</span> <span class='ocrx_word' id='word_1_298' title='bbox 536 2479 601 2499; x_wconf 91' lang='lat' dir='ltr'>non</span> <span class='ocrx_word' id='word_1_299' title='bbox 625 2469 765 2505; x_wconf 89' lang='lat' dir='ltr'>eosdem,</span> <span class='ocrx_word' id='word_1_300' title='bbox 781 2478 860 2507; x_wconf 90' lang='lat' dir='ltr'>quos</span> <span class='ocrx_word' id='word_1_301' title='bbox 883 2467 1016 2506; x_wconf 87' lang='lat' dir='ltr'>equites,</span> <span class='ocrx_word' id='word_1_302' title='bbox 1037 2469 1092 2498; x_wconf 85' lang='lat' dir='ltr'>sed</span> 
     </span>
     <span class='ocr_line' id='line_1_41' title="bbox 421 2510 1092 2550; baseline -0.004 -8"><span class='ocrx_word' id='word_1_303' title='bbox 421 2513 556 2542; x_wconf 86' lang='lat' dir='ltr'>selectos</span> <span class='ocrx_word' id='word_1_304' title='bbox 571 2512 725 2550; x_wconf 89' lang='lat' dir='ltr'>quosdam</span> <span class='ocrx_word' id='word_1_305' title='bbox 747 2521 786 2540; x_wconf 86' lang='lat' dir='ltr'>ex</span> <span class='ocrx_word' id='word_1_306' title='bbox 808 2510 901 2540; x_wconf 83' lang='lat' dir='ltr'>curiis</span> <span class='ocrx_word' id='word_1_307' title='bbox 921 2510 986 2540; x_wconf 89' lang='lat' dir='ltr'>sive</span> <span class='ocrx_word' id='word_1_308' title='bbox 1006 2510 1092 2549; x_wconf 80' lang='lat' dir='ltr'>equi·</span> 
     </span>
     <span class='ocr_line' id='line_1_42' title="bbox 421 2552 1090 2592; baseline 0 -8"><span class='ocrx_word' id='word_1_309' title='bbox 421 2559 490 2584; x_wconf 89' lang='lat' dir='ltr'>tum</span> <span class='ocrx_word' id='word_1_310' title='bbox 521 2554 681 2585; x_wconf 89' lang='lat' dir='ltr'>centuriis.</span> <span class='ocrx_word' id='word_1_311' title='bbox 725 2553 776 2585; x_wconf 90' lang='lat' dir='ltr'>Cf.</span> <span class='ocrx_word' id='word_1_312' title='bbox 803 2552 937 2592; x_wconf 83' lang='lat' dir='ltr'>Dionys.</span> <span class='ocrx_word' id='word_1_313' title='bbox 973 2552 1004 2583; x_wconf 79' lang='lat' dir='ltr'>ii.</span> <span class='ocrx_word' id='word_1_314' title='bbox 1044 2562 1090 2592; x_wconf 83' lang='lat'>13.</span> 
     </span>
     <span class='ocr_line' id='line_1_43' title="bbox 422 2595 1090 2628; baseline -0.001 -1"><span class='ocrx_word' id='word_1_315' title='bbox 422 2597 537 2627; x_wconf 88' lang='lat' dir='ltr'>Festus</span> <span class='ocrx_word' id='word_1_316' title='bbox 553 2608 580 2627; x_wconf 84' lang='lat' dir='ltr'>v.</span> <span class='ocrx_word' id='word_1_317' title='bbox 598 2597 736 2628; x_wconf 82' lang='lat' dir='ltr'>Celeres.</span> <span class='ocrx_word' id='word_1_318' title='bbox 755 2595 840 2626; x_wconf 90' lang='lat' dir='ltr'>Plin.</span> <span class='ocrx_word' id='word_1_319' title='bbox 859 2595 904 2626; x_wconf 88' lang='lat' dir='ltr'>H.</span> <span class='ocrx_word' id='word_1_320' title='bbox 919 2595 962 2625; x_wconf 95' lang='lat' dir='ltr'>N.</span> <span class='ocrx_word' id='word_1_321' title='bbox 978 2595 1090 2626; x_wconf 86' lang='lat' dir='ltr'>xxxiii.</span> 
     </span>
     <span class='ocr_line' id='line_1_44' title="bbox 422 2637 1090 2677; baseline -0.006 -7"><span class='ocrx_word' id='word_1_322' title='bbox 422 2649 450 2670; x_wconf 64' lang='grc' dir='ltr'>τ.</span> <span class='ocrx_word' id='word_1_323' title='bbox 504 2641 665 2670; x_wconf 78' lang='lat' dir='ltr'>Tribunus</span> <span class='ocrx_word' id='word_1_324' title='bbox 691 2639 848 2675; x_wconf 81' lang='lat' dir='ltr'>Celerum,</span> <span class='ocrx_word' id='word_1_325' title='bbox 877 2637 1090 2677; x_wconf 80' lang='lat' dir='ltr'>magistratus,</span> 
     </span>
     <span class='ocr_line' id='line_1_45' title="bbox 421 2680 1090 2718; baseline 0 -8"><span class='ocrx_word' id='word_1_326' title='bbox 421 2691 544 2711; x_wconf 89' lang='lat' dir='ltr'>necnon</span> <span class='ocrx_word' id='word_1_327' title='bbox 564 2682 721 2718; x_wconf 85' lang='lat' dir='ltr'>sacerdos,</span> <span class='ocrx_word' id='word_1_328' title='bbox 739 2681 873 2711; x_wconf 87' lang='lat' dir='ltr'>Niebhr.</span> <span class='ocrx_word' id='word_1_329' title='bbox 919 2680 1090 2717; x_wconf 88' lang='lat' dir='ltr'>Nonnulli,</span> 
     </span>
     <span class='ocr_line' id='line_1_46' title="bbox 420 2722 1090 2762; baseline 0.001 -9"><span class='ocrx_word' id='word_1_330' title='bbox 420 2723 453 2753; x_wconf 90' lang='lat' dir='ltr'>in</span> <span class='ocrx_word' id='word_1_331' title='bbox 470 2724 583 2762; x_wconf 90' lang='lat' dir='ltr'>quibus</span> <span class='ocrx_word' id='word_1_332' title='bbox 600 2724 804 2760; x_wconf 84' lang='lat' dir='ltr'>Plutarchus,</span> <span class='ocrx_word' id='word_1_333' title='bbox 819 2734 839 2754; x_wconf 84' lang='lat' dir='ltr'>a</span> <span class='ocrx_word' id='word_1_334' title='bbox 858 2722 1023 2753; x_wconf 86' lang='lat' dir='ltr'>ministerii</span> <span class='ocrx_word' id='word_1_335' title='bbox 1043 2733 1090 2754; x_wconf 86' lang='lat' dir='ltr'>ce-</span> 
     </span>
     <span class='ocr_line' id='line_1_47' title="bbox 420 2765 1089 2805; baseline 0.001 -10"><span class='ocrx_word' id='word_1_336' title='bbox 420 2766 545 2797; x_wconf 78' lang='lat' dir='ltr'>leritate</span> <span class='ocrx_word' id='word_1_337' title='bbox 565 2767 758 2805; x_wconf 83' lang='lat' dir='ltr'>appellatos,</span> <span class='ocrx_word' id='word_1_338' title='bbox 772 2765 827 2796; x_wconf 89' lang='lat' dir='ltr'>alii</span> <span class='ocrx_word' id='word_1_339' title='bbox 842 2776 862 2796; x_wconf 88' lang='lat' dir='ltr'>a</span> <span class='ocrx_word' id='word_1_340' title='bbox 877 2766 985 2797; x_wconf 83' lang='lat' dir='ltr'>Celere</span> <span class='ocrx_word' id='word_1_341' title='bbox 1002 2775 1089 2805; x_wconf 83' lang='lat' dir='ltr'>prae-</span> 
     </span>
     <span class='ocr_line' id='line_1_48' title="bbox 419 2807 514 2838; baseline 0.011 -1"><span class='ocrx_word' id='word_1_342' title='bbox 419 2807 514 2838; x_wconf 83' lang='lat' dir='ltr'>fecto.</span> 
     </span>
    </p>

    <p class='ocr_par' dir='ltr' id='par_1_8' title="bbox 420 2851 1088 3008">
     <span class='ocr_line' id='line_1_49' title="bbox 462 2851 1086 2890; baseline 0.002 -11"><span class='ocrx_word' id='word_1_343' title='bbox 462 2859 482 2890; x_wconf 91' lang='lat'>9</span> <span class='ocrx_word' id='word_1_344' title='bbox 497 2851 560 2880; x_wconf 80' lang='lat' dir='ltr'>His</span> <span class='ocrx_word' id='word_1_345' title='bbox 574 2851 802 2881; x_wconf 80' lang='lat' dir='ltr'>immortalibus</span> <span class='ocrx_word' id='word_1_346' title='bbox 817 2852 909 2882; x_wconf 78' lang='lat' dir='ltr'>editis</span> <span class='ocrx_word' id='word_1_347' title='bbox 923 2851 1086 2890; x_wconf 76' lang='lat' dir='ltr'>operibus]</span> 
     </span>
     <span class='ocr_line' id='line_1_50' title="bbox 420 2891 1088 2931; baseline 0.004 -10"><span class='ocrx_word' id='word_1_348' title='bbox 420 2891 518 2922; x_wconf 88' lang='lat' dir='ltr'>Forte</span> <span class='ocrx_word' id='word_1_349' title='bbox 556 2892 615 2931; x_wconf 79' lang='lat' dir='ltr'>leg.</span> <span class='ocrx_word' id='word_1_350' title='bbox 654 2902 725 2921; x_wconf 92' lang='lat' dir='ltr'>cum</span> <span class='ocrx_word' id='word_1_351' title='bbox 765 2894 856 2924; x_wconf 87' lang='lat' dir='ltr'>Crev.</span> <span class='ocrx_word' id='word_1_352' title='bbox 894 2894 1088 2924; x_wconf 79' lang='lat' dir='ltr'>mortalibus.</span> 
     </span>
     <span class='ocr_line' id='line_1_51' title="bbox 420 2935 1088 2973; baseline 0.001 -9"><span class='ocrx_word' id='word_1_353' title='bbox 420 2935 604 2965; x_wconf 70' lang='lat' dir='ltr'>Concionem</span> <span class='ocrx_word' id='word_1_354' title='bbox 628 2935 663 2963; x_wconf 79' lang='lat' dir='ltr'>in</span> <span class='ocrx_word' id='word_1_355' title='bbox 687 2945 795 2973; x_wconf 80' lang='lat' dir='ltr'>campo</span> <span class='ocrx_word' id='word_1_356' title='bbox 818 2935 939 2965; x_wconf 77' lang='lat' dir='ltr'>scilicet</span> <span class='ocrx_word' id='word_1_357' title='bbox 959 2935 1088 2966; x_wconf 79' lang='lat' dir='ltr'>Martio.</span> 
     </span>
     <span class='ocr_line' id='line_1_52' title="bbox 420 2976 1087 3008; baseline -0.001 0"><span class='ocrx_word' id='word_1_358' title='bbox 420 2976 474 3008; x_wconf 80' lang='lat' dir='ltr'>De</span> <span class='ocrx_word' id='word_1_359' title='bbox 498 2976 639 3008; x_wconf 84' lang='lat' dir='ltr'>Romulo</span> <span class='ocrx_word' id='word_1_360' title='bbox 663 2976 745 3006; x_wconf 85' lang='lat' dir='ltr'>inter</span> <span class='ocrx_word' id='word_1_361' title='bbox 767 2977 854 3006; x_wconf 82' lang='lat' dir='ltr'>Deos</span> <span class='ocrx_word' id='word_1_362' title='bbox 876 2977 976 3007; x_wconf 82' lang='lat' dir='ltr'>relato</span> <span class='ocrx_word' id='word_1_363' title='bbox 1000 2982 1031 3007; x_wconf 86' lang='lat' dir='ltr'>et</span> <span class='ocrx_word' id='word_1_364' title='bbox 1056 2977 1087 3007; x_wconf 90' lang='lat' dir='ltr'>in</span> 
     </span>
    </p>
   </div>
   <div class='ocr_carea' id='block_1_7' title="bbox 1132 2382 1809 2967">
    <p class='ocr_par' dir='ltr' id='par_1_9' title="bbox 1136 2382 1809 2507">
     <span class='ocr_line' id='line_1_53' title="bbox 1136 2382 1809 2422; baseline 0.001 -9"><span class='ocrx_word' id='word_1_365' title='bbox 1136 2393 1230 2413; x_wconf 85' lang='lat' dir='ltr'>curru</span> <span class='ocrx_word' id='word_1_366' title='bbox 1253 2382 1368 2414; x_wconf 87' lang='lat' dir='ltr'>Martis</span> <span class='ocrx_word' id='word_1_367' title='bbox 1387 2384 1521 2422; x_wconf 84' lang='lat' dir='ltr'>abrepto</span> <span class='ocrx_word' id='word_1_368' title='bbox 1539 2382 1578 2414; x_wconf 88' lang='lat' dir='ltr'>cf.</span> <span class='ocrx_word' id='word_1_369' title='bbox 1599 2383 1687 2414; x_wconf 84' lang='lat' dir='ltr'>Plut.</span> <span class='ocrx_word' id='word_1_370' title='bbox 1711 2383 1809 2414; x_wconf 88' lang='lat' dir='ltr'>Rom.</span> 
     </span>
     <span class='ocr_line' id='line_1_54' title="bbox 1138 2424 1808 2465; baseline 0.001 -10"><span class='ocrx_word' id='word_1_371' title='bbox 1138 2433 1187 2464; x_wconf 80' lang='lat'>27.</span> <span class='ocrx_word' id='word_1_372' title='bbox 1221 2425 1356 2465; x_wconf 81' lang='lat' dir='ltr'>Dionys.</span> <span class='ocrx_word' id='word_1_373' title='bbox 1381 2425 1413 2456; x_wconf 91' lang='lat' dir='ltr'>ii.</span> <span class='ocrx_word' id='word_1_374' title='bbox 1439 2424 1488 2464; x_wconf 85' lang='lat'>56.</span> <span class='ocrx_word' id='word_1_375' title='bbox 1519 2425 1614 2456; x_wconf 87' lang='lat' dir='ltr'>Ovid.</span> <span class='ocrx_word' id='word_1_376' title='bbox 1638 2425 1720 2456; x_wconf 85' lang='lat' dir='ltr'>Met.</span> <span class='ocrx_word' id='word_1_377' title='bbox 1743 2425 1808 2457; x_wconf 80' lang='lat' dir='ltr'>xiv.</span> 
     </span>
     <span class='ocr_line' id='line_1_55' title="bbox 1139 2467 1763 2507; baseline 0.002 -9"><span class='ocrx_word' id='word_1_378' title='bbox 1139 2469 1280 2507; x_wconf 84' lang='lat'>772—85</span> <span class='ocrx_word' id='word_1_379' title='bbox 1288 2478 1313 2499; x_wconf 90' lang='lat'>1.</span> <span class='ocrx_word' id='word_1_380' title='bbox 1329 2471 1361 2497; x_wconf 87' lang='lat' dir='ltr'>et</span> <span class='ocrx_word' id='word_1_381' title='bbox 1378 2467 1464 2498; x_wconf 82' lang='lat' dir='ltr'>Fast.</span> <span class='ocrx_word' id='word_1_382' title='bbox 1480 2467 1512 2498; x_wconf 89' lang='lat' dir='ltr'>ii.</span> <span class='ocrx_word' id='word_1_383' title='bbox 1529 2475 1590 2507; x_wconf 86' lang='lat'>475</span> <span class='ocrx_word' id='word_1_384' title='bbox 1607 2477 1653 2507; x_wconf 89' lang='lat' dir='ltr'>sq.</span> <span class='ocrx_word' id='word_1_385' title='bbox 1676 2467 1763 2499; x_wconf 74' lang='lat' dir='ltr'>Rur.</span> 
     </span>
    </p>

    <p class='ocr_par' dir='ltr' id='par_1_10' title="bbox 1132 2511 1808 2967">
     <span class='ocr_line' id='line_1_56' title="bbox 1183 2511 1804 2550; baseline 0.002 -10"><span class='ocrx_word' id='word_1_386' title='bbox 1183 2520 1194 2540; x_wconf 87' lang='lat'>1</span> <span class='ocrx_word' id='word_1_387' title='bbox 1218 2512 1332 2541; x_wconf 82' lang='lat' dir='ltr'>Fuisse</span> <span class='ocrx_word' id='word_1_388' title='bbox 1346 2511 1437 2541; x_wconf 81' lang='lat' dir='ltr'>credo</span> <span class='ocrx_word' id='word_1_389' title='bbox 1449 2515 1516 2540; x_wconf 83' lang='lat' dir='ltr'>tum</span> <span class='ocrx_word' id='word_1_390' title='bbox 1531 2521 1653 2550; x_wconf 84' lang='lat' dir='ltr'>quoque</span> <span class='ocrx_word' id='word_1_391' title='bbox 1664 2511 1804 2550; x_wconf 80' lang='lat' dir='ltr'>aliquos]</span> 
     </span>
     <span class='ocr_line' id='line_1_57' title="bbox 1136 2552 1808 2590; baseline 0.001 -8"><span class='ocrx_word' id='word_1_392' title='bbox 1136 2552 1221 2583; x_wconf 88' lang='lat' dir='ltr'>Rem</span> <span class='ocrx_word' id='word_1_393' title='bbox 1248 2556 1405 2583; x_wconf 83' lang='lat' dir='ltr'>memorat</span> <span class='ocrx_word' id='word_1_394' title='bbox 1436 2552 1641 2590; x_wconf 84' lang='lat' dir='ltr'>Plutarchus,</span> <span class='ocrx_word' id='word_1_395' title='bbox 1670 2556 1703 2583; x_wconf 84' lang='lat' dir='ltr'>et</span> <span class='ocrx_word' id='word_1_396' title='bbox 1731 2553 1808 2590; x_wconf 77' lang='lat' dir='ltr'>alii3</span> 
     </span>
     <span class='ocr_line' id='line_1_58' title="bbox 1135 2595 1807 2635; baseline 0.001 -10"><span class='ocrx_word' id='word_1_397' title='bbox 1135 2605 1194 2625; x_wconf 89' lang='lat' dir='ltr'>nec</span> <span class='ocrx_word' id='word_1_398' title='bbox 1209 2595 1302 2626; x_wconf 84' lang='lat' dir='ltr'>aliter</span> <span class='ocrx_word' id='word_1_399' title='bbox 1316 2605 1442 2625; x_wconf 88' lang='lat' dir='ltr'>sensere</span> <span class='ocrx_word' id='word_1_400' title='bbox 1453 2595 1628 2625; x_wconf 87' lang='lat' dir='ltr'>doctissimi</span> <span class='ocrx_word' id='word_1_401' title='bbox 1640 2595 1759 2635; x_wconf 87' lang='lat' dir='ltr'>quique</span> <span class='ocrx_word' id='word_1_402' title='bbox 1773 2599 1807 2626; x_wconf 85' lang='lat' dir='ltr'>et.</span> 
     </span>
     <span class='ocr_line' id='line_1_59' title="bbox 1134 2637 1806 2669; baseline 0.001 -2"><span class='ocrx_word' id='word_1_403' title='bbox 1134 2637 1343 2668; x_wconf 86' lang='lat' dir='ltr'>eordatissimi</span> <span class='ocrx_word' id='word_1_404' title='bbox 1360 2638 1591 2669; x_wconf 87' lang='lat' dir='ltr'>Romanorum.</span> <span class='ocrx_word' id='word_1_405' title='bbox 1622 2637 1712 2668; x_wconf 87' lang='lat' dir='ltr'>Hinc</span> <span class='ocrx_word' id='word_1_406' title='bbox 1728 2638 1806 2668; x_wconf 84' lang='lat' dir='ltr'>Tar-</span> 
     </span>
     <span class='ocr_line' id='line_1_60' title="bbox 1134 2680 1806 2720; baseline 0.003 -10"><span class='ocrx_word' id='word_1_407' title='bbox 1134 2680 1261 2719; x_wconf 80' lang='lat' dir='ltr'>quinius</span> <span class='ocrx_word' id='word_1_408' title='bbox 1287 2680 1449 2720; x_wconf 89' lang='lat' dir='ltr'>Superbus</span> <span class='ocrx_word' id='word_1_409' title='bbox 1471 2681 1641 2711; x_wconf 81' lang='lat' dir='ltr'>Romulum</span> <span class='ocrx_word' id='word_1_410' title='bbox 1664 2681 1806 2720; x_wconf 75' lang='lat' dir='ltr'>insepul-</span> 
     </span>
     <span class='ocr_line' id='line_1_61' title="bbox 1134 2722 1804 2764; baseline 0.001 -11"><span class='ocrx_word' id='word_1_411' title='bbox 1134 2727 1200 2753; x_wconf 79' lang='lat' dir='ltr'>tum</span> <span class='ocrx_word' id='word_1_412' title='bbox 1223 2724 1345 2763; x_wconf 79' lang='lat' dir='ltr'>perisse</span> <span class='ocrx_word' id='word_1_413' title='bbox 1370 2722 1508 2760; x_wconf 85' lang='lat' dir='ltr'>dictitat,</span> <span class='ocrx_word' id='word_1_414' title='bbox 1533 2722 1617 2753; x_wconf 79' lang='lat' dir='ltr'>infra</span> <span class='ocrx_word' id='word_1_415' title='bbox 1642 2733 1692 2764; x_wconf 83' lang='lat'>49.</span> <span class='ocrx_word' id='word_1_416' title='bbox 1743 2723 1804 2754; x_wconf 90' lang='lat' dir='ltr'>Po-</span> 
     </span>
     <span class='ocr_line' id='line_1_62' title="bbox 1134 2764 1804 2805; baseline 0.001 -10"><span class='ocrx_word' id='word_1_417' title='bbox 1134 2766 1279 2805; x_wconf 88' lang='lat' dir='ltr'>pularem</span> <span class='ocrx_word' id='word_1_418' title='bbox 1304 2765 1356 2796; x_wconf 88' lang='lat' dir='ltr'>hic</span> <span class='ocrx_word' id='word_1_419' title='bbox 1379 2765 1563 2805; x_wconf 85' lang='lat' dir='ltr'>opinionem</span> <span class='ocrx_word' id='word_1_420' title='bbox 1586 2766 1729 2805; x_wconf 87' lang='lat' dir='ltr'>sequitur</span> <span class='ocrx_word' id='word_1_421' title='bbox 1751 2764 1804 2795; x_wconf 87' lang='lat' dir='ltr'>Li-</span> 
     </span>
     <span class='ocr_line' id='line_1_63' title="bbox 1134 2807 1804 2847; baseline -0.001 -9"><span class='ocrx_word' id='word_1_422' title='bbox 1134 2808 1212 2839; x_wconf 80' lang='lat' dir='ltr'>vius.</span> <span class='ocrx_word' id='word_1_423' title='bbox 1241 2808 1347 2839; x_wconf 76' lang='lat' dir='ltr'>CREv.</span> <span class='ocrx_word' id='word_1_424' title='bbox 1404 2808 1444 2838; x_wconf 89' lang='lat' dir='ltr'>In</span> <span class='ocrx_word' id='word_1_425' title='bbox 1481 2808 1540 2838; x_wconf 90' lang='lat' dir='ltr'>hos</span> <span class='ocrx_word' id='word_1_426' title='bbox 1576 2812 1673 2847; x_wconf 84' lang='lat' dir='ltr'>atque</span> <span class='ocrx_word' id='word_1_427' title='bbox 1708 2807 1804 2837; x_wconf 85' lang='lat' dir='ltr'>huius</span> 
     </span>
     <span class='ocr_line' id='line_1_64' title="bbox 1135 2849 1804 2890; baseline -0.001 -10"><span class='ocrx_word' id='word_1_428' title='bbox 1135 2851 1277 2890; x_wconf 85' lang='lat' dir='ltr'>exempli</span> <span class='ocrx_word' id='word_1_429' title='bbox 1304 2850 1471 2890; x_wconf 85' lang='lat' dir='ltr'>scriptores</span> <span class='ocrx_word' id='word_1_430' title='bbox 1500 2850 1613 2881; x_wconf 86' lang='lat' dir='ltr'>merito</span> <span class='ocrx_word' id='word_1_431' title='bbox 1642 2849 1804 2880; x_wconf 86' lang='lat' dir='ltr'>invehitur</span> 
     </span>
     <span class='ocr_line' id='line_1_65' title="bbox 1133 2891 1803 2932; baseline -0.001 -9"><span class='ocrx_word' id='word_1_432' title='bbox 1133 2893 1269 2924; x_wconf 88' lang='lat' dir='ltr'>Niebhr.</span> <span class='ocrx_word' id='word_1_433' title='bbox 1293 2894 1379 2932; x_wconf 87' lang='lat' dir='ltr'>quod</span> <span class='ocrx_word' id='word_1_434' title='bbox 1406 2897 1528 2923; x_wconf 83' lang='lat' dir='ltr'>veteres</span> <span class='ocrx_word' id='word_1_435' title='bbox 1553 2892 1682 2932; x_wconf 82' lang='lat' dir='ltr'>mythos</span> <span class='ocrx_word' id='word_1_436' title='bbox 1708 2891 1803 2922; x_wconf 86' lang='lat' dir='ltr'>nimis</span> 
     </span>
     <span class='ocr_line' id='line_1_66' title="bbox 1132 2935 1679 2967; baseline -0.004 -1"><span class='ocrx_word' id='word_1_437' title='bbox 1132 2935 1258 2967; x_wconf 87' lang='lat' dir='ltr'>exiliter</span> <span class='ocrx_word' id='word_1_438' title='bbox 1272 2936 1314 2966; x_wconf 83' lang='lat' dir='ltr'>ad</span> <span class='ocrx_word' id='word_1_439' title='bbox 1330 2936 1471 2967; x_wconf 84' lang='lat' dir='ltr'>calculos</span> <span class='ocrx_word' id='word_1_440' title='bbox 1484 2937 1679 2966; x_wconf 85' lang='lat' dir='ltr'>revocarent.</span> 
     </span>
    </p>
   </div>
  </div>
 </body>
</html>
