1934 3211
531 206 658 249 LIB.
699 206 732 248 1.
775 206 922 248 CAP.
956 210 1022 249 38.
1415 211 1470 250 45
1495 182 1502 194 ⁷

53 298 196 348 6iecit,
226 305 274 338 ut
309 295 422 338 mille
459 305 502 338 et
537 297 769 352 octingenti
809 297 972 353 equites
1012 297 1057 338 in
1099 297 1233 338 tribus
1274 298 1474 338 centuriis

84 362 232 398 essent.
292 353 549 395 Posteriores
579 354 704 396 modo
731 356 810 396 sub
840 354 988 395 iisdem
1015 353 1268 404 nominibus,
1300 355 1374 410 qui
1401 355 1474 395 ad-

56 458 62 463 ,
84 412 164 455 diti
182 420 313 462 erant,
335 411 533 468 appellati
560 420 679 453 sunt:
714 427 818 468 quas
838 427 964 462 nunc,
987 412 1086 468 quia
1105 411 1341 468 geminatae
1362 420 1473 461 sunt,

83 484 157 512 sex
176 478 327 511 vocant
347 478 566 510 centunas.

142 525 237 568 Hac
275 536 392 583 parte
429 527 643 583 copiarum
682 536 816 577 aucta,
858 527 1009 569 iterum
1045 542 1142 568 cum
1178 525 1342 568 Sabinis
1375 541 1475 567 con·
1556 534 1623 574 37,

83 584 252 641 fligitur.
336 583 421 626 Sed
470 594 763 641 praeterquam
809 585 924 641 quod
958 585 1115 626 viribus
1160 593 1346 626 creverat
1387 584 1476 625 Ro-

83 656 232 683 manus
265 642 484 692 exercitus,
517 657 569 684 ex
602 642 766 684 occulto
799 643 924 684 etiam
960 642 1129 684 additur
1160 641 1294 691 dolus,
1328 641 1474 691 missis,

84 700 158 757 qui
197 715 392 756 magnam
431 700 517 740 vim
557 699 778 765 lignorum,
820 700 864 741 in
906 700 1085 741 Anienis
1125 700 1215 756 ripa
1254 699 1475 748 iacentem,

84 757 333 799 ardentem
323 773 368 798 1n
388 758 547 799 flumen
568 758 847 799 conjicerent:
876 767 1086 814 ventoque
1108 757 1277 799 iuvante
1303 771 1478 798 accensa

55 815 209 872 7ligna,
233 824 276 857 et
294 814 527 872 pleraque
517 830 560 856 111
581 816 753 865 ratibus,
783 816 965 873 impacta
988 815 1158 857 sublicis
1179 830 1310 871 quum
1331 814 1477 856 haere-

83 882 191 923 rent,
211 882 384 930 pontem
402 873 647 914 incendunt.
706 873 770 914 Ea
785 889 954 930 quoque
972 888 1037 915 res
1058 873 1101 913 in
1117 888 1260 930 pugna
1275 881 1477 913 terrorem

53 905 225 973 8attulit
248 930 425 972 Sabinis.
490 930 643 972 Effusis
671 931 819 972 eadem
846 931 989 987 fugam
1016 930 1231 987 impediit:
1270 929 1476 986 multique
1487 936 1602 969 Sabini
1620 937 1691 968 fun-

83 988 290 1038 mortales,
308 1003 440 1044 quum
460 988 623 1030 hostem
644 989 900 1046 effiigissent‚
918 989 962 1029 in
983 988 1189 1030 flumine
1179 1003 1269 1044 lpso
1290 988 1474 1053 periere.
1491 982 1620 1012 duntur.

84 1061 263 1103 quorum
292 1046 500 1088 fluitantia
527 1061 642 1087 arma
668 1047 719 1088 ad
745 1048 892 1089 urbem
918 1047 1087 1103 cognita
1116 1047 1160 1086 in
1191 1045 1337 1087 Tiberi
1364 1060 1479 1102 pr1us

114 1119 230 1154 aene,
268 1119 326 1202 qu
299 1119 396 1146 uam
430 1104 615 1145 nuntiari
650 1114 800 1161 posset,
833 1105 1041 1161 insignem
1071 1103 1288 1145 victoriam
1327 1103 1476 1144 fecere.

83 1119 151 1204 {20
185 1177 285 1218 proe
305 1177 344 1203 io
380 1162 605 1218 praecipua
640 1163 833 1227 equiturn
868 1162 1001 1218 gloria
1031 1161 1135 1202 fuit:
1179 1161 1391 1216 utrimque
1428 1161 1480 1202 ab

84 1220 280 1262 cornibus
319 1220 487 1284 positoS‚
531 1235 662 1275 quum
708 1220 792 1260 iam
832 1220 1057 1276 pelleretur
1103 1218 1243 1260 media
1288 1218 1480 1274 peditum

84 1292 256 1319 suorum
288 1292 409 1326 acleS,
444 1277 502 1318 ita
534 1277 753 1319 incurrisse
787 1278 839 1319 ab
879 1277 1077 1318 lateribus
1116 1276 1269 1325 ferunt,
1311 1284 1359 1317 ut
1393 1290 1480 1317 non

85 1335 280 1376 sisterent
301 1334 426 1375 modo
451 1334 625 1376 Sabinas
646 1335 845 1391 legiones,
862 1335 1056 1376 ferociter
1072 1334 1275 1374 instantes
1291 1332 1480 1374 cedenti-

85 1393 176 1442 bus,
198 1392 272 1434 sed
293 1392 460 1433 subito
451 1407 492 1433 m
515 1392 654 1448 fugam
683 1400 930 1434 averterent.
994 1391 1167 1432 Montes
1194 1391 1326 1432 effuso
1357 1405 1481 1431 cursu

89 1449 235 1492 Sabini
264 1450 476 1506 petebant,
499 1459 542 1491 et
569 1450 691 1505 pauci
723 1458 921 1491 tenuere·
912 1481 922 1498 ‚
955 1448 1139 1489 maxima
1166 1463 1274 1504 pars,
1306 1455 1354 1488 ut
1383 1456 1479 1488 ante

86 1507 247 1549 dietum
268 1516 342 1557 est,
365 1507 416 1548 ab
440 1507 687 1562 equitibus
677 1521 721 1547 111
745 1507 903 1548 flumen
931 1506 1012 1547 acti
1037 1514 1146 1547 sunt.
1206 1505 1478 1561 Tarquinius,

87 1564 328 1606 instandum
368 1564 597 1620 perterritis
637 1573 762 1614 ratus,
804 1564 960 1621 praeda
999 1563 1256 1620 captivisque
1298 1562 1480 1604 Romam

85 1622 231 1672 missis,
267 1621 409 1678 spoliis
441 1621 625 1663 hostium
658 1621 823 1687 (votum
859 1621 903 1663 id
938 1621 1133 1663 Vulcano
1169 1620 1278 1677 erat)
1318 1620 1481 1686 ingenti

84 1679 253 1722 cumulo
273 1679 469 1729 accensis,
486 1680 624 1736 pergit
643 1695 768 1736 porro
789 1680 833 1720 in
854 1695 1000 1737 agrum
1025 1678 1227 1721 Sabinum
1249 1679 1482 1720 exercitum

84 1737 296 1779 inducere.
359 1736 429 1786 Et,
451 1753 694 1794 quanquam
715 1737 822 1780 male
843 1746 966 1803 gesta
980 1752 1045 1779 res
1066 1745 1168 1787 erat,
1194 1752 1273 1778 nec
1293 1745 1483 1793 gesturos

84 1795 234 1838 melius
268 1810 453 1861 sperare
469 1804 677 1852 poterant,
712 1806 866 1846 tamen,
896 1811 997 1852 quia
1023 1769 1270 1836 consulendi
1301 1809 1365 1836 res
1395 1808 1482 1835 non

84 1852 210 1895 dabat
225 1853 420 1910 spatium,
443 1853 527 1895 iere
549 1854 714 1895 obviam
739 1853 883 1896 Sabini
905 1853 1178 1894 tumultuario
1199 1851 1354 1893 milite:
1382 1852 1482 1893 iter—

85 1926 158 1953 um
189 1926 242 1953 ue
274 1911 333 1953 ibi
364 1911 458 1961 fusi,
488 1911 661 1968 perditis
693 1912 776 1953 iam
808 1927 938 1968 prope
967 1911 1103 1971 rebus
1132 1925 1279 1967 pacem
1307 1910 1477 1966 petiere.

88 1967 171 2010 Col
186 1969 282 2018 atia,
319 1978 362 2010 et

54 2026 341 2084 9ademptum.

1561 1917 1627 1956 38.

425 1969 600 2025 uicquid
639 1970 750 2011 circa
784 1969 1009 2011 Collatiam
1042 1967 1138 2025 agri
1179 1976 1280 2017 erat,
1318 1967 1481 2009 Sabinis
1494 1973 1700 2004 CollatiaSa-

395 1984 595 2083 querius
631 2027 789 2084 (fratris
830 2027 899 2069 hic
941 2027 1052 2068 filius
1087 2035 1176 2067 erat
1210 2025 1339 2081 regis)
1381 2016 1646 2099 Col-3:112?

129 2151 150 2183 6
172 2153 268 2184 Mille
290 2156 321 2183 et
345 2153 533 2192 octingenti]
563 2151 761 2182 “Prioribus
804 2157 857 2182 tea
879 2151 1002 2191 equites
1019 2150 1127 2182 Latini
1145 2161 1208 2181 una
1225 2161 1298 2181 cum
1323 2150 1484 2181 Romanis

87 2195 231 2235 equitum
260 2194 403 2235 partibus
425 2194 574 2225 secundis
595 2195 714 2225 additis
737 2204 759 2225 M
804 2194 931 2225 admisti
949 2194 980 2224 111
997 2194 1065 2224 acie
1078 2194 1217 2230 stabant,
1230 2193 1273 2223 ita
1286 2198 1321 2223 ut
1338 2204 1393 2223 sex
1407 2193 1483 2224 illae

88 2248 126 2270 ac
142 2248 179 2269 cc
194 2237 269 2269 fecit
292 2237 426 2277 equites.
450 2247 684 2277 numerumque
707 2238 763 2268 du-

87 2280 404 2321 plicavit‚postquam
413 2281 498 2311 bello
506 2280 627 2318 subegit
637 2281 764 2319 Aequo-

87 2334 158 2355 rum
189 2333 338 2362 magnam
371 2328 498 2363 gentem
531 2327 563 2354 et
593 2324 766 2354 ferocemst'

87 2366 157 2399 Cic.
173 2367 214 2397 de
238 2367 322 2406 Rep.
346 2365 376 2397 ii.
400 2375 450 2401 το,
467 2365 519 2396 ubi
546 2367 658 2405 Angel.
685 2365 763 2397 Mai.

87 2410 109 2426 ‘⁴
122 2409 287 2450 praeclara
302 2408 466 2441 Ciceronis
490 2409 595 2443 lectio,
610 2419 693 2448 quac
713 2408 763 2439 Li-

89 2451 132 2483 vii
167 2453 357 2483 mendosum
401 2452 506 2482 locum
550 2456 673 2491 purgat,
711 2451 764 2481 ubi

89 2494 213 2534 equites
235 2495 386 2526 dicuntur
407 2494 482 2525 sacti
507 2496 590 2525 mille
612 2499 642 2525 et
666 2495 763 2524 octin-

86 2538 199 2576 qumi,-
231 2537 424 2577 felicemque
451 2536 603 2568 (11310331
637 2541 668 2567 et
696 2537 764 2567 Sal-

90 2579 181 2610 muaii
197 2579 411 2611 coniecturam
425 2580 582 2615 dilaudat,
592 2579 646 2619 qui
661 2580 764 2618 legen-

90 2623 168 2653 dum
185 2622 216 2652 in
232 2622 323 2653 Livio
340 2633 402 2653 mcc
419 2622 540 2653 iamdiu
557 2623 766 2653 ‹l‹›cu‹·mnt.”

91 2665 188 2702 Quae
198 2665 382 2696 emendatio
395 2665 573 2696 Niebuhr-io
585 2665 678 2695 valde
690 2664 763 2695 urri-

91 2708 158 2745 det,
168 2707 221 2747 qui
237 2707 257 2738 i.
271 2718 302 2747 p.
317 2716 386 2747 355.
397 2707 474 2738 dicit
487 2707 517 2738 in
533 2708 674 2739 Florent.
686 2708 767 2738 Cod.

93 2750 217 2782 Livinn.
247 2749 306 2789 legi
340 2751 441 2781 mdccc
466 2750 565 2780 literis
588 2750 768 2780 uncialibus

91 2793 261 2833 scriptum,
299 2791 422 2822 scilicet
463 2802 564 2823 1100(ῑο
601 2792 640 2832 (M
654 2804 691 2823 ac
704 2791 766 2831 cc).

93 2836 303 2876 Quapropter
326 2834 456 2865 minime
473 2834 587 2865 mirum
607 2839 666 2870 ent,
681 2835 766 2873 «pind

92 2878 216 2910 incuria
228 2877 384 2909 scribendi
401 2887 480 2908 »1000
497 2876 611 2917 pam-im
625 2877 655 2907 in
672 2878 703 2907 Μ
711 2878 766 2907 SS.

93 2921 246 2953 occurrit:
262 2930 429 2952 numerum
443 2925 551 2950 autem
565 2919 766 2959 duplicatum

94 2963 191 2996 suine
204 2968 297 3004 putat
312 2963 446 2994 Niebhr.
459 2973 523 3002 quo
539 2967 684 3002 tempore
699 2972 766 3001 pos-

808 2237 971 2267 centuriae
987 2237 1103 2276 quibus
1117 2248 1172 2267 sm·
1186 2237 1347 2276 siffrayia
1366 2245 1483 2266 nomen

809 2291 861 2320 ap.
882 2280 1024 2315 Festum,
1042 2290 1106 2309 11113
1122 2289 1195 2309 cum
1215 2278 1339 2309 Latinis
1351 2278 1441 2308 mille
1452 2283 1484 2309 ct

809 2323 966 2353 ducentos
980 2322 1104 2361 equites
1119 2323 1290 2352 efficerent.
1327 2321 1394 2357 Qui
1412 2332 1485 2351 vero

808 2365 898 2396 mille
915 2371 947 2395 et
963 2365 1162 2403 octingentos
1179 2364 1303 2404 equites
1322 2365 1485 2394 Romanos

808 2408 903 2438 fuisse
917 2408 1040 2444 volunt,
1052 2408 1137 2438 lmud
1151 2407 1248 2437 dubie
1263 2407 1302 2437 ud
1318 2406 1487 2436 Serriunos

809 2451 933 2491 equites
950 2450 1092 2490 plebeios
1108 2454 1265 2490 spectant.
1283 2450 1322 2480 cf.
1341 2449 1410 2479 infr.
1430 2451 1479 2480 43.

855 2502 871 2533 7
895 2494 1073 2534 Pleraque]
1100 2504 1142 2523 sc.
1163 2493 1263 2530 Ligna
1280 2502 1342 2522 non
1359 2491 1486 2529 singula

809 2536 962 2567 dismluta
987 2541 1019 2566 et
1047 2535 1200 2575 dispersa,
1227 2535 1279 2564 sed
1310 2534 1339 2564 in
1367 2534 1487 2565 ratibus

810 2580 1003 2614 serebantur,
1034 2583 1069 2608 ut
1100 2577 1183 2608 inter
1212 2577 1350 2607 miblieas
1381 2577 1486 2616 pontis

809 2622 942 2652 transire
968 2632 1029 2651 non
1056 2626 1194 2660 possent,
1217 2620 1271 2650 sed
1297 2630 1335 2649 00
1362 2619 1487 2650 facilius

810 2665 859 2695 hin
882 2664 1021 2704 inipnctc
1046 2664 1222 2693 lmererent.
1270 2662 1366 2692 Hunc
1390 2662 1484 2693 intor-

813 2707 1026 2747 pretationem
1052 2706 1220 2736 confirmat
1246 2705 1344 2736 Dion.
1368 2704 1410 2736 iii.
1435 2705 1485 2745 56.

812 2751 954 2781 Snumu.

855 2793 873 2821 8
898 2792 1040 2831 [affusis]
1073 2791 1124 2821 lm
1150 2790 1243 2822 codd.
1267 2790 1322 2821 scd
1347 2795 1378 2821 et
1395 2790 1487 2829 susis

811 2845 850 2865 ex
875 2834 1057 2864 coniectum
1073 2834 1215 2864 Gronov.
1235 2832 1266 2864 in
1289 2837 1415 2864 textum
1441 2843 1484 2864 re-

811 2877 897 2917 cepit
917 2876 1054 2907 Bekkcr.

853 2930 873 2960 ¹)
896 2921 1036 2958 leyen-im
1053 2942 1060 2950 .
1078 2942 1085 2950 .
1103 2942 1110 2950 .
1127 2942 1135 2950 .
1149 2919 1321 2957 Collatiae]
1358 2918 1397 2950 In
1414 2928 1485 2949 0331

812 2962 922 2993 urbem
956 2961 1124 3002 imperium
1155 2972 1174 2992 3
1205 2966 1319 3002 patruo
1349 2961 1486 3001 accepit,
