1934 3211
572 147 699 188 LIB.
733 146 814 188 ΙΧ.
862 147 1010 188 CAP.
1045 152 1112 190 24.
1457 154 1539 193 527

140 244 152 262 ‘
167 248 287 280 extra
307 238 461 279 vallum
489 252 642 293 agmen
670 237 910 287 excesserit,
933 246 1082 288 castra,
1105 238 1258 294 quibus
1287 239 1540 296 imperatum
1557 256 1602 287 U,
1619 256 1657 287 (⁴,
1676 265 1750 296 439·

139 302 152 320 ‘
167 305 243 346 est,
265 294 518 336 incendant:
552 294 708 336 damna
727 304 876 344 vestra,
907 294 1075 345 milites,
1101 296 1292 337 omnium
1318 298 1441 348 cirea,
1468 300 1543 355 qui
1557 301 1596 331 A.
1620 300 1658 329 C.
1677 308 1749 337 3¹3·

139 359 151 378 ‘
166 353 426 402 defecerunt,
463 352 718 409 populorum
749 352 907 409 praeda
942 353 1200 394 sarcientur?
1261 352 1319 395 Et
1354 356 1541 397 oratione

137 409 364 459 dictatoris,
388 425 496 465 quae
525 410 784 452 necessitatis
813 409 987 452 ultimae
1012 410 1144 452 index
1169 419 1271 462 erat,
1294 411 1449 453 milites
1477 428 1545 454 ae-

136 467 252 509 censi
271 467 435 509 vadunt
454 467 499 509 in
520 467 700 518 hostem,
723 476 766 509 et
787 476 1003 525 respectus
1023 468 1112 524 ipse
1135 468 1376 510 ardentium
1390 479 1545 511 castro-

136 539 244 574 rum,
262 539 506 581 quanquam
523 525 726 582 proximis
742 534 909 566 tantum
925 525 1005 581 (ita
1025 526 1139 567 enim
1155 526 1331 567 iusserat
1346 526 1546 582 dictator)

136 582 247 639 ignis
267 591 330 624 est
351 582 555 632 subditus,
573 582 688 624 haud
704 597 881 639 parvum
902 583 982 624 fuit
995 583 1316 625 irritamentum.
1379 583 1544 640 Itaque,

136 639 252 681 velut
271 640 472 682 vecordes
502 640 621 690 illati,
644 641 764 697 signa
784 641 920 696 primo
948 641 1112 697 impetu
1142 641 1327 682 hostium
1350 643 1544 691 turbant3

136 706 182 739 et
207 697 255 738 in
286 706 491 754 tempore,
513 707 738 755 postquam
769 697 962 739 ardentia
990 698 1138 754 proeul
1158 698 1266 740 vidit
1296 708 1429 741 eastra
1458 715 1547 741 ma-

135 755 266 812 gister
286 756 494 812 equitum,
517 756 583 812 <id
613 764 871 797 convenerat
901 756 1104 812 signum),
1127 756 1313 798 hostium
1335 766 1452 813 terga
1481 758 1548 798 in-

136 812 264 855 vadit.
348 813 414 855 Ita
454 814 730 855 circumventi
778 812 1002 863 Samnites,
1044 829 1130 870 qua
1168 823 1308 870 potest
1351 815 1544 871 quisque,
1560 827 1760 858 victoriati„-

136 870 280 927 fugam
320 886 397 928 per
432 871 596 913 diversa
630 879 795 928 petunt.
860 870 1018 927 Ingens
1053 871 1296 921 multitudo,
1331 873 1376 913 in
1412 888 1545 914 unum
1559 870 1712 929 Sarnniti-

137 938 255 970 metu
276 928 539 984 conglobata,
554 944 602 970 ae
624 937 758 970 semet
778 928 911 985 ipsam
934 929 1055 970 turba
1071 929 1320 985 impediens,
1338 930 1383 970 in
1405 930 1547 972 medio
1559 914 1627 943 bu*

136 1001 269 1028 caesa.
334 985 473 1042 Capta
496 987 682 1028 hostium
714 995 849 1027 castra
869 985 1143 1042 direptaque3
1177 1001 1359 1043 quorum
1389 988 1547 1044 praeda

137 1052 337 1086 onustum
359 1044 537 1086 militem
564 1044 610 1085 in
632 1043 829 1085 Romana
848 1052 982 1085 eastra
1009 1043 1190 1086 dictator
1211 1045 1389 1095 reducit,
1412 1045 1547 1087 haud-

137 1116 351 1158 quaquam
375 1111 460 1143 tam
481 1101 657 1143 victoria
676 1101 848 1152 laetum,
872 1116 1000 1158 quam
1014 1102 1144 1157 quod,
1167 1111 1332 1158 praeter
1348 1103 1546 1159 exiguam

137 1159 414 1201 deformatam
453 1159 654 1201 incendio
694 1168 872 1216 partem,
915 1168 1055 1200 cetera
1095 1169 1241 1202 eontra
1276 1175 1394 1217 spem
1434 1160 1548 1202 salva

138 1216 312 1258 invenit.
1334 1236 1336 1239 ’

196 1274 268 1316 Ad
287 1273 434 1316 Soram
456 1274 556 1317 inde
571 1274 781 1324 reditum3
814 1274 1000 1330 novique
1023 1275 1214 1317 consules
1237 1275 1299 1317 M.
1316 1274 1544 1326 Poetelius,
1624 1279 1691 1316 24.

140 1331 192 1374 C.
212 1331 424 1389 Sulpicius
445 1333 679 1374 exereitum
701 1332 753 1373 ab
774 1331 978 1374 dictatore
997 1331 1127 1374 Fabio
1148 1333 1375 1390 accipiunt,
1394 1349 1547 1390 magna
1561 1335 1604 1367 U·
1622 1335 1661 1366 C.
1678 1344 1752 1373 440-

138 1398 257 1446 parte
294 1399 486 1432 veterum
527 1390 711 1431 militum
751 1389 934 1439 dimissa,
973 1390 1177 1447 novisque
1219 1391 1461 1433 cohortibus
1501 1392 1545 1432 in
1560 1379 1598 1451 ᾖ·
1623 1378 1753 1450 (Ῑξοέῐξ

139 1446 484 1504 supplementum
525 1447 728 1489 adductis.
795 1447 1014 1497 Ceterum,
1057 1463 1190 1504 quum
1224 1458 1399 1505 propter
1430 1448 1539 1490 diffi-
1560 1444 1756 1499 lid,C.Su1-

138 1505 263 1546 eilem
285 1505 400 1546 urbis
421 1505 547 1546 situm
571 1520 649 1546 nee
671 1505 946 1561 oppugnandi
967 1505 1066 1546 satis
1094 1515 1209 1547 certa
1228 1506 1333 1547 ratio
1355 1506 1545 1556 iniretur,
1561 1506 1646 1561 plcio
1665 1506 1736 1536 111.

138 1571 182 1604 et
212 1571 286 1604 aut
315 1572 506 1619 tempore
537 1563 782 1619 longinqua,
815 1571 890 1603 aut
925 1577 1126 1619 praeceps
1156 1562 1344 1619 periculo
1375 1550 1652 1606 Victoriacum.

139 1629 271 1669 esset3
308 1620 493 1662 Soranus
522 1620 746 1675 transfuga,
769 1620 877 1661 elam
906 1634 959 1661 ex
981 1620 1139 1676 oppido
1166 1621 1392 1677 profectus,
1415 1637 1546 1678 quum
1562 1632 1640 1663 Sora
1656 1632 1760 1662 obses-

138 1678 194 1719 ad
214 1677 361 1734 vigiles
394 1677 611 1719 Romanos
638 1686 910 1734 penetrasset,
933 1677 1033 1719 duci
1054 1693 1097 1719 se
1129 1678 1344 1734 extemplo
1366 1679 1420 1720 ad
1447 1694 1549 1721 con·
1561 1686 1596 1706 ⁸⁴¹¹
1612 1675 1747 1714 ⁰³1³³²¹¹²

139 1735 251 1777 sules
267 1736 397 1785 iubet,
412 1735 706 1792 deductusque
722 1734 974 1776 traditurum
992 1735 1140 1777 urbem
1156 1736 1377 1793 promittit.
1421 1736 1549 1779 Visus

140 1793 253 1844 inde,
276 1808 424 1850 quum,
447 1808 634 1850 quonam
658 1792 786 1834 modo
815 1792 859 1834 id
886 1802 1172 1849 praestaturus
1200 1804 1322 1844 esset,
1343 1809 1550 1851 pereunc-

141 1859 278 1893 tantes
299 1850 484 1901 doceret,
506 1851 622 1892 haud
643 1865 751 1892 vana
781 1850 943 1901 afferre,
966 1851 1164 1907 perpulit,
1187 1867 1319 1908 prope
1351 1852 1551 1894 adiuncta

141 1909 362 1950 moenibus
393 1909 587 1950 Romana
618 1917 753 1949 castra
773 1917 821 1948 ut
841 1923 915 1949 sex
946 1908 1078 1949 millia
1098 1909 1150 1950 ab
1181 1909 1339 1965 oppido
1361 1924 1551 1951 remove-

141 1975 310 2008 rentur:
344 1966 446 2014 fore,
470 1976 515 2007 ut
538 1966 677 2006 minus
701 1965 888 2006 intentae
911 1965 955 2005 in
980 1966 1215 2006 custodiam
1237 1966 1350 2007 urbis
1371 1967 1549 2008 diurnae

141 2024 341 2065 stationes
381 2038 429 2064 ae
474 2032 706 2064 noeturnae
747 2021 914 2077 vigiliae
956 2031 1106 2063 essent.
1171 2021 1266 2078 Ipse
1309 2023 1550 2079 insequenti

142 2090 280 2129 nocte,
321 2080 398 2121 sub
447 2079 604 2136 oppido
645 2079 904 2120 silvestribus
944 2078 1045 2120 locis
1085 2079 1326 2121 cohortibus
1367 2080 1550 2122 insidere
1591 2129 1596 2134 ¹

143 2139 276 2188 iussis,
299 2137 446 2179 decem
471 2137 625 2178 milites
655 2136 841 2178 delectos
862 2151 1004 2177 secum
1027 2152 1103 2192 per
1123 2137 1254 2178 ardua
1270 2153 1318 2178 ac
1340 2152 1470 2194 prope
1487 2139 1551 2179 in-

142 2197 209 2238 via
238 2197 280 2237 in
313 2211 451 2236 arcem
483 2195 625 2244 ducit3
659 2194 862 2251 pluribus,
890 2209 1015 2250 quam
1047 2209 1122 2250 pro
1151 2210 1328 2236 numero
1350 2195 1549 2245 virorum,

142 2253 368 2295 missilibus
397 2253 490 2295 telis
511 2268 561 2294 eo
583 2252 754 2294 collatis.
819 2251 891 2292 Ad
920 2252 1023 2293 haec
1045 2267 1144 2293 saxa
1168 2261 1300 2302 erant,
1323 2262 1364 2294 et
1391 2262 1549 2295 temere

143 2312 337 2361 iacentia,
361 2321 408 2352 ut
429 2311 489 2360 fit,
514 2311 556 2351 in
579 2310 768 2366 aspretis,
791 2319 833 2350 et
859 2309 912 2350 de
935 2309 1142 2350 industria
1162 2310 1303 2359 etiam,
1327 2326 1412 2366 quo
1433 2310 1550 2352 loeus

143 2370 274 2411 tutior
294 2378 416 2419 esset,
432 2369 484 2410 ab
501 2368 724 2425 oppidanis
741 2376 950 2422 congesta.
1016 2366 1101 2408 Ubi
1117 2383 1249 2423 quum
1266 2368 1550 2410 constituisset

145 2426 375 2477 Romanos,
407 2427 686 2482 semitamque
728 2434 947 2479 angustam
980 2433 1022 2466 et
1059 2425 1246 2474 arduam,
1278 2435 1460 2466 erectam
1497 2441 1550 2467 ex

143 2485 302 2541 oppido
349 2485 393 2526 in
441 2499 594 2532 arcem,
636 2478 908 2524 ostendisset:
960 2488 970 2505 ⁶
990 2481 1085 2524 Hoc
1127 2482 1301 2538 quidem
1350 2484 1552 2530 ascensu,'

143 2542 296 2599 inquit,
322 2548 333 2566 ‘
350 2542 415 2584 vel
438 2551 520 2584 tres
545 2541 694 2582 armati
716 2539 947 2596 quamlibet
970 2539 1288 2581 multitudinem
1314 2541 1548 2582 ancuerint:

145 2605 157 2624 ‘
175 2615 245 2641 vos
276 2610 318 2641 et
340 2599 489 2641 decem
523 2613 712 2645 numen),
731 2607 786 2646 et,
810 2597 925 2653 qnod
954 2596 1051 2663 plus
1076 2608 1152 2646 est,
1173 2597 1368 2645 Romani,
1394 2597 1551 2640 Roma-

145 2663 157 2681 ‘
174 2672 411 2712 norumque
434 2656 645 2697 fortissimi
662 2656 737 2696 viri
756 2655 864 2696 estis.
932 2654 984 2695 ht
1008 2654 1122 2696 locus
1144 2670 1220 2720 pro
1243 2655 1371 2704 vobis,
1394 2665 1437 2697 et
1465 2671 1549 2697 nox

145 2719 158 2738 ³
174 2715 265 2763 erit,
288 2730 397 2770 quae
420 2713 561 2754 omnia
583 2728 634 2754 ex
660 2713 819 2753 incerto
842 2712 999 2753 maiora
1026 2713 1179 2753 territ1s
1200 2722 1393 2754 ostentat.
1459 2713 1551 2769 Ego

147 2778 157 2796 ‘
176 2772 257 2813 iam
296 2782 451 2812 terrore
489 2770 631 2811 omnia
668 2769 875 2826 implebo:
910 2784 982 2810 vos
1018 2784 1155 2811 arcem
1193 2770 1346 2811 intenti
1384 2772 1553 2812 tenete.'

147 2829 348 2870 Decurrit
380 2827 492 2876 inde,
522 2836 683 2883 quanto
712 2827 893 2868 maxime
926 2835 1089 2883 poterat
1117 2842 1214 2869 cnm
1247 2827 1445 2878 tumultu,
1470 2828 1551 2869 ‘ad

146 2887 286 2936 arma‚'
300 2895 341 2926 ct
365 2892 465 2942 ‘pro
479 2895 657 2926 vestram
677 2884 818 2932 fidem,
841 2884 952 2925 cives
968 2884 993 2925 3'
1015 2884 1246 2931 clamitans.
1266 2891 1363 2927 ‘arx
1381 2886 1433 2927 ab
1456 2885 1552 2927 hos-
