1934 3211
540 162 666 204 LIB.
702 162 781 203 IX.
830 162 976 204 CAP.
1016 169 1079 205 13.
1431 170 1514 208 513

113 253 187 296 sed
215 267 343 310 prope
374 252 417 292 in
445 250 576 292 oculis
607 266 721 293 esse:
756 260 797 292 et
828 267 920 293 sero
949 267 997 293 ac
1027 254 1308 309 nequicquam
1345 256 1513 298 laudare
1533 264 1575 295 U-
1593 265 1630 294 C·
1648 274 1721 303 434-

111 310 223 352 senis
244 309 388 350 Pontii
417 316 594 364 utraque
623 308 822 358 consilia3
857 309 968 351 inter
995 325 1103 365 quae
1135 325 1178 351 sc
1211 311 1350 352 media
1380 313 1514 368 lapsos
1530 308 1568 337 A.
1593 307 1631 338 C.
1649 310 1721 344 3¹⁸·

112 367 308 408 victoriae
329 366 632 422 possessionem
654 381 756 422 pace
779 366 939 408 incerta
959 375 1154 417 mutasse,
1177 376 1232 416 ct,
1255 369 1451 410 beneficii
1472 381 1513 412 et

111 423 304 465 maleficii
337 423 556 464 occasione
589 424 750 473 amissa,
783 433 1042 480 pugnaturos
1074 440 1171 466 cum
1205 425 1267 474 iis,
1300 440 1406 481 quos
1438 442 1514 483 po-

110 480 269 523 tuerint
290 481 332 521 in
355 489 607 537 perpetuum
625 480 689 522 vel
711 481 903 523 inimicos
925 481 1084 532 tollere,
1103 481 1165 524 vel
1190 482 1346 524 amicos
1362 483 1509 526 facere.

110 537 334 594 Adeoque,
357 537 579 579 nullodum
601 538 829 580 certamine
855 538 1067 580 inclinatis
1087 540 1257 589 viribus,
1280 549 1375 596 post
1399 540 1513 583 Cau-

108 595 254 637 dinam
286 610 433 652 pacem
470 595 600 636 animi
637 605 912 646 mutaverant,
948 606 995 638 ut
1029 597 1244 638 clariorem
1279 598 1390 639 inter
1424 598 1513 641 Ro-

109 667 255 694 manos
286 652 448 694 deditio
483 653 762 702 Postumium,
796 669 924 710 quam
961 654 1164 695 Pontium
1200 654 1421 697 incruenta
1450 657 1512 697 vi—

108 710 240 752 ctoria
260 710 371 752 inter
395 709 616 760 Samnites,
633 710 810 752 faceret:
835 720 877 752 et
897 711 987 767 geri
1008 727 1128 767 posse
1150 711 1307 753 bellum
1327 712 1512 755 Romani

107 782 184 824 pro
210 768 385 809 victoria
413 777 526 810 certa
552 768 756 809 haberent
773 784 783 817 3
820 768 1028 810 Samnites
1059 768 1183 810 simul
1214 769 1433 812 rebellasse
1468 781 1511 812 et

106 825 252 867 vicisse
275 825 495 867 crederent
518 825 771 867 Romanum.

75 893 96 924 8
166 881 285 925 Inter
304 883 408 924 hacc
433 883 635 925 Satricani
657 883 710 924 ad
735 882 944 925 Samnites
960 884 1218 935 defecerunt,
1237 894 1278 926 et
1296 885 1509 942 Fregellae

106 940 273 982 colonia
292 941 545 997 necopinato
562 941 747 982 adventu
772 940 1025 982 Samnitium
1042 941 1188 998 (fuisse
1207 951 1248 983 et
1273 942 1510 985 Satricanos

107 1012 205 1039 cum
246 998 296 1039 iis
331 998 428 1039 satis
464 998 646 1053 constat)
682 1007 805 1040 nocte
843 1007 1048 1055 occupata
1083 1007 1156 1040 est.
1220 999 1370 1041 Timor
1410 1001 1508 1042 inde

106 1063 278 1097 mutuus
319 1064 519 1112 utrosque
562 1070 694 1112 usque
736 1055 790 1097 ad
830 1055 969 1097 lucem
1011 1056 1177 1112 quietos
1218 1057 1381 1098 tenuit:
1435 1058 1508 1098 lux

103 1126 273 1170 pugnae
305 1113 474 1154 initium
506 1113 612 1162 fuit;
650 1128 778 1169 quam
811 1113 1073 1170 aliquamdiu
1105 1129 1296 1170 aequam,
1331 1124 1374 1156 et
1409 1115 1510 1171 quia

104 1184 181 1235 pro
208 1170 288 1212 aris
316 1185 364 1212 ac
394 1170 496 1212 focis
528 1170 819 1221 dimicabatur,
846 1180 889 1212 et
914 1171 1014 1227 quia
1046 1187 1099 1212 ex
1133 1172 1253 1213 tectis
1285 1172 1509 1214 adiuvabat

104 1227 285 1269 lmbellis
317 1227 558 1278 multitudo,
582 1237 722 1269 tamen
750 1228 985 1285 Fregellani
1013 1229 1314 1270 sustinuerunt.
1379 1229 1508 1271 Fraus

105 1284 262 1327 deinde
292 1300 381 1327 rem
413 1285 641 1335 inclinavit,
669 1285 785 1341 quod
812 1301 958 1327 vocem
987 1285 1123 1327 audiri
1152 1287 1369 1342 praeconis
1400 1287 1507 1343 passi

103 1351 226 1384 sunt:
260 1348 272 1367 ‘
289 1342 551 1384 Incolumem
574 1343 800 1392 abiturum,
823 1343 896 1399 qui
919 1358 1033 1384 arma
1052 1343 1283 1399 posuisset.'
1331 1343 1394 1384 Ea
1414 1359 1508 1400 spes

105 1400 263 1442 remisit
284 1415 309 1441 a
328 1401 557 1441 certamine
585 1401 758 1449 animos,
781 1409 823 1442 et
851 1401 1002 1456 passim
1032 1416 1147 1442 arma
1174 1401 1314 1442 iactari
1344 1411 1503 1457 coepta.

105 1456 369 1499 Pertinacior
399 1473 494 1514 pars
525 1467 683 1499 armata
715 1473 790 1514 per
823 1473 1008 1499 aversam
1041 1467 1204 1514 portam
1238 1459 1403 1514 erupit3
1441 1468 1507 1499 tu-

105 1515 270 1572 tiorque
294 1515 343 1556 iis
364 1515 539 1557 audacia
559 1515 650 1564 fuit,
674 1530 800 1571 quam
823 1516 1016 1556 incautus
1038 1515 1090 1556 ad
1112 1515 1373 1556 credendum
1395 1525 1508 1557 cete—

104 1572 159 1614 ris
175 1587 325 1629 pavor:
349 1587 455 1629 quos
468 1572 747 1614 circumdatos
762 1572 861 1628 igni,
877 1572 1162 1628 nequicquam
1176 1572 1278 1613 deos
1291 1572 1507 1629 fidemque

103 1630 360 1679 invocantes,
386 1630 594 1671 Samnites
615 1638 999 1671 concremaverunt.

165 1687 387 1737 Consules,
406 1687 517 1728 inter
532 1702 575 1728 se
598 1687 737 1743 partiti
760 1687 1008 1743 provincias,
1027 1687 1221 1744 Papirius
1243 1688 1286 1728 in
1307 1688 1345 1728 A
1381 1688 1507 1729 uliam

71 1740 157 1803 ffad
186 1744 409 1786 Luceriam
441 1745 590 1801 pergit,
613 1745 684 1785 ubi
716 1745 881 1801 equites
908 1745 1091 1786 Romani
1120 1745 1285 1786 obsides
1316 1761 1337 1786 a
1394 1744 1508 1787 Cau-

103 1801 222 1844 dium
255 1802 341 1844 dati
375 1802 744 1844 custodiebantur:
794 1801 1001 1843 Publilius
1035 1803 1078 1843 in
1115 1802 1286 1844 Samnio
1322 1803 1505 1844 substitit

74 1859 302 1902 2adversus
326 1860 543 1902 Caudinas
571 1859 769 1915 legiones.
834 1859 1053 1901 Distendit
1082 1875 1131 1901 ea
1159 1875 1224 1901 res
1253 1860 1506 1902 Samnitium

104 1917 292 1966 animos;
326 1917 441 1974 quod
473 1933 551 1958 nec
582 1917 635 1958 ad
663 1917 884 1957 Luceriam
917 1917 989 1966 ire,
1017 1933 1070 1958 ne
1102 1918 1154 1958 ab
1186 1926 1304 1972 tergo
1335 1918 1508 1959 instaret

104 1974 247 2024 hostis,
277 1990 355 2016 nec
390 1990 572 2023 manere,
603 1989 654 2014 ne
691 1974 871 2014 Luceria
904 1974 1071 2014 interim
1106 1974 1380 2023 amitteretur,
1410 1975 1508 2015 satis

106 2031 329 2073 audebant.
395 2031 617 2087 Optimum
641 2031 774 2070 visum
804 2039 865 2070 est
894 2031 1156 2071 committere
1185 2045 1273 2071 rem
1302 2031 1506 2080 fortunae,

105 2098 148 2131 et
185 2089 311 2130 transi
344 2104 412 2130 cre
449 2103 545 2129 cum
585 2087 767 2128 Publilio
808 2096 1033 2128 certamen.
1098 2087 1247 2143 ltaque
1290 2088 1331 2128 in
1374 2088 1507 2129 aciem

105 2147 246 2204 copias
287 2162 309 2188 e
343 2155 485 2187 ucunt.
552 2145 766 2186 Adversus
803 2160 908 2200 quos
949 2144 1153 2185 Publilius
1193 2145 1336 2185 consul
1374 2161 1505 2201 quum
1597 2151 1659 2188 13.

104 2204 379 2246 dimicaturus
419 2212 539 2251 essct,
578 2203 691 2259 prius
732 2201 1006 2258 alloquendos
1050 2202 1202 2243 milites
1245 2212 1369 2251 ratim,
1406 2218 1507 2244 con-
1524 2205 1727 2236 procliui-in-

104 2262 270 2304 cionem
305 2261 496 2303 advocari
532 2261 659 2301 iussit.
727 2260 929 2300 Ceterum
964 2260 1069 2300 sicut
1100 2260 1260 2315 ingenti
1295 2260 1505 2302 alacritate
1520 2253 1714 2320 ξἰζζξζζζῑΝΊ

105 2319 158 2361 ad
180 2319 434 2376 praetorium
457 2333 707 2360 concursum
734 2327 809 2365 cst,
834 2317 889 2357 ita
916 2332 1013 2373 prae
1036 2316 1215 2357 clamore
1242 2318 1504 2372 poscentium
1520 2309 1673 2363 ⁸P‘ublilinss
1696 2309 1702 2319 ⁴

105 2391 290 2434 pugnam
335 2376 449 2417 nulla
486 2375 723 2416 adhortatio
764 2375 1024 2429 imperatoris
1071 2374 1211 2414 audita
1258 2384 1329 2414 est.
1397 2374 1505 2416 Suus

154 2529 173 2557 8
197 2529 379 2565 Satricani]
419 2526 577 2558 Satricum
606 2525 784 2563 antiquitus
829 2524 859 2554 in
900 2524 1094 2555 Samnitium
1143 2530 1332 2563 potestatem
1375 2524 1507 2559 veniit->m

105 2580 146 2602 ex
162 2570 292 2611 triginta
309 2570 438 2610 oppidis
452 2568 576 2600 Latinis
588 2573 674 2598 erat:
701 2573 781 2607 post<
830 2567 977 2606 quamvis
1002 2567 1030 2596 id
1059 2567 1166 2596 Livius
1185 2577 1246 2596 nnn
1272 2568 1506 2598 memor-merit.

107 2623 146 2644 ea
163 2613 355 2643 Volscorum
380 2612 428 2642 vel
452 2613 636 2650 Aequorum
662 2611 782 2640 sactum
830 2610 936 2639 cnm.

107 2659 165 2686 cst.
220 2655 298 2691 Quo
321 2658 429 2684 autem
455 2658 600 2692 tempore
626 2651 783 2682 Satricani
878 2661 886 2681 ι
918 2653 1051 2690 Equirrs
1069 2652 1221 2689 Romani]
1249 2650 1329 2686 Qui,
1347 2656 1378 2681 ut
1397 2658 1505 2682 monet

108 2698 194 2728 cives
217 2696 356 2728 Romani
382 2695 458 2726 sacti
480 2695 611 2730 suerint,
636 2695 706 2724 infr.
737 2694 781 2724 16.
832 2694 1001 2732 Appianum
1019 2703 1047 2732 μ.
1066 2703 1115 2731 ⁵¹-
1141 2699 1295 2732 uinquam
1320 2694 1428 2732 ὅμηρα,
1452 2695 1506 2725 ἕως

108 2744 215 2772 noster
230 2739 337 2769 dicere
353 2738 469 2768 omisit.
829 2735 907 2765 ἅπας
933 2735 949 2763 ὁ
976 2736 1068 2771 δῆμος
1097 2734 1281 2776 ἐπιψηφίσῃ,
1305 2747 1323 2766 a
1352 2736 1508 2768 Romani.

150 2792 171 2823 9
190 2782 245 2812 Ad
260 2781 446 2818 Luceriam]
466 2781 559 2819 Supr.
574 2788 600 2809 2.
614 2784 689 2808 autc
700 2778 783 2808 Cau·
831 2777 938 2807 tmdiii
955 2784 1055 2808 crunt.

108 2824 218 2855 dinam
244 2833 356 2863 paceni
377 2821 525 2853 Lucerini
543 2821 695 2851 dicunntur
712 2820 785 2850 honi
882 2830 895 2849 ι
922 2821 1087 2850 ‘'annidinas
1112 2822 1139 2850 lc·
1165 2821 1267 2858 inni-n]
1313 2820 1506 2852 Samnitium

108 2867 286 2905 fidelesque
302 2866 521 2896 Romanorum
539 2863 624 2893 mcii.
661 2863 723 2893 Sci!
743 2863 786 2892 ni-
833 2863 1022 2897 exercituin,
1038 2863 1091 2902 qui
1109 2874 1137 2892 iu
1167 2863 1329 2894 Caudium
1355 2873 1419 2894 rem
1442 2875 1508 2901 gen-

111 2909 226 2939 mirum
254 2907 498 2945 intelligendum
528 2913 572 2936 cst
601 2917 655 2935 cns
679 2911 787 2944 pmii-,11
834 2911 926 2936 »st-rut.
952 2907 1058 2937 (nun.

171 2963 268 2991 vor„
295 2964 320 2990 ι.
1221 2961 1243 2987 ι,
1267 2947 1277 2987 l
