1934 3211
566 136 698 178 LIB.
732 135 812 178 IX.
855 137 1002 179 CAP.
1041 143 1103 180 11.
1451 143 1532 181 511

134 234 295 267 ceteros
321 226 469 275 solum,
492 226 567 266 sed
597 226 786 267 tribunos
817 227 943 268 etiam
974 226 1126 282 plebei,
1150 236 1197 268 ut
1223 242 1266 268 se
1297 228 1341 267 in
1368 238 1536 270 senatus
1549 241 1594 272 U.
1611 241 1649 272 C.
1666 251 1741 281 434.

134 282 323 323 dicerent
343 282 430 323 fore
451 291 668 338 potestate.
723 283 977 340 Magistratu
996 283 1096 325 inde
1118 299 1161 325 se
1183 285 1397 339 extemplo
1418 286 1536 326 abdi-
1548 285 1588 315 A.
1610 284 1650 316 C.
1666 285 1740 323 318-

134 347 347 388 caverunt,
382 339 610 396 traditique
643 340 854 382 fetialibus
890 356 987 382 cum
1021 341 1172 382 ceteris
1207 340 1422 382 Caudium
1456 343 1536 383 du-

133 395 270 437 cendi.
333 395 431 437 Hoc
457 397 566 438 facto
597 398 972 448 senatusconsulto,
994 397 1069 439 lux
1096 397 1305 454 quaedam
1332 398 1532 440 affulsisse
1546 406 1723 453 Spqnsores

132 452 290 494 civitati
310 453 399 494 visa
419 464 492 495 est.
555 454 799 496 Postumius
823 456 868 496 in
894 471 964 496 ore
986 465 1100 496 erat:
1135 470 1232 496 eum
1260 455 1455 497 laudibus
1479 457 1533 497 ad
1545 449 1703 520 ffiffisu‘rle’

133 510 298 551 coelum
332 510 547 552 ferebant:
587 512 803 554 devotioni
838 513 885 554 P.
905 513 1032 554 Decii
1066 513 1261 563 consulis,
1291 513 1382 554 aliis
1414 513 1534 555 elaris
1667 514 1675 521 '

131 566 387 609 facinoribus
418 570 668 625 aequabant.
732 570 991 611 ‘Emersisse
1023 571 1237 612 civita-tem
1268 585 1322 612 ex
1353 571 1536 612 obnoxia

134 630 147 648 ‘
161 639 263 680 pace
284 625 396 666 illius
417 626 591 668 consilio
612 636 655 668 et
675 642 827 683 opera:
861 628 1000 684 ipsum
1025 643 1067 669 se
1097 628 1349 669 cruciatibus
1377 637 1420 670 et
1439 628 1537 670 hos-

133 682 267 723 ‘tium
300 682 386 724 irae
419 684 581 734 offerre,
608 685 856 741 piaculaque
889 700 966 741 pro
998 685 1155 741 populo
1185 685 1382 727 Romano
1410 685 1538 727 dare.’

100 739 267 781 8Arma
293 741 436 782 cimcti
467 751 659 797 spectant
686 751 728 783 et
760 742 930 784 bellum.
995 748 1007 766 ‘
1025 743 1093 783 En
1120 758 1310 798 unquam
1330 742 1534 793 futurum,

133 802 210 838 ‘ut
240 798 443 854 congredi
478 800 646 840 armatis
678 815 775 841 cum
811 799 1000 841 Samnite
1032 800 1207 841 liceat?'
1267 799 1319 841 In
1351 801 1534 851 civitate,

130 854 193 896 ira
213 854 395 911 odioque
418 855 606 906 ardente,
629 856 817 898 delectus
837 872 968 914 prope
990 858 1180 898 omnium
1201 857 1535 899 voluntariorum

130 911 222 953 fuit.
287 912 532 970 Rescriptae
574 929 627 955 ex
669 914 819 955 eodem
855 915 987 955 milite
1023 930 1156 956 novae
1193 915 1392 970 legiones,
1431 915 1535 956 due-

131 977 283 1026 tusque
312 970 376 1011 ad'
394 969 610 1012 Caudium
638 972 861 1013 exercitus
924 971 1164 1028 Praegressi
1184 972 1358 1022 fetiales,
1381 973 1454 1014 ubi
1481 973 1535 1014 ad

129 1035 294 1083 portam
325 1043 493 1077 venere,
527 1037 688 1070 vestem
721 1029 885 1070 detrahi
917 1030 1031 1085 pacis
1067 1030 1335 1086 sponsoribus
1370 1031 1532 1080 iubent,

130 1099 281 1125 manus
312 1094 408 1141 post
440 1093 607 1141 tergum
634 1086 795 1128 vinciri.
862 1086 1010 1135 Quum
1042 1087 1255 1143 apparitor
1280 1088 1536 1129 verecundia

129 1141 357 1183 maiestatis
398 1142 664 1184 Postumium
704 1143 798 1185 laxe
838 1144 1028 1194 vinciret,
1074 1151 1086 1169 ‘
1106 1145 1224 1193 Quin
1266 1146 1339 1195 tu‚’
1379 1146 1534 1202 inquit,

131 1204 144 1222 ‘
159 1198 334 1240 adducis
354 1199 503 1250 lorum,
523 1209 569 1242 ut
590 1201 699 1241 iusta
719 1201 793 1242 fiat
813 1201 974 1243 deditio
987 1202 1022 1243 ?'
1064 1202 1191 1252 Tum,
1209 1203 1282 1243 ubi
1304 1203 1347 1243 in
1365 1212 1534 1244 coetum

133 1255 387 1297 Samnitium
416 1266 458 1298 et
485 1257 539 1299 ad
566 1258 749 1299 tribunal
770 1267 946 1300 ventum
967 1259 1111 1300 Pontii
1132 1269 1208 1309 est,
1233 1260 1286 1301 A.
1308 1259 1535 1301 Cornelius

130 1313 295 1355 Arvina
314 1314 465 1355 fetialis
492 1315 551 1356 ita
571 1316 697 1357 verba
725 1316 848 1358 feeit:
885 1322 896 1340 ‘
917 1316 1188 1372 Quandoque
1217 1317 1312 1358 hice
1339 1317 1534 1359 homines

130 1371 321 1412 ‘iniussu
352 1371 498 1428 populi
530 1372 713 1413 Romani
745 1373 977 1422 Quiritium
1008 1374 1157 1415 foedus
1191 1375 1323 1415 ictum
1355 1375 1406 1415 iri
1439 1390 1534 1430 spo-

131 1434 143 1452 ‘
157 1428 412 1485 ponderunt,
435 1438 562 1485 atque
585 1430 639 1471 ob
660 1445 753 1471 eam
774 1446 863 1472 rem
884 1446 1040 1473 noxam
1061 1440 1324 1480 nocuerunt3
1357 1432 1411 1473 ob
1439 1446 1533 1472 eam

131 1491 143 1511 ‘
157 1501 260 1536 rem,
279 1501 364 1542 quo
385 1487 566 1543 populus
584 1487 804 1529 Romanus
824 1487 978 1529 scelere
1000 1489 1131 1544 impio
1148 1489 1202 1530 sit
1217 1488 1390 1538 solutus,
1406 1489 1532 1529 hosce

131 1548 143 1568 ‘
159 1543 352 1585 homines
373 1544 489 1586 vobis
509 1544 647 1586 ded0.'
688 1544 810 1586 Haec
831 1545 992 1587 dicenti
1012 1545 1143 1586 fetiali
1160 1545 1404 1586 Postumius
1419 1560 1534 1602 genu

129 1600 278 1651 femur,
308 1610 467 1658 quanta
498 1602 680 1643 maxime
713 1610 878 1658 poterat
909 1603 963 1652 vi,
997 1602 1189 1659 perculit,
1219 1611 1262 1644 et
1294 1602 1406 1644 clara
1431 1618 1533 1644 voce

129 1658 201 1709 ait,
235 1663 247 1683 ‘
265 1658 319 1700 Se
347 1658 582 1700 Samnitem
613 1659 748 1701 civem
779 1675 881 1710 esse,
907 1659 1027 1701 illum
1052 1660 1265 1716 legatum3
1297 1659 1483 1703 fetialem
1511 1675 1535 1701 a

131 1720 202 1757 ‘se
230 1724 377 1758 eontra
408 1716 473 1757 ius
534 1717 697 1758 entium
729 1717 957 1767 violatum3
998 1733 1048 1759 eo
1082 1718 1232 1759 iustius
1269 1717 1429 1759 bellum
1460 1733 1534 1774 ge-

130 1774 319 1815 ‘sturos.'
378 1773 492 1815 Tum
552 1774 705 1825 ontius,
739 1780 751 1799 ⁶
769 1774 863 1817 Nec
888 1790 967 1831 ego
995 1775 1117 1816 istam
1138 1775 1400 1817 deditionem
1425 1775 1534 1817 aeci-
1620 1784 1683 1821 11.

130 1836 143 1855 ‘
188 1831 297 1880 iam,'
317 1831 468 1887 inquit,
503 1837 514 1856 ‘
529 1847 608 1873 nee
639 1831 850 1874 Samnites
877 1842 1010 1874 ratam
1034 1833 1263 1874 habebunt.
1330 1833 1450 1882 Quin
1471 1841 1530 1883 tu,
1547 1839 1655 1886 Porjtij
1671 1849 1735 1886 ηομ]

131 1846 231 1945 ‘gp
254 1888 460 1938 Postumi,
492 1889 527 1930 si
557 1889 658 1930 deos
689 1905 777 1931 esse
809 1905 967 1940 censes,
999 1899 1072 1932 aut
1102 1891 1245 1932 omnia
1273 1891 1392 1932 irrita
1417 1886 1743 1954 ΐαοίε,3ξῗ1’ἰῐζξξὲἑζζ

131 1950 143 1969 ‘
158 1954 232 1987 aut
252 1954 375 2002 pacto
396 1947 512 1987 stas?
575 1946 753 1988 Samniti
775 1947 932 2002 populo
953 1962 1112 1996 omncs,
1167 1963 1241 1988 uos
1261 1948 1306 1988 in
1327 1956 1531 2003 potestate
1544 1966 1656 1998 oratio.

131 2008 142 2026 ‘
158 2002 318 2052 habuit,
341 2011 414 2044 aut
434 2018 510 2058 pro
531 2003 580 2043 iis
601 2018 684 2059 pax
703 2003 892 2045 debetur.
959 2003 1043 2044 Sed
1064 1964 1168 2059 quill
1189 2019 1268 2059 ego
1290 2013 1330 2045 tc
1352 2005 1531 2060 appello,

132 2065 143 2084 ‘
160 2060 234 2116 qui
257 2068 297 2101 te
319 2075 366 2100 ea
399 2068 489 2100 tum
510 2060 673 2109 victori,
695 2075 793 2101 cum
814 2075 898 2116 qua
918 2069 1037 2116 potes
1058 2060 1154 2110 fide,
1177 2061 1390 2102 restituis?
1451 2061 1536 2103 Po-

132 2117 309 2174 ‘pulum
346 2075 588 2158 {gomanum
621 2117 814 2174 appello;
848 2132 976 2173 quem
1008 2118 1042 2158 si
1073 2117 1309 2174 sponsionis
1341 2118 1395 2159 ad
1429 2118 1535 2159 Fur-

132 2174 274 2216 ‘culas
313 2173 530 2216 Caudinas
565 2174 696 2219 factae
733 2175 936 2230 poenitet,
973 2176 1167 2216 restituat
1202 2175 1389 2230 legiones
1425 2176 1535 2217 intra

132 2231 326 2282 ‘saltum,
363 2247 449 2288 quo
490 2241 657 2289 saeptae
694 2232 876 2273 fuerunt.
941 2231 1082 2273 Nemo
1118 2248 1375 2288 quemquam
1411 2233 1535 2274 dece—

133 2289 294 2346 ‘peritz
329 2289 472 2331 omnia.
531 2305 576 2331 ro
608 2290 763 2331 infecto
794 2290 904 2331 sint:
940 2290 1145 2345 recipiant
1173 2305 1298 2338 arma,
1353 2304 1429 2330 uae
1461 2305 1536 2346 per

134 2352 145 2371 ‘
161 2347 401 2403 pactionem
423 2356 486 2388 tra
519 2347 713 2388 'deruntz
748 2347 922 2388 redeant
947 2347 989 2387 in
1012 2356 1145 2388 eastra
1165 2362 1250 2387 sua.
1317 2306 1535 2403 (Quicquid

134 2409 146 2428 ‘
192 2403 297 2446 ridie
330 2404 582 2454 habuerunt,
615 2419 742 2460 quam
780 2405 823 2445 in
859 2403 1117 2460 colloquium
1150 2413 1212 2444 est
1245 2412 1430 2453 ventum,
1464 2404 1537 2445 ha-

134 2419 300 2503 ‘iieant
364 2462 478 2503 Tum
520 2461 678 2502 bellum
714 2471 757 2503 et
792 2462 913 2503 fortia
953 2461 1128 2502 consilia
1168 2461 1386 2517 placeant3
1435 2470 1536 2503 tunc

135 2519 330 2575 ‘sponsio
363 2528 407 2560 et
439 2534 521 2575 pax
558 2519 813 2575 repudietur.
880 2519 942 2560 Ea
976 2519 1156 2567 fortuna,
1191 2518 1240 2559 iis
1276 2518 1389 2567 loeis,
1427 2533 1535 2574 quae

135 2581 259 2618 ‘ante
290 2576 404 2632 pacis
440 2576 699 2618 mentionem
738 2577 973 2626 habuimus,
1005 2591 1199 2631 geramus
1234 2575 1417 2617 bellum:
1457 2591 1535 2617 nee

177 2713 196 2741 8
220 2712 276 2741 En
296 2712 456 2751 unquam]
485 2711 716 2749 Nunquamne.
761 2710 813 2741 Sic
908 2721 915 2740 ι
939 2712 963 2740 Λ
985 2722 1017 2740 ,σε’
1032 2715 1143 2741 canera
1161 2712 1387 2749 n'usyentium]
1411 2710 1536 2742 Similia

135 2753 206 2784 infr.
225 2763 254 2784 x.
272 2754 301 2784 8.
319 2754 374 2784 En
389 2763 533 2793 unquam
544 2754 651 2792 sande
667 2754 813 2783 audistis.
860 2753 1034 2783 solvendae
1058 2752 1131 2782 fidei
1158 2752 1294 2783 ludibria
1315 2763 1366 2792 up.
1384 2752 1453 2784 Cic.
1471 2753 1537 2784 Off.

136 2797 243 2828 Cum.
862 2795 903 2826 iii.
926 2804 977 2834 3²·
995 2804 1043 2835 33.
1062 2800 1200 2826 exstant.
1232 2795 1272 2827 cs.
1291 2795 1426 2826 Niebhr.
1451 2794 1483 2827 ii.
1505 2806 1536 2827 n.

178 2848 198 2878 9
215 2839 342 2868 Notum
359 2839 556 2875 nocuerunt]
574 2838 715 2877 Culpam
731 2848 813 2868 com-
866 2846 933 2875 ¹²⁵·

137 2879 302 2911 miserunt.
327 2881 434 2911 (ἔπιεν.
