1934 3211
262 1416 324 1453 18.

402 117 486 154 520
917 114 1064 155 TITl
1102 114 1283 155 Llevll

348 217 375 246 5-
404 203 506 245 dum
557 213 656 253 erat,
698 219 840 245 senem
881 205 1081 246 viderant.
1146 205 1348 246 Militaria
1395 220 1520 261 opera
1569 203 1800 261 pugnando

353 271 376 290 ¹·
405 261 578 302 obeunti
596 261 840 303 Alexandro
857 262 975 317 (nam
989 278 1039 304 ea
1059 278 1228 318 quoque
1245 262 1359 303 haud
1372 263 1511 303 minus
1527 261 1684 303 clarum
1701 276 1800 302 eum

403 318 583 374 faciunt)
604 319 791 360 cessisset
811 319 1009 360 videlieet
1029 320 1073 360 in
1095 321 1181 361 acie
1204 320 1366 361 oblatus
1386 335 1462 376 par
1483 319 1671 360 Manlius
1693 318 1800 359 Tor-

405 385 569 432 quatus,
602 385 674 417 aut
704 376 898 418 Valerius
932 376 1107 427 Corvus,
1139 377 1323 433 insignes
1353 386 1451 418 ante
1482 376 1648 426 milites,
1671 390 1799 431 quam

405 434 555 474 duces:
610 434 829 475 cessissent
879 434 1016 483 Decii,
1059 435 1219 475 devotis
1259 434 1501 490 corporibus
1543 434 1586 474 in
1634 433 1800 474 hostem

404 499 595 532 ruentes:
630 491 817 532 cessisset
838 491 1031 546 Papirius
1055 490 1226 541 Cursor,
1247 491 1319 532 illo
1340 491 1524 547 corporis
1543 491 1704 540 robore,
1726 489 1799 531 illo

406 548 557 589 animi:
601 548 735 588 victus
775 557 882 589 esset
922 547 1104 588 consiliis
1144 548 1306 589 iuvenis
1346 549 1482 598 unius,
1519 564 1572 590 ne
1613 547 1799 603 singulos

405 606 634 655 nominem,
653 614 820 646 senatus
835 605 917 654 ille,
933 620 1059 660 quem
1083 605 1157 660 qui
1180 611 1191 628 ‘
1204 621 1258 646 ex
1274 605 1440 661 regibus
1457 606 1658 647 constare'
1674 605 1796 654 dixit,
1812 622 1830 653 3

405 678 515 703 unus
535 677 675 703 veram
704 662 884 717 speciem
918 661 1103 702 Romani
1131 671 1298 703 senatus
1328 662 1450 717 cepit.
1512 662 1565 703 Id
1583 678 1683 704 vero
1711 670 1830 709 erat4

405 719 651 776 periculum,
684 734 737 759 ne
769 718 988 768 sollertius,
1012 734 1138 774 quam
1170 719 1347 774 quilibet
1377 734 1487 760 unus
1517 735 1570 760 ex
1600 720 1662 769 iis,
1693 734 1799 775 quos

405 776 631 824 nominavi,
655 776 796 816 eastris
826 775 966 817 locum
997 785 1174 832 caperet,
1204 785 1462 817 commeatus
1492 777 1722 832 expediret,
1745 777 1797 818 ab

404 833 566 874 insidiis
600 842 880 888 praecaveret,
918 842 1084 889 tempus
1118 849 1284 890 pugnae
1318 833 1534 890 deligeret,
1567 833 1700 874 aciem
1734 834 1800 874 in-

404 899 594 940 strueret,
618 891 810 931 subsidiis
831 891 1025 931 firmaret.
1090 891 1191 932 Non
1213 906 1310 932 cum
1333 890 1465 932 Dario
1486 906 1575 932 rem
1596 906 1684 932 esse
1705 890 1801 932 dix-

402 948 523 988 isset:
571 963 710 1003 quem,
746 947 970 988 mulierum
1006 964 1052 989 ac
1089 948 1322 1004 spadonum
1359 963 1512 1005 agmen
1547 948 1798 997 trahentem,

402 1005 514 1045 inter
528 1020 756 1061 purpuram
774 1015 899 1061 atque
922 1020 1083 1055 aurum,
1099 1015 1316 1047 oneratum
1330 1006 1520 1047 fortunae
1535 1005 1800 1062 apparatibus

405 1077 515 1112 suae,
538 1062 736 1118 praedam
758 1063 908 1112 verius,
932 1078 1059 1118 quam
1079 1063 1258 1113 hostem,
1281 1063 1387 1103 nihil
1407 1063 1522 1104 aliud
1543 1078 1670 1119 quam
1691 1063 1798 1104 bene

404 1134 527 1160 ausus
557 1135 664 1160 vana
694 1129 976 1169 contemnere,
1007 1121 1251 1161 incruentus
1281 1120 1447 1162 devicit.
1509 1121 1658 1176 Longe
1695 1119 1800 1161 alius

403 1176 563 1226 Italiae,
587 1193 713 1233 quam
746 1177 907 1227 Indiae,
934 1192 1009 1233 per
1039 1193 1165 1234 quam
1197 1177 1428 1219 temulento
1457 1178 1624 1235 agmine
1650 1177 1800 1218 comis-

403 1234 617 1275 sabundus
642 1235 823 1285 incessit,
845 1235 958 1275 visus
979 1234 1038 1275 illi
1061 1235 1228 1276 habitus
1256 1244 1375 1285 esset,
1397 1235 1525 1277 saltus
1547 1235 1730 1291 Apuliae
1751 1249 1799 1276 ac

404 1301 567 1332 montes
598 1292 794 1333 Lucanos
825 1293 1015 1333 cernenti
1049 1301 1091 1333 et
1121 1293 1296 1349 vestigia
1324 1293 1510 1334 recentia
1544 1292 1798 1334 domesticae

404 1349 545 1399 eladis,
587 1349 659 1390 ubi
701 1350 931 1391 avunculus
972 1350 1061 1391 eius
1101 1366 1236 1406 nuper
1277 1349 1397 1406 Epiri
1440 1366 1514 1392 rex
1556 1349 1801 1391 Alexander

405 1407 648 1462 absumptus
689 1417 786 1448 erat.
870 1407 927 1448 Et
966 1407 1180 1463 loquimur
1220 1408 1272 1449 de
1316 1408 1561 1449 Alexandro
1607 1407 1798 1449 nondum

405 1477 540 1504 merso
581 1465 775 1505 secundis
815 1465 951 1514 rebus,
995 1481 1172 1521 quarum
1213 1481 1338 1506 nemo
1379 1465 1668 1507 intolerantior
1706 1464 1797 1506 fuit.

408 1520 508 1570 Qui,
541 1521 574 1560 si
605 1536 658 1561 ex
691 1521 837 1562 habitu
867 1538 998 1563 novae
1030 1522 1221 1564 fortunae
1254 1523 1450 1579 novique,
1483 1531 1530 1564 ut
1559 1523 1619 1564 ita
1647 1522 1798 1571 dicam,

404 1577 577 1633 ingenii,
603 1578 717 1633 quod
748 1579 826 1618 sibi
857 1579 990 1619 victor
1020 1580 1227 1629 induerat,
1250 1589 1474 1636 spectetur,
1506 1580 1638 1622 Dario
1668 1579 1800 1635 magis

405 1634 562 1683 similis,
587 1650 712 1690 quam
743 1635 1002 1684 Alexandro,
1026 1637 1069 1676 in
1102 1636 1265 1677 Italiam
1288 1638 1481 1687 venisset,
1504 1646 1547 1679 et
1567 1637 1798 1678 exercitum

405 1691 683 1733 Macedoniae
721 1691 898 1733 oblitum
935 1692 1347 1749 degenerantemque
1381 1694 1464 1734 iam
1495 1694 1540 1734 in
1576 1694 1798 1734 Persarum

404 1764 539 1790 mores
566 1749 820 1790 adduxisset.
884 1749 1057 1790 Referre
1090 1751 1133 1790 in
1158 1758 1275 1791 tanto
1305 1766 1401 1806 rege
1430 1751 1547 1807 piget
1576 1751 1798 1806 superbam

403 1806 681 1847 mutationem
716 1807 852 1855 vestis,
888 1815 929 1846 et
960 1806 1214 1848 desideratas
1246 1807 1364 1848 humi
1395 1808 1623 1849 iacentium
1655 1807 1799 1849 adula-

403 1863 551 1913 tiones,
574 1863 700 1904 etiam
717 1863 838 1904 victis
859 1863 1166 1905 Blaeedonibus
1186 1880 1344 1920 graves,
1367 1865 1525 1906 nedum
1546 1864 1771 1906 victoribus
1785 1881 1795 1915 3
1811 1879 1828 1910 5

403 1929 445 1961 et
465 1921 589 1961 foeda
619 1920 835 1976 supplicia,
858 1929 901 1960 et
928 1921 1039 1961 inter
1059 1922 1204 1962 vinum
1227 1930 1270 1962 et
1298 1922 1442 1978 epulas
1469 1922 1618 1963 caedes
1642 1922 1830 1963 amico-6

402 1993 508 2026 rum,
532 1987 571 2018 et
594 1978 820 2018 vanitatem
843 1977 1136 2022 ementiendae
1159 1979 1308 2035 stirpis„¹
1374 1978 1505 2028 Quid,
1520 1980 1553 2020 si
1574 1979 1661 2020 vini
1682 1994 1798 2021 amor

401 2034 446 2074 in
468 2035 557 2075 dies
578 2035 697 2075 fieret
719 2035 879 2075 acrior?
910 2034 1025 2090 quid,
1049 2035 1082 2075 si
1114 2044 1210 2077 trux
1232 2051 1279 2076 ae
1300 2036 1560 2092 praefervida
1579 2037 1669 2078 ira?
1699 2037 1798 2091 (nec

402 2092 629 2148 quicquam
670 2091 846 2132 dubium
887 2091 997 2132 inter
1036 2093 1255 2148 scriptores
1298 2093 1452 2147 refero)
1487 2093 1657 2135 nullane
1693 2094 1797 2135 haec

402 2149 555 2189 damna
575 2149 852 2204 imperatoriis
873 2149 1096 2190 virtutibus
1117 2150 1341 2191 ducimus?
1372 2150 1422 2191 Id
1443 2166 1543 2192 vero
1563 2151 1797 2207 periculum

401 2215 501 2255 erat,
537 2207 652 2262 quod
686 2205 883 2246 levissimi
920 2221 971 2246 ex
1012 2206 1197 2256 Graecis,
1231 2208 1304 2262 qui
1340 2207 1593 2249 Parthorum
1625 2223 1796 2265 quoque

401 2272 545 2303 contra
567 2278 721 2303 nomen
746 2263 987 2303 Romanum
1009 2263 1164 2318 gloriae
1186 2265 1338 2314 favent,
1357 2265 1548 2306 dictitare
1570 2265 1718 2315 solent,
1741 2281 1795 2307 ne

401 2320 659 2361 maiestatem
683 2320 865 2360 nominis
889 2320 1135 2370 Alexandri,
1160 2337 1286 2377 quem
1308 2337 1361 2362 ne
1383 2322 1493 2363 fama
1520 2323 1692 2378 quidem
1714 2323 1795 2364 illis
1811 2335 1828 2367 7

402 2387 547 2418 notum
579 2378 756 2418 arbitror
776 2377 914 2426 fuisse,
938 2378 1140 2419 sustinere
1170 2394 1255 2419 non
1286 2380 1471 2435 potuerit
1494 2379 1674 2436 populus
1706 2380 1795 2421 Ro-

443 2522 459 2549 3
477 2514 574 2549 Quem
593 2514 648 2552 (sni
665 2523 704 2543 ω’
721 2513 864 2551 restibus]
895 2511 1013 2543 Cineas
1030 2512 1073 2542 ni-
1121 2512 1217 2551 finget
1235 2512 1374 2543 diversas
1388 2524 1407 2543 a
1425 2513 1514 2544 veris.
1539 2514 1645 2545 (ἷκεν.

399 2555 527 2589 mirum,
546 2555 661 2594 Pyrrhi
678 2554 759 2593 regis
775 2555 907 2593 legatus.
1164 2565 1180 2593 5
1205 2557 1314 2585 Etiam
1345 2557 1435 2586 victis
1460 2557 1695 2587 Macedonibus
1717 2568 1792 2596 yra-

442 2610 459 2634 4
491 2599 603 2627 Veram
627 2598 760 2636 speeiem
783 2597 921 2626 Romani
943 2602 1075 2629 senalus
1119 2598 1188 2634 ves]
1219 2598 1312 2632 Quas
1335 2598 1544 2635 Macedones,
1567 2599 1692 2629 etiamsi
1718 2599 1792 2630 victi

398 2640 497 2677 cepit]
532 2640 617 2669 Vera
642 2640 699 2669 sub
723 2638 861 2677 imagine
886 2639 1072 2669 Romanum
1118 2639 1262 2675 fuissent,
1277 2644 1406 2678 gravate
1427 2640 1586 2678 tulissent,
1599 2642 1719 2671 nedum
1739 2652 1794 2672 eas

398 2686 543 2711 senatum
571 2682 630 2711 sibi
657 2681 823 2711 exhibuit:
852 2691 956 2711 veram
984 2692 1071 2711 sena·
1118 2682 1255 2712 tolerare
1272 2687 1401 2721 possent
1417 2683 1561 2714 victores.
1586 2684 1691 2714 CREV.

398 2727 448 2752 rus
472 2724 612 2753 Romani
638 2724 800 2753 notionem
825 2729 990 2753 assecutus
1014 2729 1070 2754 cst.
1161 2723 1180 2753 6
1205 2726 1324 2755 (mdes
1339 2726 1528 2763 (animi-um]
1555 2725 1634 2756 Cliti
1658 2725 1792 2763 scilicet,

397 2764 448 2792 Sic
475 2765 589 2796 Horat.
611 2767 677 2796 sat.
700 2766 730 2796 ii.
754 2776 780 2804 3.
800 2766 870 2796 208.
917 2768 980 2803 Qui
1004 2778 1069 2805 spe-
1117 2771 1147 2796 et
1165 2767 1385 2804 Callisthenis,
1402 2778 1524 2797 necnon
1544 2768 1775 2798 Parmenionis.

396 2807 457 2836 virs
481 2808 562 2835 alias
589 2809 669 2837 νιν-ῖς
691 2832 696 2838 .
716 2832 721 2838 .
740 2832 746 2837 .
766 2832 771 2838 .
797 2810 922 2847 rapiet:
958 2809 987 2838 id
1013 2814 1071 2841 est,
1163 2817 1178 2847 7
1203 2811 1300 2845 Quem
1327 2821 1365 2840 ηε
1382 2810 1477 2846 fama
1501 2811 1625 2850 quidem
1650 2812 1714 2840 illis
1736 2820 1788 2839 no-

396 2847 449 2886 qui
468 2847 619 2886 imagines
637 2850 833 2886 re1·um‚sixc
851 2851 995 2882 notiones
1012 2851 1070 2882 sibi
1116 2853 1200 2889 [mn]
1240 2853 1362 2883 Contra
1392 2851 1515 2883 Arrian.
1546 2852 1594 2882 vii.
1626 2861 1671 2891 15.
1699 2851 1789 2885 cuius
