1934 3211
127 443 139 464 ,
469 408 1230 498 ΡΒΑΕΡΑΤΙο

159 708 578 807 FACTURUi
526 708 642 751 SNE
673 723 822 765 operae
855 709 1037 774 pretium
1069 709 1161 760 sim,
1193 710 1227 751 si
1258 725 1282 751 a
1316 709 1544 767 primordio

256 767 369 809 urbis
396 782 460 809 res
487 767 631 824 populi
656 766 838 807 Romani
865 767 1188 823 perscripserim,
1211 783 1289 809 nec
1315 768 1412 809 satis
1433 782 1541 817 Selo;

156 839 248 875 nec,
282 825 316 866 si
346 825 485 875 sciam,
517 825 655 866 dicere
686 824 836 865 ausim·
871 825 1027 881 quippe
1059 826 1145 881 qui,
1178 841 1308 890 quum
1343 835 1541 875 veterem,

156 891 247 924 tum
274 883 484 940 vulgatam
511 898 597 924 esse
628 897 729 931 rem,
758 881 937 931 videam,
963 883 1065 923 dum
1099 898 1197 924 nov1
1229 899 1392 940 semper
1416 883 1545 939 scrip-

158 949 280 992 tores,
301 950 373 982 3111
393 941 438 982 111
458 941 580 982 rebus
600 940 752 981 certius
772 939 931 996 aliquid
951 940 1147 982 allaturos
1168 956 1224 991 se,
1243 951 1314 982 aut
1335 940 1543 982 scribendi

157 1007 245 1040 arte
274 999 422 1040 rudem
457 1007 707 1040 vetustatem
743 1007 1019 1054 superaturos,
1061 999 1250 1041 credunt.
1314 999 1543 1064 Utcunque

157 1056 250 1106 erit,
287 1056 446 1098 iuvabit
480 1066 633 1106 tamen,
667 1070 807 1097 rerum
842 1064 1051 1111 gestarum
1084 1057 1307 1098 memoriae
1344 1056 1544 1114 principis

158 1122 361 1156 terrarum
391 1114 536 1171 populi
561 1129 637 1170 pro
661 1113 769 1153 virili
797 1122 913 1169 parte
945 1123 988 1155 et
1016 1129 1082 1154 me
1110 1114 1246 1170 ipsum
1269 1114 1542 1163 consuluisse3

128 1180 214 1222 zet,
240 1172 274 1213 si
304 1172 349 1213 in
376 1181 491 1213 tanta
517 1172 764 1228 scriptorum
797 1171 917 1212 turba
944 1186 1038 1213 mea
1064 1171 1209 1213 fama
1200 1187 1243 1212 1n
1272 1173 1446 1213 obscuro
1476 1171 1542 1222 sit,

158 1230 376 1271 nobilitate
398 1244 445 1270 ac
466 1229 756 1286 magnitudine
778 1244 935 1278 eorum,
958 1244 1052 1270 meo
1073 1229 1145 1285 qui
1166 1230 1327 1270 nomini
1349 1229 1544 1280 officient,

158 1302 226 1329 me
248 1287 446 1329 consoler.
510 1287 595 1328 Res
616 1296 677 1328 est
697 1295 911 1343 praeterea
932 1294 974 1327 et
995 1287 1188 1328 immensi
1209 1287 1357 1342 operis,
1375 1296 1421 1328 ut
1438 1302 1546 1342 quae

159 1360 298 1411 supra
323 1344 740 1409 septingentesimum
781 1359 939 1384 annum
980 1352 1215 1400 repetatur3
1258 1353 1301 1385 et
1341 1359 1461 1400 quae,
1494 1345 1546 1386 ab

160 1403 322 1460 exiguis
354 1403 539 1459 profecta
573 1401 715 1451 initiis,
749 1416 799 1442 eo
832 1401 1022 1451 creverit,
1059 1409 1106 1442 ut
1138 1416 1220 1442 13111
1253 1401 1545 1467 magnitudine

159 1460 318 1502 laboret
349 1475 443 1501 sua.
487 1468 527 1500 et
563 1459 793 1524 legentium
833 1458 1056 1515 plerisque,
1092 1458 1207 1500 haud
1246 1459 1407 1510 dubito,
1442 1460 1546 1516 quin

157 1518 317 1575 primae
353 1517 534 1573 origines
565 1516 839 1573 proximaque
873 1517 1103 1573 originibus
1135 1517 1274 1558 minus
1308 1518 1548 1574 praebitura

158 1575 383 1632 voluptatis
415 1575 510 1625 sint,
551 1575 845 1616 festinantibus
885 1551 961 1616 ade>
974 1574 1077 1616 hacc
1118 1590 1237 1625 nova,
1272 1575 1423 1632 quibus
1463 1576 1547 1616 iam

158 1633 323 1690 pridem
350 1633 627 1690 praevalentis
647 1632 792 1689 populi
821 1633 928 1674 vires
949 1648 991 1674 se
1014 1633 1126 1689 ipsae
1149 1633 1390 1675 conficiunt.
1454 1633 1547 1689 Ego

158 1700 305 1733 contra
323 1691 403 1733 hoc
425 1706 593 1747 quoquc
615 1690 766 1732 laboris
793 1691 1025 1747 praemium
1053 1700 1207 1747 petam,
1230 1700 1277 1733 ut
1302 1706 1367 1732 me
1397 1707 1421 1733 a
1448 1706 1548 1732 con-

158 1758 304 1806 spectu
344 1749 561 1798 malorum,
593 1764 713 1814 quae·
741 1757 881 1789 nostra
917 1757 978 1790 tot
1012 1764 1088 1805 per
1120 1764 1250 1790 annos
1282 1749 1387 1791 vidit
1421 1758 1546 1799 aetas,

159 1807 373 1864 tantisper,
396 1815 507 1848 certe
530 1806 631 1848 dum
652 1806 787 1863 prisca
808 1805 879 1847 illa
899 1815 986 1848 tota
1006 1816 1146 1848 mente
1171 1816 1325 1873 repeto,
1348 1816 1546 1857 avertam,

159 1865 294 1908 omnis
308 1880 456 1922 expers
469 1880 605 1915 curae,
621 1879 727 1921 quae
742 1864 959 1906 scribentis
972 1865 1173 1930 animum,
1188 1865 1264 1906 etsi
1281 1880 1366 1906 non
1379 1865 1548 1906 flectere

159 1938 185 1965 a
212 1938 323 1974 vero,
346 1923 569 1965 sollicitum
593 1931 742 1964 13111011
773 1922 935 1964 efficere
966 1923 1104 1979 possit.
1172 1923 1293 1972 Quae
1323 1932 1419 1964 ante
1448 1938 1549 1964 con-

129 1981 291 2026 3ditam
322 1981 639 2023 condendamve
671 1981 829 2029 urbem,
856 1980 1030 2036 poeticis
1056 1981 1185 2037 magis
1213 1981 1366 2023 decora
1384 1980 1547 2030 fabulis,

160 2054 286 2096 quam
307 2039 558 2095 incorruptis
579 2053 717 2080 rerum
747 2047 958 2095 gestarum
986 2039 1281 2089 monumentis,
1312 2038 1547 2087 traduntur,

206 2197 217 2217 1
240 2187 336 2217 Hanc
350 2186 516 2217 Livianam
530 2186 832 2227 praefationem‚vix

160 2229 317 2260 imitanda
344 2234 412 2260 arte
442 2230 667 2270 conscriptam,
697 2230 832 2262 celeber.

161 2272 233 2304 Tib.
258 2272 480 2304 Hemsterhus.
504 2273 670 2312 discipulis
692 2272 756 2302 suis
782 2283 832 2302 co-

159 2315 259 2356 gitate
294 2316 511 2355 meditateque
546 2316 713 2355 legendam
749 2325 833 2345 com-

161 2359 343 2390 mendabat.
376 2358 476 2389 Moris
487 2358 572 2389 0111111
584 2363 651 2389 0131
662 2358 748 2388 illius
761 2368 833 2388 con-

161 2401 322 2433 suefacere
346 2401 521 2441 discipulos
544 2412 617 2432 suos
640 2401 726 2431 locos
750 2406 833 2431 vete-

162 2454 231 2475 rum
247 2444 444 2485 Scriptorum
468 2444 607 2475 illustres
623 2448 784 2479 excutere,
800 2448 832 2474 et

161 2487 193 2518 in
219 2487 353 2527 legendo
384 2487 492 2517 iudicii
517 2487 718 2518 severitatem
744 2486 833 2517 adhi-

162 2530 254 2560 bere:
279 2534 375 2570 atque
388 2530 443 2567 ita,
455 2530 513 2560 etsi
529 2530 690 2570 praeclare
702 2529 834 2567 sciebat,

165 2573 263 2603 Icaris
281 2583 343 2603 non
367 2583 434 2603 esse
450 2573 608 2612 aptandas
623 2573 702 2609 alas,
718 2576 753 2602 ut
769 2582 833 2604 ver-

164 2615 210 2646 bis
229 2615 415 2646 Ruhnkenii
440 2620 522 2652 utar,
537 2620 645 2646 tamen
667 2615 835 2654 sagacioris

163 2658 280 2689 indolis
304 2658 524 2688 adolescentes
550 2663 674 2688 mature
701 2657 836 2689 Critices

165 2701 262 2732 veluti
287 2705 379 2740 gustu
401 2701 539 2740 quodam
563 2700 737 2731 imbuebat.
786 2699 834 2730 Ex

163 2743 232 2775 eius
261 2743 430 2783 disciplina
475 2743 580 2783 plures
616 2743 836 2782 acutioresque

164 2787 312 2822 Criticoa,
331 2797 425 2825 quam
451 2796 468 2815 e
492 2786 678 2825 cuiusquam
702 2790 777 2816 ante
801 2785 834 2815 il-

165 2830 245 2866 lum,
262 2829 414 2869 prodiisse
430 2828 538 2866 scribit
553 2827 726 2859 Ruhnken.
740 2838 833 2867 quem

166 2872 204 2905 cf.
223 2873 342 2913 Opusc.
362 2883 391 2912 p.
410 2881 480 2911 274.

210 2925 225 2946 τ
249 2916 447 2957 Scriptorum
464 2914 576 2952 turbu]
603 2913 640 2944 In
654 2913 766 2944 horum
781 2923 835 2943 nu-

876 2196 963 2216 mero
977 2190 1132 2216 memorat
1147 2185 1256 2217 Livius
1269 2185 1312 2222 Q„
1328 2185 1462 2216 Fabium
1479 2185 1550 2216 Pic-

875 2233 976 2260 torem
1005 2229 1074 2260 infr.
1102 2229 1121 2260 i.
1150 2241 1199 2269 44.
1247 2229 1283 2259 L.
1307 2229 1455 2260 Cincium
1482 2228 1548 2260 Ali-

877 2276 975 2304 ment.
996 2272 1047 2302 vii.
1072 2284 1100 2310 4.
1147 2271 1183 2302 L.
1206 2271 1418 2311 Calpurnium
1441 2271 1548 2302 Pison.

878 2314 897 2346 i.
916 2324 964 2354 55.
1012 2314 1047 2345 L.
1066 2315 1214 2345 Caelium
1233 2314 1309 2345 Anti
1335 2319 1393 2345 atr.
1415 2314 1479 2346 xxi.
1501 2316 1549 2353 38.

880 2357 1046 2389 Valerium
1076 2357 1197 2389 Antist.
1228 2357 1270 2388 iii.
1324 2381 1330 2388 .
1389 2357 1550 2387 Licinium

880 2401 1040 2437 Macrum,
1053 2400 1092 2431 iv.
1109 2409 1135 2439 7.
1182 2400 1225 2436 Q.
1245 2399 1371 2430 Aelium
1389 2400 1551 2430 Tuberon.

877 2443 916 2474 iv.
936 2453 984 2482 23.
1029 2443 1079 2475 Cf.
1099 2443 1223 2474 Fabric.
1242 2442 1326 2473 Bibl.
1347 2442 1416 2472 Lat.
1434 2442 1474 2472 iv.
1493 2451 1520 2472 2.

922 2495 938 2525 3
955 2487 1093 2517 Paelicis
1106 2487 1206 2525 mayis
1217 2487 1327 2516 decora
1334 2485 1478 2524 sabulis]
1501 2484 1552 2515 De

878 2528 993 2569 quibus
1014 2528 1137 2559 Ennius
1159 2539 1211 2568 up.
1229 2528 1297 2559 Cic.
1320 2528 1409 2558 Brut.
1437 2528 1484 2563 18,
1505 2537 1551 2568 19.

878 2571 1073 2611 “Scripsere
1103 2571 1157 2601 alii
1189 2581 1254 2600 rem
1289 2570 1447 2604 Versibu',
1474 2580 1554 2610 quos

879 2615 955 2644 olim
969 2614 1071 2644 Fauni
1085 2614 1248 2652 Vatesque
1262 2614 1453 2644 canebant.”
1485 2613 1552 2648 Qui

880 2667 997 2694 versus,
1019 2656 1133 2687 senarii
1158 2655 1386 2696 bypercalecti‚
1413 2655 1552 2687 Saturnii

882 2700 1086 2734 vocabuntur,
1105 2699 1220 2738 quibus
1241 2704 1272 2729 et
1295 2709 1313 2729 a
1340 2698 1464 2729 Naevio
1487 2699 1551 2730 bel-

881 2743 946 2772 lum
969 2742 1124 2772 Punicum
1145 2741 1296 2781 scriptum
1315 2746 1374 2778 est,
1389 2746 1421 2772 01
1437 2752 1455 2772 s
1471 2742 1552 2773 mul-

880 2784 921 2814 tis
943 2784 1014 2815 aliis
1038 2785 1129 2824 plura
1152 2784 1329 2824 oomposita
1349 2789 1433 2817 sunt.
1480 2784 1552 2816 Fes-

880 2832 931 2857 tus
948 2837 974 2857 v.
992 2828 1156 2858 Saturnus.
1197 2827 1247 2859 Cf.
1266 2827 1422 2858 Asconius
1438 2827 1468 2858 in
1483 2827 1552 2859 Cic.

884 2870 972 2902 Verr.
1001 2869 1030 2900 ii.
1068 2879 1112 2901 ιο.
1166 2870 1272 2901 Bentl.
1303 2870 1430 2902 Phnlur.
1462 2871 1479 2907 5
1510 2870 1552 2903 xi.

883 2912 1016 2953 Heynii,
1036 2913 1166 2945 Excurs.
1183 2913 1222 2944 ad
1243 2914 1322 2945 Aen.
1342 2913 1392 2944 vii.

1310 2959 1381 2997 1³2
