1934 3211
187 315 232 346 U.
250 315 289 346 G.
306 325 381 355 413.

186 359 226 389 A.
251 358 289 389 C.
307 366 380 400 339.

407 220 491 259 446
926 215 1074 258 TITI
1116 215 1296 258 LIVH

407 319 540 346 unum
561 312 732 361 propter
760 303 978 346 Salonium
1004 306 1056 346 ab
1077 315 1224 346 senatu
1251 320 1337 346 non
1366 304 1686 361 impetraretur3
1720 311 1810 345 tum

410 362 615 412 Salonius,
639 363 870 403 obtestatus
895 363 1043 403 Patres
1071 362 1341 418 conscriptos,
1368 377 1421 403 nc
1453 377 1576 402 suum
1607 361 1810 402 honorem

405 420 550 476 pluris,
574 435 701 475 quam
726 420 995 461 concordiam
1023 420 1215 469 civitatis,
1238 420 1520 468 aestimarent,
1543 419 1740 475 perpulit,
1763 427 1811 459 ut

405 477 450 518 id
481 492 650 533 quoque
681 477 870 518 ferretur.
934 478 1087 532 Aeque
1119 477 1329 533 impotens
1360 476 1618 532 postulatum
1647 476 1740 525 fuit,
1763 483 1811 516 ut

406 534 459 576 de
496 534 708 590 stipendio
744 535 937 590 equitum
974 534 1214 589 (merebant
1249 543 1392 575 autem
1428 533 1581 590 triplex
1617 549 1668 575 ea
1702 541 1842 581 tem-7

407 591 588 647 pestate)
633 606 727 632 aera
777 592 1060 641 demerentur,
1109 591 1224 646 quod
1274 591 1478 632 adversati
1529 590 1809 632 coniurationi

406 649 593 690 fuissent.

465 707 638 747 Praeter
665 705 768 746 haec
797 705 966 745 invenio
994 705 1108 760 apud
1137 705 1354 760 quosdam,
1378 704 1427 745 L.
1447 704 1703 755 Genucium,
1736 705 1810 746 tri·
1836 750 1839 753 ‚

405 764 566 804 bunum
601 762 746 818 plebis,
791 762 933 802 tulisse
967 762 1020 802 ad
1053 762 1271 818 populum,
1309 777 1362 802 ne
1403 762 1591 803 fenerare
1631 763 1803 804 liceret:
1822 769 1841 799 8

405 821 507 861 item
543 819 632 860 aliis
667 819 895 874 plebiscitis
934 828 1118 869 cautum,
1155 834 1209 860 ne
1246 819 1340 875 quis
1376 818 1561 860 eundem
1593 820 1841 884 magistra-1

405 886 494 917 tum
538 877 649 917 intra
690 876 837 917 decem
881 892 1013 918 annos
1056 885 1251 933 caperet3
1290 892 1375 917 neu
1408 876 1513 917 duos
1544 885 1808 932 maglstratus

404 949 489 975 uno
516 949 628 975 anno
656 942 847 999 gereret3
881 934 1029 990 utique
1061 934 1207 976 liceret
1235 934 1427 975 consules
1454 934 1598 975 ambos
1622 934 1807 990 plebeios

402 992 546 1032 creari.
614 991 736 1039 Quae
765 992 799 1032 si
828 992 969 1033 omnia
994 1007 1190 1033 concessa
1214 1000 1312 1032 sunt
1335 991 1462 1047 plebi,
1485 999 1671 1048 apparet,
1693 991 1807 1033 haud

403 1064 548 1105 parvas
584 1049 692 1090 vires
728 1049 1010 1090 defectionem
1045 1049 1251 1090 habuisse.
1315 1049 1424 1090 Aliis
1461 1049 1680 1090 annalibus
1710 1064 1807 1105 pro-

403 1107 541 1147 ditum
562 1115 637 1156 est,
656 1122 795 1162 neque
818 1106 1067 1148 dictatorem
1084 1106 1303 1148 Valerium
1320 1106 1495 1155 dictum,
1514 1106 1589 1147 sed
1610 1121 1686 1162 per
1705 1121 1807 1148 con·
1822 1126 1837 1146 2

403 1164 514 1205 sules
542 1179 711 1205 omnem
739 1179 828 1205 rcm
855 1173 1016 1205 actam:
1051 1179 1205 1220 neque,
1227 1173 1455 1219 antequam
1484 1163 1666 1204 Romam
1687 1164 1806 1205 veni-

404 1230 531 1271 retur,
550 1221 624 1263 sed
642 1221 818 1271 Romae,
837 1237 930 1263 eam
952 1222 1267 1263 multitudinem
1284 1221 1594 1262 coniuratorum
1617 1221 1670 1262 ad
1691 1236 1804 1262 arma
1819 1236 1836 1265 3

403 1287 713 1320 consternatam
735 1294 822 1320 esse
841 1295 850 1328 3
884 1294 962 1320 nec
988 1279 1032 1319 in
1055 1279 1105 1320 T.
1129 1278 1322 1328 Quinctii
1343 1278 1497 1328 villam,
1520 1278 1595 1319 sed
1613 1278 1658 1319 in
1680 1278 1805 1320 aedes

407 1335 457 1377 C.
483 1336 650 1386 Manlii,
687 1345 811 1378 nocte
849 1337 1056 1392 impetum
1091 1337 1261 1386 factum,
1300 1351 1482 1392 eumque
1519 1351 1544 1376 a
1578 1335 1804 1377 coniuratis

403 1394 769 1450 comprehensum,
797 1402 843 1435 ut
875 1394 963 1435 dux
996 1394 1142 1436 fieret:
1176 1393 1276 1434 inde
1310 1394 1364 1435 ad
1389 1400 1586 1449 quartum
1618 1392 1804 1449 lapidem

403 1451 611 1506 profectos
646 1451 738 1493 loco
775 1452 939 1492 munito
975 1451 1239 1493 consedisse:
1279 1466 1357 1492 nec
1391 1451 1442 1492 ab
1475 1450 1653 1492 ducibus
1686 1465 1804 1491 men-

405 1508 563 1548 tionem
585 1508 834 1549 concordiae
856 1518 1016 1557 ortam3
1050 1509 1124 1550 sed
1148 1517 1336 1565 repente,
1360 1523 1492 1564 quum
1516 1508 1561 1548 in
1586 1508 1719 1549 aciem
1740 1523 1804 1549 ar-

403 1565 505 1605 mati
530 1565 739 1606 exercitus
767 1566 1078 1629 processissent,
1101 1566 1396 1607 salutationem
1423 1565 1601 1606 factam:
1635 1573 1678 1606 et
1707 1580 1803 1621 per-

404 1621 557 1662 mixtos
585 1621 790 1662 dextras
781 1637 968 1677 iungere,
992 1638 1039 1663 ac
1070 1623 1294 1679 complecti
1324 1623 1435 1664 inter
1464 1637 1507 1664 se
1537 1622 1802 1664 lacrimantes

402 1678 556 1719 milites
583 1678 781 1734 coepisse,
804 1687 1054 1734 coactosque
1084 1680 1289 1729 consules,
1312 1695 1445 1735 quum
1464 1679 1659 1721 viderent
1685 1694 1802 1720 aver-

401 1750 466 1777 sos
496 1751 520 1777 a
550 1735 822 1777 dimicatione
854 1735 1036 1777 militum
1068 1736 1242 1785 animos,
1274 1736 1464 1777 retulisse
1490 1736 1545 1777 ad
1569 1736 1717 1777 Patres
1747 1735 1799 1777 de

447 1889 463 1920 7
490 1882 638 1921 Triplex]
677 1882 729 1912 Ita
750 1891 878 1921 quoque
899 1881 1014 1919 Polyb.
1036 1880 1076 1910 vi.
1124 1879 1304 1919 Burghesii‚
1326 1872 1424 1918 quani
1449 1879 1614 1919 inscriptio
1639 1881 1799 1919 quaedam

403 1933 452 1964 39.
499 1924 599 1954 Haud
625 1923 688 1954 scio
714 1934 755 1953 an
786 1923 910 1962 equites
939 1922 1000 1960 illi,
1023 1922 1078 1961 qui
1123 1922 1155 1952 in
1184 1923 1266 1961 pede
1293 1925 1419 1952 statuae
1439 1922 1564 1952 Valerii
1586 1922 1619 1952 in
1642 1923 1710 1953 foro
1734 1924 1799 1954 Au-

401 1965 560 2005 equitibus
585 1966 649 1996 suis
678 1967 856 2003 merebant,
878 1964 932 1995 hic
958 1964 1076 1995 intelli·
1119 1964 1203 2004 gusti
1231 1965 1358 1995 Romae
1384 1974 1489 2004 nuper
1514 1968 1660 2004 repertae
1687 1966 1799 1996 confir-

400 2012 524 2047 gantur.
570 2008 657 2038 Fieri
678 2011 794 2047 potest,
810 2011 847 2037 ut
862 2008 972 2046 plures
988 2007 1075 2046 equi-

400 2054 448 2081 tes
464 2050 593 2089 plebeii,
603 2050 719 2089 quibus
733 2061 834 2090 equus
846 2050 997 2088 publicus
1012 2059 1077 2079 non

399 2093 579 2132 assignatus
601 2097 694 2129 esset,
713 2091 845 2122 nomina
868 2101 925 2122 sua
948 2091 1077 2130 profite-

399 2138 519 2172 rentur,
530 2145 592 2174 quo
603 2135 705 2174 magis
717 2134 807 2174 equis
819 2134 884 2164 suis
896 2137 1075 2164 mererent:

398 2181 497 2216 atque
512 2177 569 2215 ita,
584 2177 609 2208 si
630 2177 776 2217 pluribus
791 2176 964 2216 equitibus,
980 2186 1077 2215 quam

399 2220 516 2258 quibus
532 2220 682 2259 publicus
695 2229 796 2258 equus
811 2222 890 2255 erat,
902 2218 983 2248 forte
999 2228 1076 2257 qua-

399 2262 475 2291 dam
498 2272 562 2291 non
586 2272 668 2301 opus
691 2265 785 2299 esset,
805 2260 922 2291 militia
945 2260 1077 2290 omnino

400 2308 562 2342 vacarent,
585 2307 642 2334 aut
665 2303 763 2334 etiam
788 2306 939 2334 vacantes
961 2302 1078 2332 militia

399 2346 597 2385 stipendium
619 2356 763 2377 annuum
780 2345 813 2375 in
834 2355 934 2384 equos
953 2343 1077 2384 accipe-

400 2392 481 2419 rent.

442 2432 461 2461 8
476 2432 529 2462 Ne
536 2432 694 2470 fenerare
707 2431 831 2468 liceret]
848 2428 886 2459 cf.
899 2429 977 2459 Tac.
990 2428 1075 2460 Anu.

400 2473 440 2504 vi.
461 2472 507 2504 16.
525 2478 680 2513 postremo
694 2474 793 2504 vetita
809 2482 922 2503 usura.

446 2525 466 2555 9
488 2517 575 2546 Aliis
601 2516 793 2555 plebescztis]
834 2514 931 2550 Quae
964 2512 1074 2544 Genu-

399 2558 492 2588 ciana
514 2558 681 2598 appellata
703 2557 799 2587 fuisse
822 2559 917 2596 putat
937 2556 1073 2586 Niebhr.

399 2599 444 2631 iii.
463 2611 494 2640 p.
512 2601 562 2631 82.

450 2652 461 2672 1
493 2644 546 2673 Ne
574 2643 647 2683 quis
675 2641 828 2679 eundem]
873 2640 912 2671 cf.
937 2640 1005 2671 Cic.
1034 2641 1074 2670 de

401 2684 496 2724 Legg.
512 2684 556 2715 iii.
575 2694 603 2723 3.
622 2685 757 2716 eundem
780 2683 1015 2722 magistratum,
1038 2684 1074 2712 ni

399 2728 612 2766 interfuerint
633 2728 736 2758 decem
760 2727 853 2763 anni,
868 2735 909 2756 ne
932 2726 1003 2765 quis
1023 2735 1073 2755 ca-

399 2770 474 2805 pito.
502 2770 542 2800 cf.
559 2769 630 2800 infr.
652 2779 682 2800 x.
704 2778 750 2808 13.
770 2767 826 2798 ubi
843 2768 923 2798 haec
939 2767 991 2797 lex
1008 2777 1074 2797 me-

400 2814 551 2841 moratur.

449 2861 465 2880 2
490 2854 602 2891 Neque
624 2853 825 2890 dictatorem]
868 2852 908 2883 In
932 2852 1013 2882 libro
1035 2853 1074 2882 de

409 2893 490 2922 Viris
507 2894 691 2926 Illustrihus
711 2904 761 2934 ²9-
785 2905 825 2925 ex
848 2894 1074 2925 emendatione

1120 2010 1199 2043 mat,
1219 2006 1367 2046 legimus,
1387 2017 1458 2037 cum
1481 2008 1595 2046 inyens
1617 2008 1799 2045 multitudo,

1122 2059 1273 2088 oppressa
1298 2059 1372 2080 aere
1399 2050 1515 2086 alieno,
1539 2049 1687 2089 Capuam
1710 2061 1799 2081 occu-

1118 2102 1202 2130 pare
1225 2095 1387 2129 tentasset,
1400 2092 1524 2122 sublato
1539 2102 1614 2123 aere
1633 2093 1738 2123 alieno
1753 2103 1798 2124 se-

1121 2135 1272 2165 ditionem
1287 2135 1479 2173 compressit.
1513 2133 1608 2164 Haec
1624 2135 1721 2165 verba
1733 2135 1798 2165 Va-

1122 2176 1237 2206 lerium
1269 2175 1458 2206 dictatorern
1488 2175 1585 2207 fuisse
1615 2176 1717 2217 magis
1750 2187 1798 2208 ar-

1119 2222 1223 2258 guunt
1235 2229 1242 2248 :
1266 2217 1326 2248 nisi
1342 2218 1447 2255 malis,
1460 2222 1496 2248 ut
1510 2218 1658 2249 Valerios
1672 2219 1799 2258 saepius

1120 2264 1228 2297 antea,
1244 2270 1330 2299 supr.
1344 2260 1384 2291 iv.
1402 2268 1418 2299 5
1424 2270 1453 2300 3,
1469 2260 1515 2290 ita
1529 2260 1623 2291 illum
1639 2264 1797 2292 oratorem

1121 2303 1162 2332 ad
1186 2303 1316 2341 plebem
1337 2302 1470 2332 missum
1491 2312 1559 2332 esse
1578 2313 1599 2333 a
1621 2306 1746 2342 senatu,
1765 2307 1798 2335 et

1122 2354 1189 2375 rem
1206 2344 1289 2374 inter
1304 2344 1432 2374 ordines
1447 2343 1673 2383 composuisse.

1164 2396 1181 2426 3
1204 2388 1268 2418 Sed
1287 2387 1422 2424 Romae]
1460 2386 1536 2416 Hoc
1558 2386 1660 2426 magis
1681 2388 1796 2426 probat

1121 2428 1333 2466 Niebuhrius‚
1360 2428 1415 2467 qui
1442 2427 1632 2459 seditionem
1658 2428 1691 2459 in
1717 2430 1796 2460 urbe

1119 2471 1160 2501 de
1179 2481 1252 2501 aere
1272 2470 1380 2501 alieno
1396 2480 1497 2509 usque
1520 2471 1561 2501 ad
1584 2471 1795 2503 secessionem

1120 2516 1152 2543 et
1179 2523 1280 2553 prope
1303 2513 1344 2542 ad
1371 2513 1493 2543 bellurn
1518 2516 1705 2552 provectam
1727 2524 1795 2545 esse

1118 2555 1299 2586 arbitratur.
1346 2554 1536 2585 Exercitum
1553 2565 1693 2595 quoque,
1706 2556 1761 2595 qui
1775 2566 1796 2587 a

1119 2598 1236 2636 Capua
1251 2598 1293 2628 ad
1311 2597 1501 2628 seditionem
1517 2598 1794 2637 comprimendam

1118 2641 1269 2670 reductus
1281 2643 1360 2677 erat,
1371 2650 1404 2670 se
1417 2639 1590 2671 coniuratis
1599 2639 1794 2677 adiunxisse,

1118 2682 1255 2721 ideoque
1272 2682 1473 2712 conditiones
1492 2683 1533 2713 de
1554 2682 1726 2713 concordia
1747 2692 1793 2713 re-

1118 2724 1282 2755 stituenda
1304 2735 1324 2755 a
1348 2724 1533 2755 consulibus
1555 2725 1596 2755 ad
1620 2728 1727 2764 patres
1746 2734 1793 2755 re-

1119 2767 1200 2797 latas
1216 2777 1283 2797 esse
1298 2778 1304 2797 :
1330 2777 1456 2798 necnon
1471 2767 1615 2797 fabulam
1638 2766 1729 2797 illam
1745 2769 1791 2796 to·

1115 2812 1183 2839 tam
1199 2810 1240 2840 de
1255 2810 1446 2849 occupanda
1457 2809 1574 2849 Capua
1588 2809 1707 2840 anilem
1724 2817 1792 2838 esse

1118 2854 1222 2892 putat.
1239 2861 1336 2891 quem
1353 2851 1426 2883 vide
1441 2851 1487 2883 iii.
1502 2861 1533 2891 p.
1550 2852 1601 2889 84.
