1934 3211
600 144 726 186 LIB.
761 144 816 185 Χ.
863 144 1010 186 CAP.
1044 150 1081 186 2.
1455 146 1537 186 559

151 248 288 276 arcem
315 233 399 275 suis
419 233 573 274 finibus
600 233 850 290 impositam,
871 248 1034 274 summa
1054 234 1095 275 vi
1120 249 1362 290 expugnare
1389 234 1537 284 adorti,
1556 242 1598 274 U.
1615 242 1653 274 C.
1671 252 1743 282 45¹-

151 292 203 333 ab
233 291 332 347 ipsis
360 289 518 332 colonis
547 289 789 347 pelluntur.'
840 289 1043 332 Ceterum
1077 300 1241 332 tantum
1263 291 1425 333 Romae
1458 301 1540 333 ter·
1554 286 1593 358 {t}-
1617 286 1748 358 ἕτςῧοῐ·

150 363 286 391 rorem
317 348 466 398 fecere,
499 349 598 405 quia
628 349 699 390 vix
734 348 933 390 credibile
969 358 1070 399 erat,
1105 358 1191 390 tam
1226 349 1384 390 affectis
1416 350 1540 390 rebus
1555 352 1602 401 M]
1617 338 1758 401 Αὲιζῇὶῑο

151 405 258 448 solos
287 421 363 462 per
392 421 434 447 se
457 409 630 463 Aequos
661 407 715 448 ad
745 406 904 449 bellum
933 416 1108 456 coortos,
1134 415 1182 448 ut
1214 406 1419 448 tumultus
1452 407 1541 448 eius
1555 414 1644 444 Coss.
1672 456 1677 461 .

151 478 274 506 causa
300 463 479 505 dictator
505 464 716 506 diceretur
745 464 795 506 C.
816 464 963 506 Iunius
990 464 1215 506 Bubulcus.
1279 464 1334 514 Is,
1356 479 1453 505 eum
1475 463 1538 505 M.
1554 457 1718 529 ff·{¹¹t¹¹¹{¹³

152 521 313 564 Titinio
343 522 539 578 magistro
570 523 761 579 equitum
791 523 1013 580 profectus,
1042 523 1178 579 primo
1208 537 1433 579 congressu
1455 521 1542 563 Ae-
1556 509 1701 580 ,3¹ngss

152 595 257 636 quos
288 580 465 636 subegit,
494 596 554 630 ac,
584 581 652 622 die
686 591 831 623 octavo
864 581 1125 638 triumphans
1157 581 1202 622 in
1234 581 1381 622 urbem
1410 595 1542 636 quum
1555 584 1680 623 subigit.

120 637 340 688 6redisset,
362 638 511 680 aedem
541 638 706 689 Salutis,
730 654 855 696 quam
883 639 1030 681 consul
1053 648 1233 689 voverat,
1255 653 1402 680 censor
1433 637 1543 679 loca-

151 705 280 746 verat,
303 696 482 738 dictator
502 696 722 739 dedicavit.

124 762 141 795 7
213 753 377 796 Eodem
406 770 516 796 anno
545 755 683 797 classis
707 755 979 805 Graecorum,
1009 754 1245 813 Cleonymo
1273 755 1381 796 duce
1410 754 1543 795 Lace·
1638 754 1674 790 2-

121 803 390 862 Sdaemoni0‚
413 813 466 854 ad
488 812 632 855 Italiae
661 813 783 855 litora
807 813 992 870 appulsa,
1017 813 1198 855 Thurias
1219 813 1366 854 urbem
1387 813 1431 853 in
1456 812 1544 854 Sal-

121 855 325 912 9lentinis
359 871 481 928 cepit.
545 871 758 913 Adversus
798 871 910 913 hunc
951 871 1114 913 hostem
1154 870 1300 913 consul
1336 870 1545 912 Aemilius

154 928 303 970 missus
333 929 491 985 proelio
521 945 606 970 una
631 930 821 986 fugatum
849 929 1053 986 compulit
1083 930 1126 970 in
1157 945 1293 971 naves.
1358 928 1544 970 Thuriae

154 986 343 1029 redditae
384 987 514 1028 veteri
555 987 730 1029 cultori:
782 987 1098 1044 Sallentinoque
1144 1003 1242 1045 agro
1286 1002 1368 1044 pax
1414 995 1544 1043 parta.

155 1044 327 1086 Iunium
362 1043 600 1086 Bubulcum
636 1045 883 1087 dictatorem
918 1046 1089 1087 missum
1124 1046 1168 1087 in
1205 1045 1469 1095 Sallentinos,
1501 1044 1546 1085 in

155 1102 407 1159 quibusdam
427 1102 645 1144 annalibus
666 1104 860 1145 invenio:
895 1113 937 1145 et
960 1102 1242 1161 Cleonymum
1269 1104 1395 1160 prius,
1419 1118 1545 1159 quarn
1559 1110 1758 1149 Cleonymus

155 1160 470 1217 confligendum
498 1171 605 1203 esset
634 1177 730 1203 cum
754 1162 969 1211 Romanis,
992 1161 1115 1203 Italia
1144 1162 1379 1204 excessisse.
1452 1160 1548 1201 Cir·
1562 1154 1679 1184 L³⁰⁰¹¹·

156 1228 398 1260 cumvectus
432 1219 532 1261 inde
567 1219 783 1261 Brundisii
815 1220 1160 1277 promontorium,
1195 1219 1420 1276 medioque
1453 1219 1548 1260 sinu

158 1275 405 1318 Hadriatico
445 1278 579 1319 ventis
619 1277 738 1327 latus,
780 1293 912 1334 quum
957 1277 1074 1319 laeva
1113 1279 1368 1335 importuosa
1403 1275 1548 1318 Italiae

156 1334 291 1385 litora,
320 1334 468 1376 dextra
498 1335 631 1393 Illyrii
663 1335 925 1392 Liburnique
959 1345 1002 1377 et
1034 1335 1142 1386 Istri,
1173 1345 1320 1393 gentes
1351 1335 1475 1385 ferae,
1507 1343 1550 1377 et

157 1408 310 1450 magna
343 1408 396 1434 ex
437 1402 554 1450 parte
590 1393 817 1435 latrociniis
853 1394 1071 1435 maritimis
1107 1395 1294 1444 infames,
1331 1402 1548 1442 terrerent,

156 1451 326 1508 penitus
346 1450 400 1492 ad
419 1451 540 1493 litora
556 1451 819 1493 Venetorum
839 1453 1041 1509 pervenit.
1085 1452 1150 1494 Ibi
1172 1452 1371 1509 expositis
1391 1451 1548 1508 paucis,

158 1509 233 1565 qui
272 1508 364 1550 loca
402 1509 680 1566 explorarent,
718 1525 851 1566 quum
886 1509 1080 1560 audisset,
1117 1520 1243 1552 tenue
1285 1518 1550 1566 praetentum

158 1567 258 1609 litus
278 1582 393 1616 esse3
426 1567 541 1624 quod
569 1568 831 1624 transgressis
855 1577 1001 1625 stagna
1024 1569 1075 1610 ab
1101 1576 1230 1625 tergo,
1254 1568 1408 1624 irrigua
1429 1566 1551 1608 aesti-

158 1625 237 1667 bus
272 1625 515 1675 maritimis3
563 1641 682 1682 agros
721 1626 836 1667 haud
870 1625 1016 1682 procul
1050 1626 1263 1683 proximos
1298 1633 1551 1681 campestres

158 1683 298 1732 cerni3
331 1682 528 1725 ulteriora
548 1684 673 1725 colles
689 1699 699 1733 ;
733 1683 831 1725 inde
860 1699 947 1725 esse
977 1684 1131 1725 ostium
1151 1683 1335 1725 fluminis
1362 1682 1549 1739 praealti,

190 1756 245 1783 uo
279 1741 504 1797 circumagi
540 1757 666 1783 naves
702 1741 746 1782 in
782 1741 1004 1783 stationem
1039 1750 1173 1784 tutam
1208 1741 1385 1783 vidisse:
1433 1739 1551 1798 (Me-

191 1813 318 1841 uacus
353 1799 488 1841 amnis
522 1799 630 1856 erat)
666 1815 716 1841 eo
752 1800 959 1842 invectam
995 1799 1167 1842 classem
1202 1800 1340 1842 subire
1376 1799 1550 1840 flumine

160 1856 334 1899 adverso
370 1857 498 1899 iussit.
563 1857 837 1900 Gravissimas
872 1858 1042 1900 navium
1082 1874 1168 1900 non
1202 1857 1375 1914 pertulit
1411 1857 1552 1898 alveus

159 1914 371 1957 fluminis:
416 1916 462 1956 in
493 1915 648 1957 leviora
679 1916 846 1972 navigia
877 1925 1129 1972 transgressa
1160 1915 1388 1957 multitudo
1420 1929 1554 1956 arma-

161 1981 300 2014 torum
331 1972 386 2014 ad
411 1973 654 2029 frequentes
686 1988 817 2028 agros,
847 1973 978 2014 tribus
1010 1973 1227 2014 maritimis
1255 1972 1553 2013 Patavinorum

161 2029 262 2071 vicis
283 2029 516 2071 colentibus
537 2046 629 2072 eam
651 2045 779 2079 oram,
801 2030 1003 2087 pervenit.
1058 2030 1122 2072 Ibi
1143 2030 1309 2086 egressi,
1333 2029 1413 2071 levi
1434 2045 1554 2086 prac-

162 2087 270 2129 sidio
306 2087 480 2129 navibus
512 2088 670 2137 relicto,
701 2088 814 2129 vicos
846 2097 1104 2145 expugnant,
1137 2088 1398 2129 inflammant
1431 2096 1553 2136 tecta,

164 2145 383 2187 hominum
414 2146 710 2202 pecudumque
741 2146 916 2202 praedas
947 2155 1089 2202 agunt,
1117 2155 1159 2187 et
1183 2145 1407 2187 dulcedine
1436 2160 1555 2202 prae-

164 2202 292 2245 dandi
323 2203 488 2261 longius
515 2219 648 2260 usque
674 2219 698 2245 a
722 2204 897 2245 navibus
924 2203 1168 2261 procedunt.
1233 2203 1352 2244 Haec
1382 2203 1453 2244 ubi
1476 2202 1555 2244 Pa-

208 2348 228 2381 6
252 2350 370 2381 Censor
385 2350 560 2386 locaverat]
591 2348 683 2387 Supr.
701 2347 742 2379 ix.
760 2360 810 2387 44.
929 2348 948 2375 8
975 2348 1130 2385 Thurias]
1172 2349 1323 2383 Thuriae,
1348 2347 1413 2381 sire
1442 2349 1555 2379 Thurii

211 2400 228 2433 7
244 2393 410 2431 Cleonymo
421 2393 500 2422 duce
511 2392 772 2428 anednenmninl
788 2390 837 2421 Fi·
883 2391 994 2421 eadem
1021 2392 1094 2421 urbs
1116 2390 1187 2427 fuit,
1206 2401 1288 2430 quae
1313 2391 1398 2430 prius
1413 2392 1556 2429 Sybaris,

167 2435 229 2466 lius
246 2435 369 2466 scilicet
385 2434 568 2466 Cleomenis
584 2434 674 2471 regis,
690 2438 721 2463 et
739 2444 837 2473 nepos
883 2438 993 2473 posu-a
1009 2445 1026 2463 a
1046 2433 1201 2464 Romanis
1218 2433 1377 2463 coloniam
1400 2444 1437 2464 eo
1458 2434 1554 2464 ‹ledu-

167 2478 365 2510 Cleombroti
392 2478 446 2517 qui
472 2478 559 2517 apud
590 2478 758 2507 Leuctram
787 2487 837 2506 oc·
883 2477 1155 2516 centibusfbpiae
1167 2476 1253 2506 dieta
1269 2481 1326 2507 est.
1372 2477 1523 2507 Ceterum
1537 2487 1557 2506 ει

167 2522 331 2552 cubuemt.
361 2521 498 2561 Legatos
510 2522 657 2560 Spar-uun
670 2519 837 2549 Tarentini
883 2519 1070 2550 Sallentinis
1097 2519 1273 2550 Tarentino
1297 2519 1367 2549 sinu
1394 2518 1556 2550 dividitur.

168 2563 331 2601 miserant,
346 2563 399 2603 qui
423 2563 579 2593 auxilium
604 2563 754 2592 adu-rsus
777 2562 838 2592 Lu-
883 2564 990 2593 Cum.

168 2617 265 2638 canon
282 2611 439 2647 peterent,
451 2611 481 2637 et
497 2607 696 2645 Cleonymus
713 2609 841 2644 propter
927 2615 946 2646 9
962 2606 1166 2643 Sallentinis]
1193 2605 1260 2641 Qui
1276 2615 1347 2644 pars
1358 2603 1461 2643 gentis
1473 2605 1556 2635 Mes-

168 2649 381 2689 uuspicioncm
397 2649 481 2687 regni
495 2649 751 2689 ap1)etemli,qu‹›
763 2653 840 2678 texu-
886 2648 1044 2688 sapiorum
1076 2653 1177 2684 erunt,
1204 2648 1322 2687 origine
1347 2648 1486 2679 Cretica.
1517 2648 1557 2679 cf.

170 2702 247 2732 pore
268 2692 372 2722 fratris
394 2692 478 2722 filius
495 2693 596 2722 Areus
612 2691 775 2728 regnabat,
793 2702 841 2721 ve·
887 2692 1000 2721 Strabo
1026 2690 1064 2721 vi.
1092 2702 1121 2730 p.
1148 2701 1217 2731 270.
1260 2691 1380 2721 llerud.
1411 2690 1460 2721 vii.
1490 2699 1557 2730 170.

170 2734 254 2765 niam
279 2735 320 2765 ab
347 2734 496 2774 Ephoris,
520 2739 554 2764 ut
577 2734 752 2764 exercitum
777 2734 841 2764 uuis
888 2734 1071 2764 Athenaeus
1096 2733 1148 2764 xii.
1168 2745 1196 2773 p.
1212 2743 1281 2772 5²²·
1311 2734 1412 2764 varro
1432 2733 1557 2773 Fragm.

169 2777 320 2817 auspiciis
338 2777 553 2817 conscriptum
575 2777 604 2807 in
628 2777 756 2807 ltaliam
779 2782 838 2807 tm—
886 2776 928 2807 iii.
945 2777 1050 2815 Autiq.
1066 2777 1139 2807 Iter.
1153 2777 1254 2807 llum.
1268 2787 1296 2816 p.
1311 2786 1379 2816 ²05·
1406 2776 1557 2807 Festusv.

170 2820 290 2857 iiceret,
306 2819 431 2850 facilius
454 2819 645 2860 impetravit.
691 2820 752 2849 Sed
775 2830 838 2849 rem
885 2821 1067 2855 -S'ullaentini,
1082 2820 1135 2858 qni
1151 2819 1205 2850 alii
1222 2820 1286 2850 ulia
1303 2824 1441 2850 narrant.

170 2867 271 2894 totum
290 2863 416 2894 uberius
432 2862 573 2903 explicat
595 2862 689 2893 Diod.
706 2872 757 2893 xx.
775 2872 839 2901 ¹04.
