<?xml version="1.0" encoding="UTF-8"?>
<!DOCTYPE html PUBLIC "-//W3C//DTD XHTML 1.0 Transitional//EN"
    "http://www.w3.org/TR/xhtml1/DTD/xhtml1-transitional.dtd">
<html xmlns="http://www.w3.org/1999/xhtml" xml:lang="en" lang="en">
 <head>
  <title>
</title>
<meta http-equiv="Content-Type" content="text/html;charset=utf-8" />
  <meta name='ocr-system' content='tesseract 3.04.00' />
  <meta name='ocr-capabilities' content='ocr_page ocr_carea ocr_par ocr_line ocrx_word'/>
</head>
<body>
  <div class='ocr_page' id='page_1' title='image "./historiarumli01livyuoft_0625.png"; bbox 0 0 1934 3211; ppageno 0'>
   <div class='ocr_carea' id='block_1_1' title="bbox 672 156 892 199">
    <p class='ocr_par' dir='ltr' id='par_1_1' title="bbox 672 156 892 199">
     <span class='ocr_line' id='line_1_1' title="bbox 672 156 892 199; baseline 0.005 -1"><span class='ocrx_word' id='word_1_1' title='bbox 672 156 794 199; x_wconf 93' lang='lat' dir='ltr'>LIB.</span> <span class='ocrx_word' id='word_1_2' title='bbox 836 157 892 199; x_wconf 93' lang='lat' dir='ltr'>X.</span> 
     </span>
    </p>
   </div>
   <div class='ocr_carea' id='block_1_2' title="bbox 184 245 1822 370">
    <p class='ocr_par' dir='ltr' id='par_1_2' title="bbox 184 245 1822 370">
     <span class='ocr_line' id='line_1_2' title="bbox 213 245 1822 302; baseline 0.004 -16"><span class='ocrx_word' id='word_1_3' title='bbox 213 245 347 286; x_wconf 93' lang='lat' dir='ltr'>mium</span> <span class='ocrx_word' id='word_1_4' title='bbox 377 245 563 302; x_wconf 86' lang='lat' dir='ltr'>legatum</span> <span class='ocrx_word' id='word_1_5' title='bbox 594 245 706 286; x_wconf 90' lang='lat' dir='ltr'>eius:</span> <span class='ocrx_word' id='word_1_6' title='bbox 746 245 834 300; x_wconf 91' lang='lat' dir='ltr'>qui,</span> <span class='ocrx_word' id='word_1_7' title='bbox 866 245 981 286; x_wconf 86' lang='lat' dir='ltr'>dieta</span> <span class='ocrx_word' id='word_1_8' title='bbox 1009 246 1079 287; x_wconf 88' lang='lat' dir='ltr'>die</span> <span class='ocrx_word' id='word_1_9' title='bbox 1110 261 1135 287; x_wconf 90' lang='lat' dir='ltr'>a</span> <span class='ocrx_word' id='word_1_10' title='bbox 1166 246 1229 287; x_wconf 89' lang='lat' dir='ltr'>M.</span> <span class='ocrx_word' id='word_1_11' title='bbox 1257 247 1414 290; x_wconf 87' lang='lat' dir='ltr'>Cantio</span> <span class='ocrx_word' id='word_1_12' title='bbox 1444 249 1615 291; x_wconf 89' lang='lat' dir='ltr'>tribuno</span> <span class='ocrx_word' id='word_1_13' title='bbox 1632 260 1676 292; x_wconf 88' lang='lat' dir='ltr'>U.</span> <span class='ocrx_word' id='word_1_14' title='bbox 1693 258 1732 292; x_wconf 82' lang='lat' dir='ltr'>C.</span> <span class='ocrx_word' id='word_1_15' title='bbox 1749 270 1822 302; x_wconf 81' lang='lat'><strong>459·</strong></span> 
     </span>
     <span class='ocr_line' id='line_1_3' title="bbox 184 301 1821 370; baseline 0.005 -29"><span class='ocrx_word' id='word_1_16' title='bbox 184 320 197 341; x_wconf 91' lang='lat'>1</span> <span class='ocrx_word' id='word_1_17' title='bbox 212 301 361 358; x_wconf 86' lang='lat' dir='ltr'>plebis,</span> <span class='ocrx_word' id='word_1_18' title='bbox 383 303 550 368; x_wconf 77' lang='lat' dir='ltr'>fugerat</span> <span class='ocrx_word' id='word_1_19' title='bbox 570 302 615 343; x_wconf 91' lang='lat' dir='ltr'>in</span> <span class='ocrx_word' id='word_1_20' title='bbox 642 301 899 358; x_wconf 84' lang='lat' dir='ltr'>legationem</span> <span class='ocrx_word' id='word_1_21' title='bbox 920 302 989 358; x_wconf 88' lang='lat' dir='ltr'>(ut</span> <span class='ocrx_word' id='word_1_22' title='bbox 1007 302 1119 344; x_wconf 86' lang='lat' dir='ltr'>fama</span> <span class='ocrx_word' id='word_1_23' title='bbox 1138 303 1318 368; x_wconf 73' lang='lat' dir='ltr'>ferebat)</span> <span class='ocrx_word' id='word_1_24' title='bbox 1337 306 1484 370; x_wconf 83' lang='lat' dir='ltr'>populi</span> <span class='ocrx_word' id='word_1_25' title='bbox 1504 307 1616 348; x_wconf 93' lang='lat' dir='ltr'>iudi-</span> <span class='ocrx_word' id='word_1_26' title='bbox 1629 304 1668 335; x_wconf 84' lang='lat' dir='ltr'>A.</span> <span class='ocrx_word' id='word_1_27' title='bbox 1693 304 1731 336; x_wconf 80' lang='lat' dir='ltr'>C·</span> <span class='ocrx_word' id='word_1_28' title='bbox 1750 313 1821 344; x_wconf 83' lang='lat'><strong>293·</strong></span> 
     </span>
    </p>
   </div>
   <div class='ocr_carea' id='block_1_3' title="bbox 939 157 1614 202">
    <p class='ocr_par' dir='ltr' id='par_1_3' title="bbox 939 157 1614 202">
     <span class='ocr_line' id='line_1_4' title="bbox 939 157 1614 202; baseline 0.004 -3"><span class='ocrx_word' id='word_1_29' title='bbox 939 157 1086 200; x_wconf 90' lang='lat' dir='ltr'>CAP.</span> <span class='ocrx_word' id='word_1_30' title='bbox 1119 159 1188 200; x_wconf 88' lang='lat'>47.</span> <span class='ocrx_word' id='word_1_31' title='bbox 1536 164 1614 202; x_wconf 88' lang='lat'>611</span> 
     </span>
    </p>
   </div>
   <div class='ocr_carea' id='block_1_4' title="bbox 211 359 1615 417">
    <p class='ocr_par' dir='ltr' id='par_1_4' title="bbox 211 359 1615 417">
     <span class='ocr_line' id='line_1_5' title="bbox 211 359 1615 417; baseline 0.004 -16"><span class='ocrx_word' id='word_1_32' title='bbox 211 359 348 401; x_wconf 89' lang='lat' dir='ltr'>cium:</span> <span class='ocrx_word' id='word_1_33' title='bbox 400 369 630 416; x_wconf 78' lang='lat' dir='ltr'>laetamque</span> <span class='ocrx_word' id='word_1_34' title='bbox 683 359 829 416; x_wconf 83' lang='lat' dir='ltr'>magis,</span> <span class='ocrx_word' id='word_1_35' title='bbox 883 374 1012 416; x_wconf 85' lang='lat' dir='ltr'>quam</span> <span class='ocrx_word' id='word_1_36' title='bbox 1058 375 1216 417; x_wconf 78' lang='lat' dir='ltr'>peragi,</span> <span class='ocrx_word' id='word_1_37' title='bbox 1270 372 1478 404; x_wconf 80' lang='lat' dir='ltr'>accusatio</span> <span class='ocrx_word' id='word_1_38' title='bbox 1525 364 1615 406; x_wconf 86' lang='lat' dir='ltr'>eius</span> 
     </span>
    </p>
   </div>
   <div class='ocr_carea' id='block_1_5' title="bbox 209 424 385 473">
    <p class='ocr_par' dir='ltr' id='par_1_5' title="bbox 209 424 385 473">
     <span class='ocr_line' id='line_1_6' title="bbox 209 424 385 473; baseline 0 -15"><span class='ocrx_word' id='word_1_39' title='bbox 209 424 385 473; x_wconf 91' lang='lat' dir='ltr'>poterat.</span> 
     </span>
    </p>
   </div>
   <div class='ocr_carea' id='block_1_6' title="bbox 209 473 1615 590">
    <p class='ocr_par' dir='ltr' id='par_1_6' title="bbox 209 473 1615 590">
     <span class='ocr_line' id='line_1_7' title="bbox 269 473 1615 532; baseline 0.001 -16"><span class='ocrx_word' id='word_1_40' title='bbox 269 473 433 516; x_wconf 87' lang='lat' dir='ltr'>Exacto</span> <span class='ocrx_word' id='word_1_41' title='bbox 465 474 549 516; x_wconf 91' lang='lat' dir='ltr'>iam</span> <span class='ocrx_word' id='word_1_42' title='bbox 582 489 707 524; x_wconf 90' lang='lat' dir='ltr'>anno,</span> <span class='ocrx_word' id='word_1_43' title='bbox 737 474 836 515; x_wconf 88' lang='lat' dir='ltr'>novi</span> <span class='ocrx_word' id='word_1_44' title='bbox 869 474 1027 516; x_wconf 88' lang='lat' dir='ltr'>tribuni</span> <span class='ocrx_word' id='word_1_45' title='bbox 1059 474 1194 531; x_wconf 91' lang='lat' dir='ltr'>plebis</span> <span class='ocrx_word' id='word_1_46' title='bbox 1227 475 1517 532; x_wconf 86' lang='lat' dir='ltr'>magistratum</span> <span class='ocrx_word' id='word_1_47' title='bbox 1550 478 1615 518; x_wconf 92' lang='lat' dir='ltr'>in-</span> 
     </span>
     <span class='ocr_line' id='line_1_8' title="bbox 209 531 1615 590; baseline 0.002 -18"><span class='ocrx_word' id='word_1_48' title='bbox 209 531 368 573; x_wconf 88' lang='lat' dir='ltr'>ierant:</span> <span class='ocrx_word' id='word_1_49' title='bbox 401 532 537 588; x_wconf 88' lang='lat' dir='ltr'>iisque</span> <span class='ocrx_word' id='word_1_50' title='bbox 569 532 682 588; x_wconf 90' lang='lat' dir='ltr'>ipsis,</span> <span class='ocrx_word' id='word_1_51' title='bbox 715 532 815 588; x_wconf 91' lang='lat' dir='ltr'>quia</span> <span class='ocrx_word' id='word_1_52' title='bbox 843 532 947 573; x_wconf 90' lang='lat' dir='ltr'>vitio</span> <span class='ocrx_word' id='word_1_53' title='bbox 977 532 1107 573; x_wconf 88' lang='lat' dir='ltr'>creati</span> <span class='ocrx_word' id='word_1_54' title='bbox 1137 541 1269 582; x_wconf 84' lang='lat' dir='ltr'>erant,</span> <span class='ocrx_word' id='word_1_55' title='bbox 1299 533 1489 589; x_wconf 82' lang='lat' dir='ltr'>quinque</span> <span class='ocrx_word' id='word_1_56' title='bbox 1521 544 1615 590; x_wconf 88' lang='lat' dir='ltr'>post</span> 
     </span>
    </p>
   </div>
   <div class='ocr_carea' id='block_1_7' title="bbox 178 587 618 631">
    <p class='ocr_par' dir='ltr' id='par_1_7' title="bbox 178 587 618 631">
     <span class='ocr_line' id='line_1_9' title="bbox 178 587 618 631; baseline 0.007 -4"><span class='ocrx_word' id='word_1_57' title='bbox 178 587 300 630; x_wconf 62' lang='lat' dir='ltr'>‘adies</span> <span class='ocrx_word' id='word_1_58' title='bbox 335 589 406 630; x_wconf 90' lang='lat' dir='ltr'>alii</span> <span class='ocrx_word' id='word_1_59' title='bbox 441 590 618 631; x_wconf 90' lang='lat' dir='ltr'>suffecti.</span> 
     </span>
    </p>
   </div>
   <div class='ocr_carea' id='block_1_8' title="bbox 213 589 1804 705">
    <p class='ocr_par' dir='ltr' id='par_1_8' title="bbox 213 589 1804 705">
     <span class='ocr_line' id='line_1_10' title="bbox 681 589 1529 638; baseline 0.002 -8"><span class='ocrx_word' id='word_1_60' title='bbox 681 589 884 630; x_wconf 89' lang='lat' dir='ltr'><strong>Lustrum</strong></span> <span class='ocrx_word' id='word_1_61' title='bbox 922 589 1140 631; x_wconf 90' lang='lat' dir='ltr'>conditum</span> <span class='ocrx_word' id='word_1_62' title='bbox 1177 605 1227 631; x_wconf 93' lang='lat' dir='ltr'>eo</span> <span class='ocrx_word' id='word_1_63' title='bbox 1263 605 1375 638; x_wconf 87' lang='lat' dir='ltr'>anno</span> <span class='ocrx_word' id='word_1_64' title='bbox 1411 600 1472 632; x_wconf 88' lang='lat' dir='ltr'>est</span> <span class='ocrx_word' id='word_1_65' title='bbox 1504 606 1529 632; x_wconf 89' lang='lat' dir='ltr'>a</span> 
     </span>
     <span class='ocr_line' id='line_1_11' title="bbox 213 638 1804 705; baseline 0.002 -18"><span class='ocrx_word' id='word_1_66' title='bbox 213 644 416 688; x_wconf 88' lang='lat' dir='ltr'>Cornelio</span> <span class='ocrx_word' id='word_1_67' title='bbox 433 647 609 697; x_wconf 88' lang='lat' dir='ltr'>Arvina,</span> <span class='ocrx_word' id='word_1_68' title='bbox 636 645 686 688; x_wconf 91' lang='lat' dir='ltr'>C.</span> <span class='ocrx_word' id='word_1_69' title='bbox 707 646 871 688; x_wconf 89' lang='lat' dir='ltr'>Marcio</span> <span class='ocrx_word' id='word_1_70' title='bbox 895 646 1042 688; x_wconf 88' lang='lat' dir='ltr'>Rutilo</span> <span class='ocrx_word' id='word_1_71' title='bbox 1059 638 1324 689; x_wconf 80' lang='lat' dir='ltr'>censoribus:</span> <span class='ocrx_word' id='word_1_72' title='bbox 1358 662 1485 689; x_wconf 88' lang='lat' dir='ltr'>censa</span> <span class='ocrx_word' id='word_1_73' title='bbox 1500 649 1614 705; x_wconf 90' lang='lat' dir='ltr'>capi·</span> <span class='ocrx_word' id='word_1_74' title='bbox 1627 646 1804 678; x_wconf 80' lang='lat' dir='ltr'>conditum.</span> 
     </span>
    </p>
   </div>
   <div class='ocr_carea' id='block_1_9' title="bbox 178 704 1615 818">
    <p class='ocr_par' dir='ltr' id='par_1_9' title="bbox 178 704 1615 818">
     <span class='ocr_line' id='line_1_12' title="bbox 210 704 1611 762; baseline 0.003 -18"><span class='ocrx_word' id='word_1_75' title='bbox 210 710 301 744; x_wconf 91' lang='lat' dir='ltr'>tum</span> <span class='ocrx_word' id='word_1_76' title='bbox 338 704 471 746; x_wconf 81' lang='lat' dir='ltr'>millia</span> <span class='ocrx_word' id='word_1_77' title='bbox 505 704 690 746; x_wconf 85' lang='lat' dir='ltr'>ducenta</span> <span class='ocrx_word' id='word_1_78' title='bbox 724 704 942 760; x_wconf 83' lang='lat' dir='ltr'>sexaginta</span> <span class='ocrx_word' id='word_1_79' title='bbox 977 704 1063 762; x_wconf 90' lang='lat' dir='ltr'>duo</span> <span class='ocrx_word' id='word_1_80' title='bbox 1099 713 1288 746; x_wconf 84' lang='lat' dir='ltr'>trecenta</span> <span class='ocrx_word' id='word_1_81' title='bbox 1322 705 1473 762; x_wconf 84' lang='lat' dir='ltr'>viginti</span> <span class='ocrx_word' id='word_1_82' title='bbox 1514 706 1611 748; x_wconf 92' lang='lat' dir='ltr'>duo.</span> 
     </span>
     <span class='ocr_line' id='line_1_13' title="bbox 178 760 1615 818; baseline 0.002 -16"><span class='ocrx_word' id='word_1_83' title='bbox 178 760 423 808; x_wconf 84' lang='lat' dir='ltr'>3Censores</span> <span class='ocrx_word' id='word_1_84' title='bbox 451 762 639 803; x_wconf 87' lang='lat' dir='ltr'>vicesimi</span> <span class='ocrx_word' id='word_1_85' title='bbox 669 762 778 803; x_wconf 84' lang='lat' dir='ltr'>sexti</span> <span class='ocrx_word' id='word_1_86' title='bbox 808 777 833 803; x_wconf 91' lang='lat' dir='ltr'>a</span> <span class='ocrx_word' id='word_1_87' title='bbox 862 762 1006 818; x_wconf 90' lang='lat' dir='ltr'>primis</span> <span class='ocrx_word' id='word_1_88' title='bbox 1037 762 1302 812; x_wconf 82' lang='lat' dir='ltr'>censoribus3</span> <span class='ocrx_word' id='word_1_89' title='bbox 1335 762 1512 804; x_wconf 90' lang='lat' dir='ltr'>lustrum</span> <span class='ocrx_word' id='word_1_90' title='bbox 1535 779 1615 805; x_wconf 94' lang='lat' dir='ltr'>un-</span> 
     </span>
    </p>
   </div>
   <div class='ocr_carea' id='block_1_10' title="bbox 209 817 631 860">
    <p class='ocr_par' dir='ltr' id='par_1_10' title="bbox 209 817 631 860">
     <span class='ocr_line' id='line_1_14' title="bbox 209 817 631 860; baseline 0 0"><span class='ocrx_word' id='word_1_91' title='bbox 209 817 513 860; x_wconf 89' lang='lat' dir='ltr'>devicesimum</span> <span class='ocrx_word' id='word_1_92' title='bbox 540 819 631 860; x_wconf 88' lang='lat' dir='ltr'>fuit.</span> 
     </span>
    </p>
   </div>
   <div class='ocr_carea' id='block_1_11' title="bbox 696 818 1614 876">
    <p class='ocr_par' dir='ltr' id='par_1_11' title="bbox 696 818 1614 876">
     <span class='ocr_line' id='line_1_15' title="bbox 696 818 1614 876; baseline 0.003 -16"><span class='ocrx_word' id='word_1_93' title='bbox 696 818 862 860; x_wconf 81' lang='lat' dir='ltr'>Eodem</span> <span class='ocrx_word' id='word_1_94' title='bbox 890 834 1002 860; x_wconf 92' lang='lat' dir='ltr'>anno</span> <span class='ocrx_word' id='word_1_95' title='bbox 1030 820 1218 861; x_wconf 89' lang='lat' dir='ltr'>coronati</span> <span class='ocrx_word' id='word_1_96' title='bbox 1246 820 1445 876; x_wconf 88' lang='lat' dir='ltr'>primum,</span> <span class='ocrx_word' id='word_1_97' title='bbox 1468 821 1521 862; x_wconf 90' lang='lat' dir='ltr'>ob</span> <span class='ocrx_word' id='word_1_98' title='bbox 1549 836 1614 863; x_wconf 88' lang='lat' dir='ltr'>res</span> 
     </span>
    </p>
   </div>
   <div class='ocr_carea' id='block_1_12' title="bbox 208 875 1614 1106">
    <p class='ocr_par' dir='ltr' id='par_1_12' title="bbox 208 875 1614 1106">
     <span class='ocr_line' id='line_1_16' title="bbox 208 875 1614 935; baseline 0.001 -18"><span class='ocrx_word' id='word_1_99' title='bbox 208 875 321 918; x_wconf 90' lang='lat' dir='ltr'>bello</span> <span class='ocrx_word' id='word_1_100' title='bbox 342 876 451 918; x_wconf 88' lang='lat' dir='ltr'>bene</span> <span class='ocrx_word' id='word_1_101' title='bbox 467 885 617 933; x_wconf 86' lang='lat' dir='ltr'>gestas,</span> <span class='ocrx_word' id='word_1_102' title='bbox 634 876 756 918; x_wconf 89' lang='lat' dir='ltr'>ludos</span> <span class='ocrx_word' id='word_1_103' title='bbox 779 876 996 918; x_wconf 85' lang='lat' dir='ltr'>Romanos</span> <span class='ocrx_word' id='word_1_104' title='bbox 1012 885 1330 933; x_wconf 85' lang='lat' dir='ltr'>spectaverunt:</span> <span class='ocrx_word' id='word_1_105' title='bbox 1364 877 1614 935; x_wconf 87' lang='lat' dir='ltr'>palmaeque</span> 
     </span>
     <span class='ocr_line' id='line_1_17' title="bbox 209 933 1611 990; baseline 0.002 -16"><span class='ocrx_word' id='word_1_106' title='bbox 209 941 301 974; x_wconf 93' lang='lat' dir='ltr'>tum</span> <span class='ocrx_word' id='word_1_107' title='bbox 331 934 528 990; x_wconf 89' lang='lat' dir='ltr'>primum,</span> <span class='ocrx_word' id='word_1_108' title='bbox 561 934 760 976; x_wconf 89' lang='lat' dir='ltr'>translato</span> <span class='ocrx_word' id='word_1_109' title='bbox 791 949 814 975; x_wconf 89' lang='lat' dir='ltr'>e</span> <span class='ocrx_word' id='word_1_110' title='bbox 849 933 1029 976; x_wconf 85' lang='lat' dir='ltr'>Graecia</span> <span class='ocrx_word' id='word_1_111' title='bbox 1058 949 1186 984; x_wconf 89' lang='lat' dir='ltr'>more,</span> <span class='ocrx_word' id='word_1_112' title='bbox 1218 935 1446 976; x_wconf 88' lang='lat' dir='ltr'>victoribus</span> <span class='ocrx_word' id='word_1_113' title='bbox 1477 935 1611 977; x_wconf 89' lang='lat' dir='ltr'>datae.</span> 
     </span>
     <span class='ocr_line' id='line_1_18' title="bbox 211 989 1612 1047; baseline 0.001 -15"><span class='ocrx_word' id='word_1_114' title='bbox 211 989 376 1032; x_wconf 91' lang='lat' dir='ltr'>Eodem</span> <span class='ocrx_word' id='word_1_115' title='bbox 398 1006 510 1033; x_wconf 90' lang='lat' dir='ltr'>anno</span> <span class='ocrx_word' id='word_1_116' title='bbox 531 992 583 1033; x_wconf 91' lang='lat' dir='ltr'>ab</span> <span class='ocrx_word' id='word_1_117' title='bbox 605 991 811 1033; x_wconf 89' lang='lat' dir='ltr'>aedilibus</span> <span class='ocrx_word' id='word_1_118' title='bbox 831 991 1058 1040; x_wconf 89' lang='lat' dir='ltr'>curulibus,</span> <span class='ocrx_word' id='word_1_119' title='bbox 1077 992 1151 1047; x_wconf 91' lang='lat' dir='ltr'>qui</span> <span class='ocrx_word' id='word_1_120' title='bbox 1173 1007 1244 1033; x_wconf 90' lang='lat' dir='ltr'>eos</span> <span class='ocrx_word' id='word_1_121' title='bbox 1264 991 1386 1034; x_wconf 89' lang='lat' dir='ltr'>ludos</span> <span class='ocrx_word' id='word_1_122' title='bbox 1406 992 1612 1043; x_wconf 90' lang='lat' dir='ltr'>fecerunt,</span> 
     </span>
     <span class='ocr_line' id='line_1_19' title="bbox 208 1047 1614 1106; baseline 0.001 -16"><span class='ocrx_word' id='word_1_123' title='bbox 208 1047 419 1091; x_wconf 86' lang='lat' dir='ltr'>damnatis</span> <span class='ocrx_word' id='word_1_124' title='bbox 449 1049 611 1106; x_wconf 77' lang='lat' dir='ltr'>aliquot</span> <span class='ocrx_word' id='word_1_125' title='bbox 640 1049 860 1106; x_wconf 88' lang='lat' dir='ltr'>pecuariis,</span> <span class='ocrx_word' id='word_1_126' title='bbox 883 1049 950 1090; x_wconf 86' lang='lat' dir='ltr'>via</span> <span class='ocrx_word' id='word_1_127' title='bbox 973 1064 999 1090; x_wconf 90' lang='lat' dir='ltr'>a</span> <span class='ocrx_word' id='word_1_128' title='bbox 1026 1048 1178 1090; x_wconf 89' lang='lat' dir='ltr'>Martis</span> <span class='ocrx_word' id='word_1_129' title='bbox 1209 1049 1323 1091; x_wconf 89' lang='lat' dir='ltr'>silice</span> <span class='ocrx_word' id='word_1_130' title='bbox 1355 1050 1409 1091; x_wconf 90' lang='lat' dir='ltr'>ad</span> <span class='ocrx_word' id='word_1_131' title='bbox 1431 1049 1614 1092; x_wconf 85' lang='lat' dir='ltr'>Bovillas</span> 
     </span>
    </p>
   </div>
   <div class='ocr_carea' id='block_1_13' title="bbox 175 1114 509 1162">
    <p class='ocr_par' dir='ltr' id='par_1_13' title="bbox 175 1114 509 1162">
     <span class='ocr_line' id='line_1_20' title="bbox 175 1114 509 1162; baseline 0.009 -16"><span class='ocrx_word' id='word_1_132' title='bbox 175 1126 195 1155; x_wconf 86' lang='lat'>4</span> <span class='ocrx_word' id='word_1_133' title='bbox 206 1114 412 1162; x_wconf 86' lang='lat' dir='ltr'>perstrata</span> <span class='ocrx_word' id='word_1_134' title='bbox 436 1116 509 1149; x_wconf 90' lang='lat' dir='ltr'>est.</span> 
     </span>
    </p>
   </div>
   <div class='ocr_carea' id='block_1_14' title="bbox 268 1163 1614 1208">
    <p class='ocr_par' dir='ltr' id='par_1_14' title="bbox 268 1163 1614 1208">
     <span class='ocr_line' id='line_1_21' title="bbox 268 1163 1614 1208; baseline 0.001 -2"><span class='ocrx_word' id='word_1_135' title='bbox 268 1163 457 1206; x_wconf 84' lang='lat' dir='ltr'>Comitia</span> <span class='ocrx_word' id='word_1_136' title='bbox 476 1165 712 1207; x_wconf 87' lang='lat' dir='ltr'>consularia</span> <span class='ocrx_word' id='word_1_137' title='bbox 733 1165 782 1207; x_wconf 89' lang='lat' dir='ltr'>L.</span> <span class='ocrx_word' id='word_1_138' title='bbox 807 1165 869 1207; x_wconf 84' lang='lat' dir='ltr'>Pa</span> <span class='ocrx_word' id='word_1_139' title='bbox 901 1166 1001 1207; x_wconf 87' lang='lat' dir='ltr'>irius</span> <span class='ocrx_word' id='word_1_140' title='bbox 1022 1166 1181 1207; x_wconf 84' lang='lat' dir='ltr'>habuit.</span> <span class='ocrx_word' id='word_1_141' title='bbox 1228 1164 1400 1208; x_wconf 90' lang='lat' dir='ltr'>Creavit</span> <span class='ocrx_word' id='word_1_142' title='bbox 1421 1166 1614 1208; x_wconf 88' lang='lat' dir='ltr'>consules</span> 
     </span>
    </p>
   </div>
   <div class='ocr_carea' id='block_1_15' title="bbox 211 1220 829 1270">
    <p class='ocr_par' dir='ltr' id='par_1_15' title="bbox 211 1220 829 1270">
     <span class='ocr_line' id='line_1_22' title="bbox 211 1220 829 1270; baseline 0 -7"><span class='ocrx_word' id='word_1_143' title='bbox 211 1220 265 1270; x_wconf 81' lang='lat' dir='ltr'>Q.</span> <span class='ocrx_word' id='word_1_144' title='bbox 290 1221 468 1264; x_wconf 90' lang='lat' dir='ltr'>Fabium</span> <span class='ocrx_word' id='word_1_145' title='bbox 491 1223 673 1265; x_wconf 84' lang='lat' dir='ltr'>Maximi</span> <span class='ocrx_word' id='word_1_146' title='bbox 694 1223 829 1264; x_wconf 90' lang='lat' dir='ltr'>filium</span> 
     </span>
    </p>
   </div>
   <div class='ocr_carea' id='block_1_16' title="bbox 895 1223 1613 1280">
    <p class='ocr_par' dir='ltr' id='par_1_16' title="bbox 895 1223 1613 1280">
     <span class='ocr_line' id='line_1_23' title="bbox 895 1223 1613 1280; baseline 0.001 -16"><span class='ocrx_word' id='word_1_147' title='bbox 895 1224 1075 1280; x_wconf 83' lang='lat' dir='ltr'>urgitem</span> <span class='ocrx_word' id='word_1_148' title='bbox 1092 1232 1135 1265; x_wconf 90' lang='lat' dir='ltr'>et</span> <span class='ocrx_word' id='word_1_149' title='bbox 1156 1223 1212 1265; x_wconf 90' lang='lat' dir='ltr'>D.</span> <span class='ocrx_word' id='word_1_150' title='bbox 1237 1223 1409 1265; x_wconf 90' lang='lat' dir='ltr'>Iunium</span> <span class='ocrx_word' id='word_1_151' title='bbox 1432 1223 1613 1265; x_wconf 90' lang='lat' dir='ltr'>Brutum</span> 
     </span>
    </p>
   </div>
   <div class='ocr_carea' id='block_1_17' title="bbox 211 1278 1129 1337">
    <p class='ocr_par' dir='ltr' id='par_1_17' title="bbox 211 1278 1129 1337">
     <span class='ocr_line' id='line_1_24' title="bbox 211 1278 1129 1337; baseline 0.001 -16"><span class='ocrx_word' id='word_1_152' title='bbox 211 1278 436 1322; x_wconf 84' lang='lat' dir='ltr'>Scaevam:</span> <span class='ocrx_word' id='word_1_153' title='bbox 470 1281 559 1337; x_wconf 91' lang='lat' dir='ltr'>ipse</span> <span class='ocrx_word' id='word_1_154' title='bbox 582 1280 777 1337; x_wconf 88' lang='lat' dir='ltr'>Papirius</span> <span class='ocrx_word' id='word_1_155' title='bbox 797 1290 965 1337; x_wconf 89' lang='lat' dir='ltr'>praetor</span> <span class='ocrx_word' id='word_1_156' title='bbox 984 1281 1129 1322; x_wconf 88' lang='lat' dir='ltr'>factus.</span> 
     </span>
    </p>
   </div>
   <div class='ocr_carea' id='block_1_18' title="bbox 219 1336 1835 1390">
    <p class='ocr_par' dir='ltr' id='par_1_18' title="bbox 219 1336 1835 1390">
     <span class='ocr_line' id='line_1_25' title="bbox 219 1336 1835 1390; baseline -0.001 -11"><span class='ocrx_word' id='word_1_157' title='bbox 219 1359 222 1361; x_wconf 89' lang='lat'>·</span> <span class='ocrx_word' id='word_1_158' title='bbox 266 1336 420 1379; x_wconf 87' lang='lat' dir='ltr'>Multis</span> <span class='ocrx_word' id='word_1_159' title='bbox 450 1339 574 1380; x_wconf 87' lang='lat' dir='ltr'>rebus</span> <span class='ocrx_word' id='word_1_160' title='bbox 604 1338 738 1380; x_wconf 87' lang='lat' dir='ltr'>laetus</span> <span class='ocrx_word' id='word_1_161' title='bbox 769 1354 904 1379; x_wconf 90' lang='lat' dir='ltr'>annus</span> <span class='ocrx_word' id='word_1_162' title='bbox 936 1339 1006 1380; x_wconf 87' lang='lat' dir='ltr'>vix</span> <span class='ocrx_word' id='word_1_163' title='bbox 1037 1338 1089 1380; x_wconf 90' lang='lat' dir='ltr'>ad</span> <span class='ocrx_word' id='word_1_164' title='bbox 1121 1338 1314 1380; x_wconf 89' lang='lat' dir='ltr'>solatium</span> <span class='ocrx_word' id='word_1_165' title='bbox 1346 1340 1472 1381; x_wconf 90' lang='lat' dir='ltr'>unius</span> <span class='ocrx_word' id='word_1_166' title='bbox 1501 1339 1613 1390; x_wconf 86' lang='lat' dir='ltr'>mali,</span> <span class='ocrx_word' id='word_1_167' title='bbox 1629 1347 1835 1379; x_wconf 76' lang='lat' dir='ltr'>Pestilentia.</span> 
     </span>
    </p>
   </div>
   <div class='ocr_carea' id='block_1_19' title="bbox 175 1395 1615 1463">
    <p class='ocr_par' dir='ltr' id='par_1_19' title="bbox 175 1395 1615 1463">
     <span class='ocr_line' id='line_1_26' title="bbox 175 1395 1615 1463; baseline 0.002 -27"><span class='ocrx_word' id='word_1_168' title='bbox 175 1406 193 1436; x_wconf 82' lang='grc'><strong>5</strong></span> <span class='ocrx_word' id='word_1_169' title='bbox 207 1395 472 1451; x_wconf 85' lang='lat' dir='ltr'>pestilentiae</span> <span class='ocrx_word' id='word_1_170' title='bbox 494 1397 654 1438; x_wconf 86' lang='lat' dir='ltr'>urentis</span> <span class='ocrx_word' id='word_1_171' title='bbox 676 1396 801 1437; x_wconf 87' lang='lat' dir='ltr'>simul</span> <span class='ocrx_word' id='word_1_172' title='bbox 829 1397 977 1437; x_wconf 88' lang='lat' dir='ltr'>urbem</span> <span class='ocrx_word' id='word_1_173' title='bbox 1005 1405 1132 1453; x_wconf 86' lang='lat' dir='ltr'>atque</span> <span class='ocrx_word' id='word_1_174' title='bbox 1154 1411 1274 1453; x_wconf 82' lang='lat' dir='ltr'>agros</span> <span class='ocrx_word' id='word_1_175' title='bbox 1295 1398 1483 1446; x_wconf 85' lang='lat' dir='ltr'>suffecit3</span> <span class='ocrx_word' id='word_1_176' title='bbox 1503 1412 1615 1463; x_wconf 39' lang='lat' dir='ltr'>‘por-</span> 
     </span>
    </p>
   </div>
   <div class='ocr_carea' id='block_1_20' title="bbox 174 1453 1003 1510">
    <p class='ocr_par' dir='ltr' id='par_1_20' title="bbox 174 1453 1003 1510">
     <span class='ocr_line' id='line_1_27' title="bbox 174 1453 1003 1510; baseline 0.002 -17"><span class='ocrx_word' id='word_1_177' title='bbox 174 1460 411 1510; x_wconf 91' lang='lat' dir='ltr'>6tentoque</span> <span class='ocrx_word' id='word_1_178' title='bbox 443 1454 526 1495; x_wconf 88' lang='lat' dir='ltr'>iam</span> <span class='ocrx_word' id='word_1_179' title='bbox 558 1454 703 1496; x_wconf 89' lang='lat' dir='ltr'>similis</span> <span class='ocrx_word' id='word_1_180' title='bbox 734 1453 874 1495; x_wconf 86' lang='lat' dir='ltr'>clades</span> <span class='ocrx_word' id='word_1_181' title='bbox 904 1463 1003 1495; x_wconf 92' lang='lat' dir='ltr'>erat.</span> 
     </span>
    </p>
   </div>
   <div class='ocr_carea' id='block_1_21' title="bbox 1080 1453 1616 1510">
    <p class='ocr_par' dir='ltr' id='par_1_21' title="bbox 1080 1453 1616 1510">
     <span class='ocr_line' id='line_1_28' title="bbox 1080 1453 1616 1510; baseline 0 -15"><span class='ocrx_word' id='word_1_182' title='bbox 1080 1453 1137 1495; x_wconf 89' lang='lat' dir='ltr'>Et</span> <span class='ocrx_word' id='word_1_183' title='bbox 1167 1454 1261 1495; x_wconf 89' lang='lat' dir='ltr'>libri</span> <span class='ocrx_word' id='word_1_184' title='bbox 1292 1454 1408 1504; x_wconf 86' lang='lat' dir='ltr'>aditi,</span> <span class='ocrx_word' id='word_1_185' title='bbox 1441 1470 1616 1510; x_wconf 82' lang='lat' dir='ltr'>quinam</span> 
     </span>
    </p>
   </div>
   <div class='ocr_carea' id='block_1_22' title="bbox 176 1509 1616 1625">
    <p class='ocr_par' dir='ltr' id='par_1_22' title="bbox 176 1509 1616 1625">
     <span class='ocr_line' id='line_1_29' title="bbox 206 1509 1616 1567; baseline 0.001 -17"><span class='ocrx_word' id='word_1_186' title='bbox 206 1509 316 1561; x_wconf 87' lang='lat' dir='ltr'>finis,</span> <span class='ocrx_word' id='word_1_187' title='bbox 338 1519 411 1552; x_wconf 90' lang='lat' dir='ltr'>aut</span> <span class='ocrx_word' id='word_1_188' title='bbox 441 1512 558 1567; x_wconf 90' lang='lat' dir='ltr'>quod</span> <span class='ocrx_word' id='word_1_189' title='bbox 588 1511 825 1553; x_wconf 90' lang='lat' dir='ltr'>remedium</span> <span class='ocrx_word' id='word_1_190' title='bbox 857 1511 948 1553; x_wconf 88' lang='lat' dir='ltr'>cius</span> <span class='ocrx_word' id='word_1_191' title='bbox 978 1511 1077 1552; x_wconf 87' lang='lat' dir='ltr'>mali</span> <span class='ocrx_word' id='word_1_192' title='bbox 1108 1512 1159 1553; x_wconf 90' lang='lat' dir='ltr'>ab</span> <span class='ocrx_word' id='word_1_193' title='bbox 1185 1511 1266 1552; x_wconf 89' lang='lat' dir='ltr'>(liis</span> <span class='ocrx_word' id='word_1_194' title='bbox 1297 1512 1478 1552; x_wconf 88' lang='lat' dir='ltr'>daretur.</span> <span class='ocrx_word' id='word_1_195' title='bbox 1543 1511 1616 1553; x_wconf 90' lang='lat' dir='ltr'>In-</span> 
     </span>
     <span class='ocr_line' id='line_1_30' title="bbox 176 1568 1615 1625; baseline 0 -15"><span class='ocrx_word' id='word_1_196' title='bbox 176 1577 381 1610; x_wconf 88' lang='lat' dir='ltr'>7ventum</span> <span class='ocrx_word' id='word_1_197' title='bbox 403 1569 448 1610; x_wconf 91' lang='lat' dir='ltr'>in</span> <span class='ocrx_word' id='word_1_198' title='bbox 469 1569 597 1620; x_wconf 86' lang='lat' dir='ltr'>libris,</span> <span class='ocrx_word' id='word_1_199' title='bbox 620 1569 923 1625; x_wconf 83' lang='lat' dir='ltr'>Aesculapium</span> <span class='ocrx_word' id='word_1_200' title='bbox 945 1570 997 1610; x_wconf 86' lang='lat' dir='ltr'>ab</span> <span class='ocrx_word' id='word_1_201' title='bbox 1021 1568 1238 1625; x_wconf 87' lang='lat' dir='ltr'>Epidauro</span> <span class='ocrx_word' id='word_1_202' title='bbox 1268 1569 1451 1610; x_wconf 87' lang='lat' dir='ltr'>Romam</span> <span class='ocrx_word' id='word_1_203' title='bbox 1480 1584 1615 1610; x_wconf 90' lang='lat' dir='ltr'>arces-</span> 
     </span>
    </p>
   </div>
   <div class='ocr_carea' id='block_1_23' title="bbox 205 1625 397 1667">
    <p class='ocr_par' dir='ltr' id='par_1_23' title="bbox 205 1625 397 1667">
     <span class='ocr_line' id='line_1_31' title="bbox 205 1625 397 1667; baseline 0 0"><span class='ocrx_word' id='word_1_204' title='bbox 205 1625 397 1667; x_wconf 85' lang='lat' dir='ltr'>sendum.</span> 
     </span>
    </p>
   </div>
   <div class='ocr_carea' id='block_1_24' title="bbox 482 1625 1614 1683">
    <p class='ocr_par' dir='ltr' id='par_1_24' title="bbox 482 1625 1614 1683">
     <span class='ocr_line' id='line_1_32' title="bbox 482 1625 1614 1683; baseline 0 -15"><span class='ocrx_word' id='word_1_205' title='bbox 482 1626 638 1683; x_wconf 89' lang='lat' dir='ltr'>Neque</span> <span class='ocrx_word' id='word_1_206' title='bbox 668 1642 720 1668; x_wconf 90' lang='lat' dir='ltr'>eo</span> <span class='ocrx_word' id='word_1_207' title='bbox 751 1642 876 1675; x_wconf 88' lang='lat' dir='ltr'>anno,</span> <span class='ocrx_word' id='word_1_208' title='bbox 909 1627 1010 1682; x_wconf 88' lang='lat' dir='ltr'>quia</span> <span class='ocrx_word' id='word_1_209' title='bbox 1048 1625 1159 1667; x_wconf 92' lang='lat' dir='ltr'>bello</span> <span class='ocrx_word' id='word_1_210' title='bbox 1196 1626 1390 1682; x_wconf 89' lang='lat' dir='ltr'>occupati</span> <span class='ocrx_word' id='word_1_211' title='bbox 1421 1627 1614 1668; x_wconf 86' lang='lat' dir='ltr'>consules</span> 
     </span>
    </p>
   </div>
   <div class='ocr_carea' id='block_1_25' title="bbox 204 1684 1613 1799">
    <p class='ocr_par' dir='ltr' id='par_1_25' title="bbox 204 1684 1613 1799">
     <span class='ocr_line' id='line_1_33' title="bbox 205 1684 1613 1741; baseline 0.001 -17"><span class='ocrx_word' id='word_1_212' title='bbox 205 1692 337 1734; x_wconf 89' lang='lat' dir='ltr'>erant,</span> <span class='ocrx_word' id='word_1_213' title='bbox 360 1684 590 1741; x_wconf 89' lang='lat' dir='ltr'>quicquam</span> <span class='ocrx_word' id='word_1_214' title='bbox 612 1684 665 1726; x_wconf 88' lang='lat' dir='ltr'>de</span> <span class='ocrx_word' id='word_1_215' title='bbox 691 1699 740 1726; x_wconf 89' lang='lat' dir='ltr'>ea</span> <span class='ocrx_word' id='word_1_216' title='bbox 761 1699 805 1725; x_wconf 90' lang='lat' dir='ltr'>re</span> <span class='ocrx_word' id='word_1_217' title='bbox 827 1692 992 1725; x_wconf 89' lang='lat' dir='ltr'>actum:</span> <span class='ocrx_word' id='word_1_218' title='bbox 1026 1692 1321 1740; x_wconf 87' lang='lat' dir='ltr'>praeterquam</span> <span class='ocrx_word' id='word_1_219' title='bbox 1343 1684 1458 1740; x_wconf 92' lang='lat' dir='ltr'>quod</span> <span class='ocrx_word' id='word_1_220' title='bbox 1479 1699 1613 1726; x_wconf 86' lang='lat' dir='ltr'>unum</span> 
     </span>
     <span class='ocr_line' id='line_1_34' title="bbox 204 1740 1130 1799; baseline 0 -17"><span class='ocrx_word' id='word_1_221' title='bbox 204 1740 318 1783; x_wconf 89' lang='lat' dir='ltr'>diem</span> <span class='ocrx_word' id='word_1_222' title='bbox 342 1742 598 1799; x_wconf 89' lang='lat' dir='ltr'>Aesculapio</span> <span class='ocrx_word' id='word_1_223' title='bbox 620 1741 872 1798; x_wconf 85' lang='lat' dir='ltr'>supplicatio</span> <span class='ocrx_word' id='word_1_224' title='bbox 893 1741 1036 1782; x_wconf 90' lang='lat' dir='ltr'>habita</span> <span class='ocrx_word' id='word_1_225' title='bbox 1057 1750 1130 1782; x_wconf 88' lang='lat' dir='ltr'>cst.</span> 
     </span>
    </p>
   </div>
   <div class='ocr_carea' id='block_1_26' title="bbox 204 1881 885 2649">
    <p class='ocr_par' dir='ltr' id='par_1_26' title="bbox 204 1881 885 1957">
     <span class='ocr_line' id='line_1_35' title="bbox 205 1881 885 1922; baseline -0.006 -8"><span class='ocrx_word' id='word_1_226' title='bbox 205 1893 280 1914; x_wconf 89' lang='lat' dir='ltr'>cum</span> <span class='ocrx_word' id='word_1_227' title='bbox 305 1887 419 1914; x_wconf 83' lang='lat' dir='ltr'>senatu</span> <span class='ocrx_word' id='word_1_228' title='bbox 446 1892 532 1922; x_wconf 82' lang='lat' dir='ltr'>supr.</span> <span class='ocrx_word' id='word_1_229' title='bbox 555 1890 606 1922; x_wconf 88' lang='lat'>37.</span> <span class='ocrx_word' id='word_1_230' title='bbox 632 1882 783 1912; x_wconf 69' lang='lat' dir='ltr'>videntur</span> <span class='ocrx_word' id='word_1_231' title='bbox 808 1881 885 1911; x_wconf 86' lang='lat' dir='ltr'>huic</span> 
     </span>
     <span class='ocr_line' id='line_1_36' title="bbox 204 1923 873 1957; baseline -0.007 0"><span class='ocrx_word' id='word_1_232' title='bbox 204 1925 402 1957; x_wconf 81' lang='lat' dir='ltr'>accusationi</span> <span class='ocrx_word' id='word_1_233' title='bbox 420 1925 587 1955; x_wconf 79' lang='lat' dir='ltr'>materiam</span> <span class='ocrx_word' id='word_1_234' title='bbox 605 1924 740 1954; x_wconf 73' lang='lat' dir='ltr'>dedisse.</span> <span class='ocrx_word' id='word_1_235' title='bbox 767 1923 873 1955; x_wconf 62' lang='grc' dir='ltr'>ΟΜΝ.</span> 
     </span>
    </p>

    <p class='ocr_par' dir='ltr' id='par_1_27' title="bbox 204 1966 885 2222">
     <span class='ocr_line' id='line_1_37' title="bbox 253 1966 884 2008; baseline -0.006 -9"><span class='ocrx_word' id='word_1_236' title='bbox 253 1979 263 1999; x_wconf 84' lang='grc' dir='ltr'><strong><em>ι</em></strong></span> <span class='ocrx_word' id='word_1_237' title='bbox 283 1970 429 2008; x_wconf 62' lang='lat' dir='ltr'>Fugerat</span> <span class='ocrx_word' id='word_1_238' title='bbox 446 1969 481 1998; x_wconf 86' lang='lat' dir='ltr'>in</span> <span class='ocrx_word' id='word_1_239' title='bbox 496 1968 702 2006; x_wconf 61' lang='lat' dir='ltr'>legationem]</span> <span class='ocrx_word' id='word_1_240' title='bbox 724 1966 884 2005; x_wconf 86' lang='lat' dir='ltr'>Legatum</span> 
     </span>
     <span class='ocr_line' id='line_1_38' title="bbox 204 2010 885 2049; baseline -0.007 -7"><span class='ocrx_word' id='word_1_241' title='bbox 204 2021 238 2042; x_wconf 78' lang='lat' dir='ltr'>se</span> <span class='ocrx_word' id='word_1_242' title='bbox 261 2022 280 2042; x_wconf 86' lang='lat' dir='ltr'>a</span> <span class='ocrx_word' id='word_1_243' title='bbox 303 2011 435 2042; x_wconf 86' lang='lat' dir='ltr'>consule</span> <span class='ocrx_word' id='word_1_244' title='bbox 454 2010 639 2049; x_wconf 83' lang='lat' dir='ltr'>eligendum</span> <span class='ocrx_word' id='word_1_245' title='bbox 656 2012 835 2045; x_wconf 70' lang='lat' dir='ltr'>curaverat,</span> <span class='ocrx_word' id='word_1_246' title='bbox 849 2012 885 2038; x_wconf 91' lang='lat' dir='ltr'>ut</span> 
     </span>
     <span class='ocr_line' id='line_1_39' title="bbox 204 2050 884 2094; baseline -0.007 -9"><span class='ocrx_word' id='word_1_247' title='bbox 204 2054 328 2094; x_wconf 82' lang='lat' dir='ltr'>fugeret</span> <span class='ocrx_word' id='word_1_248' title='bbox 346 2052 459 2093; x_wconf 85' lang='lat' dir='ltr'>populi</span> <span class='ocrx_word' id='word_1_249' title='bbox 476 2051 643 2082; x_wconf 84' lang='lat' dir='ltr'>iudicium.</span> <span class='ocrx_word' id='word_1_250' title='bbox 661 2052 767 2082; x_wconf 65' lang='grc' dir='ltr'>(ἷκεν.</span> <span class='ocrx_word' id='word_1_251' title='bbox 812 2050 884 2080; x_wconf 80' lang='lat' dir='ltr'>Nisi</span> 
     </span>
     <span class='ocr_line' id='line_1_40' title="bbox 205 2092 884 2136; baseline -0.007 -9"><span class='ocrx_word' id='word_1_252' title='bbox 205 2097 301 2127; x_wconf 79' lang='lat' dir='ltr'>malis</span> <span class='ocrx_word' id='word_1_253' title='bbox 315 2098 437 2136; x_wconf 74' lang='lat' dir='ltr'>sayere</span> <span class='ocrx_word' id='word_1_254' title='bbox 460 2096 496 2125; x_wconf 77' lang='lat' dir='ltr'>in</span> <span class='ocrx_word' id='word_1_255' title='bbox 519 2096 705 2134; x_wconf 52' lang='lat' dir='ltr'>lavationem</span> <span class='ocrx_word' id='word_1_256' title='bbox 726 2092 884 2129; x_wconf 76' lang='lat' dir='ltr'>similiter,</span> 
     </span>
     <span class='ocr_line' id='line_1_41' title="bbox 204 2136 883 2179; baseline -0.007 -9"><span class='ocrx_word' id='word_1_257' title='bbox 204 2145 303 2178; x_wconf 86' lang='lat' dir='ltr'>atque</span> <span class='ocrx_word' id='word_1_258' title='bbox 325 2140 448 2179; x_wconf 58' lang='lat' dir='ltr'>suffere</span> <span class='ocrx_word' id='word_1_259' title='bbox 478 2139 513 2168; x_wconf 79' lang='lat' dir='ltr'>in</span> <span class='ocrx_word' id='word_1_260' title='bbox 543 2138 758 2177; x_wconf 75' lang='lat' dir='ltr'>provinciam,</span> <span class='ocrx_word' id='word_1_261' title='bbox 788 2136 883 2166; x_wconf 84' lang='lat' dir='ltr'>inter-</span> 
     </span>
     <span class='ocr_line' id='line_1_42' title="bbox 205 2182 334 2222; baseline 0 -10"><span class='ocrx_word' id='word_1_262' title='bbox 205 2182 334 2222; x_wconf 81' lang='lat' dir='ltr'>pretari.</span> 
     </span>
    </p>

    <p class='ocr_par' dir='ltr' id='par_1_28' title="bbox 205 2221 884 2314">
     <span class='ocr_line' id='line_1_43' title="bbox 250 2221 884 2261; baseline -0.008 -5"><span class='ocrx_word' id='word_1_263' title='bbox 250 2235 266 2256; x_wconf 81' lang='lat'>2</span> <span class='ocrx_word' id='word_1_264' title='bbox 290 2226 444 2256; x_wconf 78' lang='lat' dir='ltr'>Lustrum</span> <span class='ocrx_word' id='word_1_265' title='bbox 469 2223 648 2261; x_wconf 81' lang='lat' dir='ltr'>conditum]</span> <span class='ocrx_word' id='word_1_266' title='bbox 689 2222 728 2253; x_wconf 81' lang='lat' dir='ltr'>cf.</span> <span class='ocrx_word' id='word_1_267' title='bbox 746 2222 840 2261; x_wconf 85' lang='lat' dir='ltr'>Supr.</span> <span class='ocrx_word' id='word_1_268' title='bbox 865 2221 884 2251; x_wconf 90' lang='lat' dir='ltr'>i.</span> 
     </span>
     <span class='ocr_line' id='line_1_44' title="bbox 205 2280 814 2314; baseline -0.008 -7"><span class='ocrx_word' id='word_1_269' title='bbox 205 2280 256 2307; x_wconf 82' lang='lat'>44·</span> <span class='ocrx_word' id='word_1_270' title='bbox 805 2306 814 2314; x_wconf 65' lang='lat'>.</span> 
     </span>
    </p>

    <p class='ocr_par' dir='ltr' id='par_1_29' title="bbox 204 2307 885 2606">
     <span class='ocr_line' id='line_1_45' title="bbox 249 2307 884 2350; baseline -0.009 -9"><span class='ocrx_word' id='word_1_271' title='bbox 249 2319 267 2350; x_wconf 83' lang='lat'>3</span> <span class='ocrx_word' id='word_1_272' title='bbox 290 2311 446 2341; x_wconf 77' lang='lat' dir='ltr'>Lustrum</span> <span class='ocrx_word' id='word_1_273' title='bbox 464 2309 750 2345; x_wconf 71' lang='lat' dir='ltr'>undevicesimum]</span> <span class='ocrx_word' id='word_1_274' title='bbox 785 2307 884 2337; x_wconf 61' lang='lat' dir='ltr'>hem-</span> 
     </span>
     <span class='ocr_line' id='line_1_46' title="bbox 204 2351 884 2394; baseline -0.009 -10"><span class='ocrx_word' id='word_1_275' title='bbox 204 2363 247 2394; x_wconf 84' lang='lat' dir='ltr'>pe</span> <span class='ocrx_word' id='word_1_276' title='bbox 262 2364 281 2384; x_wconf 82' lang='lat' dir='ltr'>a</span> <span class='ocrx_word' id='word_1_277' title='bbox 298 2353 410 2393; x_wconf 76' lang='lat' dir='ltr'>primis</span> <span class='ocrx_word' id='word_1_278' title='bbox 426 2351 620 2383; x_wconf 78' lang='lat' dir='ltr'>censoribus.</span> <span class='ocrx_word' id='word_1_279' title='bbox 657 2351 730 2381; x_wconf 80' lang='lat' dir='ltr'>lloc</span> <span class='ocrx_word' id='word_1_280' title='bbox 749 2351 884 2380; x_wconf 71' lang='lat' dir='ltr'>lustrum</span> 
     </span>
     <span class='ocr_line' id='line_1_47' title="bbox 204 2391 884 2432; baseline -0.01 -5"><span class='ocrx_word' id='word_1_281' title='bbox 204 2396 403 2427; x_wconf 80' lang='lat' dir='ltr'>tricesimum</span> <span class='ocrx_word' id='word_1_282' title='bbox 431 2400 478 2426; x_wconf 86' lang='lat' dir='ltr'>est</span> <span class='ocrx_word' id='word_1_283' title='bbox 506 2395 537 2425; x_wconf 90' lang='lat' dir='ltr'>in</span> <span class='ocrx_word' id='word_1_284' title='bbox 566 2394 656 2425; x_wconf 72' lang='lat' dir='ltr'>fastis</span> <span class='ocrx_word' id='word_1_285' title='bbox 678 2391 884 2432; x_wconf 74' lang='lat' dir='ltr'>Capitolinis,</span> 
     </span>
     <span class='ocr_line' id='line_1_48' title="bbox 204 2434 883 2479; baseline -0.009 -10"><span class='ocrx_word' id='word_1_286' title='bbox 204 2438 237 2469; x_wconf 93' lang='lat' dir='ltr'>in</span> <span class='ocrx_word' id='word_1_287' title='bbox 265 2439 382 2479; x_wconf 72' lang='lat' dir='ltr'>quihus</span> <span class='ocrx_word' id='word_1_288' title='bbox 413 2437 562 2469; x_wconf 86' lang='lat' dir='ltr'>nimirum</span> <span class='ocrx_word' id='word_1_289' title='bbox 595 2440 805 2467; x_wconf 77' lang='lat' dir='ltr'>numerantur</span> <span class='ocrx_word' id='word_1_290' title='bbox 831 2434 883 2464; x_wconf 88' lang='lat' dir='ltr'>de-</span> 
     </span>
     <span class='ocr_line' id='line_1_49' title="bbox 205 2480 882 2520; baseline -0.012 -7"><span class='ocrx_word' id='word_1_291' title='bbox 205 2492 276 2513; x_wconf 87' lang='lat' dir='ltr'>cern</span> <span class='ocrx_word' id='word_1_292' title='bbox 300 2483 399 2512; x_wconf 71' lang='lat' dir='ltr'>lustra</span> <span class='ocrx_word' id='word_1_293' title='bbox 417 2486 492 2512; x_wconf 85' lang='lat' dir='ltr'>ante</span> <span class='ocrx_word' id='word_1_294' title='bbox 514 2480 632 2520; x_wconf 71' lang='lat' dir='ltr'>primos</span> <span class='ocrx_word' id='word_1_295' title='bbox 649 2488 794 2510; x_wconf 68' lang='lat' dir='ltr'>censores</span> <span class='ocrx_word' id='word_1_296' title='bbox 810 2487 882 2506; x_wconf 86' lang='lat' dir='ltr'>con-</span> 
     </span>
     <span class='ocr_line' id='line_1_50' title="bbox 205 2519 885 2563; baseline -0.01 -8"><span class='ocrx_word' id='word_1_297' title='bbox 205 2524 283 2556; x_wconf 74' lang='lat' dir='ltr'>dita.</span> <span class='ocrx_word' id='word_1_298' title='bbox 331 2524 374 2555; x_wconf 81' lang='lat' dir='ltr'>Et</span> <span class='ocrx_word' id='word_1_299' title='bbox 398 2523 442 2554; x_wconf 76' lang='lat' dir='ltr'>nic</span> <span class='ocrx_word' id='word_1_300' title='bbox 464 2534 592 2563; x_wconf 82' lang='lat' dir='ltr'>quoque</span> <span class='ocrx_word' id='word_1_301' title='bbox 618 2522 727 2552; x_wconf 72' lang='lat' dir='ltr'>Livius</span> <span class='ocrx_word' id='word_1_302' title='bbox 750 2532 769 2550; x_wconf 77' lang='lat' dir='ltr'>a</span> <span class='ocrx_word' id='word_1_303' title='bbox 796 2519 885 2549; x_wconf 74' lang='lat' dir='ltr'>fastis</span> 
     </span>
     <span class='ocr_line' id='line_1_51' title="bbox 207 2566 706 2606; baseline -0.008 -8"><span class='ocrx_word' id='word_1_304' title='bbox 207 2578 271 2598; x_wconf 88' lang='lat' dir='ltr'>uno</span> <span class='ocrx_word' id='word_1_305' title='bbox 288 2568 388 2598; x_wconf 77' lang='lat' dir='ltr'>lustro</span> <span class='ocrx_word' id='word_1_306' title='bbox 404 2567 575 2606; x_wconf 72' lang='lat' dir='ltr'>discrepat.</span> <span class='ocrx_word' id='word_1_307' title='bbox 600 2566 706 2596; x_wconf 70' lang='lat' dir='ltr'>Canv.</span> 
     </span>
    </p>

    <p class='ocr_par' dir='ltr' id='par_1_30' title="bbox 250 2607 884 2649">
     <span class='ocr_line' id='line_1_52' title="bbox 250 2607 884 2649; baseline -0.013 -7"><span class='ocrx_word' id='word_1_308' title='bbox 250 2622 267 2649; x_wconf 83' lang='lat'>⁴</span> <span class='ocrx_word' id='word_1_309' title='bbox 285 2611 474 2649; x_wconf 78' lang='lat' dir='ltr'>I&#39;erstrata]</span> <span class='ocrx_word' id='word_1_310' title='bbox 500 2609 588 2640; x_wconf 78' lang='lat' dir='ltr'>Nota</span> <span class='ocrx_word' id='word_1_311' title='bbox 607 2607 797 2648; x_wconf 80' lang='lat' dir='ltr'>particulam</span> <span class='ocrx_word' id='word_1_312' title='bbox 814 2616 884 2645; x_wconf 74' lang='lat' dir='ltr'>per,</span> 
     </span>
    </p>
   </div>
   <div class='ocr_carea' id='block_1_27' title="bbox 929 1881 1611 2646">
    <p class='ocr_par' dir='ltr' id='par_1_31' title="bbox 929 1881 1611 2090">
     <span class='ocr_line' id='line_1_53' title="bbox 931 1881 1610 1920; baseline 0.004 -9"><span class='ocrx_word' id='word_1_313' title='bbox 931 1891 995 1920; x_wconf 84' lang='lat' dir='ltr'>qua</span> <span class='ocrx_word' id='word_1_314' title='bbox 1014 1881 1156 1912; x_wconf 82' lang='lat' dir='ltr'>indicare</span> <span class='ocrx_word' id='word_1_315' title='bbox 1173 1881 1275 1912; x_wconf 73' lang='lat' dir='ltr'>voluit</span> <span class='ocrx_word' id='word_1_316' title='bbox 1293 1882 1404 1912; x_wconf 76' lang='lat' dir='ltr'>Livius</span> <span class='ocrx_word' id='word_1_317' title='bbox 1425 1882 1509 1913; x_wconf 87' lang='lat' dir='ltr'>hanc</span> <span class='ocrx_word' id='word_1_318' title='bbox 1527 1883 1610 1914; x_wconf 75' lang='lat' dir='ltr'>viam</span> 
     </span>
     <span class='ocr_line' id='line_1_54' title="bbox 931 1923 1611 1963; baseline 0.004 -10"><span class='ocrx_word' id='word_1_319' title='bbox 931 1924 1021 1953; x_wconf 73' lang='lat' dir='ltr'>velut</span> <span class='ocrx_word' id='word_1_320' title='bbox 1047 1923 1179 1962; x_wconf 85' lang='lat' dir='ltr'>aliquod</span> <span class='ocrx_word' id='word_1_321' title='bbox 1207 1925 1486 1963; x_wconf 82' lang='lat' dir='ltr'>complementum</span> <span class='ocrx_word' id='word_1_322' title='bbox 1514 1926 1611 1957; x_wconf 76' lang='lat' dir='ltr'>fuisse</span> 
     </span>
     <span class='ocr_line' id='line_1_55' title="bbox 930 1966 1611 2007; baseline 0.004 -11"><span class='ocrx_word' id='word_1_323' title='bbox 930 1966 999 1996; x_wconf 85' lang='lat' dir='ltr'>eius</span> <span class='ocrx_word' id='word_1_324' title='bbox 1021 1966 1167 2003; x_wconf 82' lang='lat' dir='ltr'>semitae,</span> <span class='ocrx_word' id='word_1_325' title='bbox 1190 1977 1287 2005; x_wconf 87' lang='lat' dir='ltr'>quam</span> <span class='ocrx_word' id='word_1_326' title='bbox 1312 1977 1332 1996; x_wconf 90' lang='lat' dir='ltr'>a</span> <span class='ocrx_word' id='word_1_327' title='bbox 1359 1971 1450 2006; x_wconf 86' lang='lat' dir='ltr'>porta</span> <span class='ocrx_word' id='word_1_328' title='bbox 1474 1968 1611 2007; x_wconf 76' lang='lat' dir='ltr'>Capena</span> 
     </span>
     <span class='ocr_line' id='line_1_56' title="bbox 929 2009 1609 2050; baseline 0.004 -12"><span class='ocrx_word' id='word_1_329' title='bbox 929 2009 971 2038; x_wconf 84' lang='lat' dir='ltr'>ad</span> <span class='ocrx_word' id='word_1_330' title='bbox 988 2009 1104 2038; x_wconf 79' lang='lat' dir='ltr'>Martis</span> <span class='ocrx_word' id='word_1_331' title='bbox 1120 2013 1253 2039; x_wconf 82' lang='lat' dir='ltr'>stratam</span> <span class='ocrx_word' id='word_1_332' title='bbox 1270 2009 1367 2039; x_wconf 85' lang='lat' dir='ltr'>fuisse</span> <span class='ocrx_word' id='word_1_333' title='bbox 1383 2009 1504 2046; x_wconf 81' lang='lat' dir='ltr'>docuit,</span> <span class='ocrx_word' id='word_1_334' title='bbox 1522 2021 1609 2050; x_wconf 75' lang='lat' dir='ltr'>supr.</span> 
     </span>
     <span class='ocr_line' id='line_1_57' title="bbox 931 2052 1112 2090; baseline 0.006 -9"><span class='ocrx_word' id='word_1_335' title='bbox 931 2060 980 2090; x_wconf 76' lang='lat'>23-</span> <span class='ocrx_word' id='word_1_336' title='bbox 1005 2052 1112 2082; x_wconf 64' lang='lat' dir='ltr'>Ciucv.</span> 
     </span>
    </p>

    <p class='ocr_par' dir='ltr' id='par_1_32' title="bbox 929 2094 1608 2215">
     <span class='ocr_line' id='line_1_58' title="bbox 974 2094 1608 2133; baseline 0.003 -9"><span class='ocrx_word' id='word_1_337' title='bbox 974 2103 990 2133; x_wconf 84' lang='lat'>5</span> <span class='ocrx_word' id='word_1_338' title='bbox 1015 2095 1242 2132; x_wconf 77' lang='lat' dir='ltr'>Pestilentiae]</span> <span class='ocrx_word' id='word_1_339' title='bbox 1271 2096 1368 2130; x_wconf 73' lang='lat' dir='ltr'>Quae</span> <span class='ocrx_word' id='word_1_340' title='bbox 1391 2094 1454 2124; x_wconf 85' lang='lat' dir='ltr'>iam</span> <span class='ocrx_word' id='word_1_341' title='bbox 1477 2095 1608 2126; x_wconf 82' lang='lat' dir='ltr'>tertium</span> 
     </span>
     <span class='ocr_line' id='line_1_59' title="bbox 929 2137 1608 2176; baseline 0.004 -10"><span class='ocrx_word' id='word_1_342' title='bbox 929 2146 1051 2166; x_wconf 85' lang='lat' dir='ltr'>annum</span> <span class='ocrx_word' id='word_1_343' title='bbox 1075 2137 1248 2167; x_wconf 77' lang='lat' dir='ltr'>saeviebat.</span> <span class='ocrx_word' id='word_1_344' title='bbox 1280 2137 1319 2167; x_wconf 88' lang='lat' dir='ltr'>cf.</span> <span class='ocrx_word' id='word_1_345' title='bbox 1336 2147 1422 2176; x_wconf 82' lang='lat' dir='ltr'>supr.</span> <span class='ocrx_word' id='word_1_346' title='bbox 1442 2147 1491 2176; x_wconf 83' lang='lat'>31.</span> <span class='ocrx_word' id='word_1_347' title='bbox 1511 2139 1608 2169; x_wconf 75' lang='lat' dir='ltr'>trien-</span> 
     </span>
     <span class='ocr_line' id='line_1_60' title="bbox 931 2179 1448 2215; baseline 0.004 -7"><span class='ocrx_word' id='word_1_348' title='bbox 931 2179 984 2209; x_wconf 84' lang='lat' dir='ltr'>nio</span> <span class='ocrx_word' id='word_1_349' title='bbox 999 2180 1163 2215; x_wconf 74' lang='lat' dir='ltr'>contiuuo,</span> <span class='ocrx_word' id='word_1_350' title='bbox 1182 2179 1256 2210; x_wconf 83' lang='lat' dir='ltr'>Val.</span> <span class='ocrx_word' id='word_1_351' title='bbox 1275 2179 1365 2210; x_wconf 85' lang='lat' dir='ltr'>Max.</span> <span class='ocrx_word' id='word_1_352' title='bbox 1383 2179 1402 2210; x_wconf 90' lang='lat' dir='ltr'>i.</span> <span class='ocrx_word' id='word_1_353' title='bbox 1420 2180 1448 2210; x_wconf 85' lang='grc'>8.</span> 
     </span>
    </p>

    <p class='ocr_par' dir='ltr' id='par_1_33' title="bbox 931 2220 1610 2345">
     <span class='ocr_line' id='line_1_61' title="bbox 973 2220 1610 2262; baseline 0.005 -11"><span class='ocrx_word' id='word_1_354' title='bbox 973 2220 992 2251; x_wconf 88' lang='grc'>6</span> <span class='ocrx_word' id='word_1_355' title='bbox 1016 2223 1106 2252; x_wconf 80' lang='lat' dir='ltr'>Libri</span> <span class='ocrx_word' id='word_1_356' title='bbox 1123 2223 1220 2260; x_wconf 84' lang='lat' dir='ltr'>aditi]</span> <span class='ocrx_word' id='word_1_357' title='bbox 1259 2222 1423 2252; x_wconf 82' lang='lat' dir='ltr'>Nimirum</span> <span class='ocrx_word' id='word_1_358' title='bbox 1447 2222 1610 2262; x_wconf 73' lang='lat' dir='ltr'>Sibyllini,</span> 
     </span>
     <span class='ocr_line' id='line_1_62' title="bbox 931 2264 1608 2302; baseline 0.004 -9"><span class='ocrx_word' id='word_1_359' title='bbox 931 2264 983 2302; x_wconf 83' lang='lat' dir='ltr'>qui</span> <span class='ocrx_word' id='word_1_360' title='bbox 1009 2274 1097 2295; x_wconf 81' lang='lat' dir='ltr'>sacru</span> <span class='ocrx_word' id='word_1_361' title='bbox 1116 2274 1133 2294; x_wconf 87' lang='lat' dir='ltr'>e</span> <span class='ocrx_word' id='word_1_362' title='bbox 1156 2264 1294 2295; x_wconf 79' lang='lat' dir='ltr'>Graecia</span> <span class='ocrx_word' id='word_1_363' title='bbox 1317 2266 1507 2295; x_wconf 71' lang='lat' dir='ltr'>arcessenda</span> <span class='ocrx_word' id='word_1_364' title='bbox 1528 2276 1608 2296; x_wconf 76' lang='lat' dir='ltr'>sem—</span> 
     </span>
     <span class='ocr_line' id='line_1_63' title="bbox 932 2307 1188 2345; baseline 0.012 -10"><span class='ocrx_word' id='word_1_365' title='bbox 932 2317 988 2345; x_wconf 85' lang='lat' dir='ltr'>per</span> <span class='ocrx_word' id='word_1_366' title='bbox 1004 2307 1188 2338; x_wconf 83' lang='lat' dir='ltr'>monebant.</span> 
     </span>
    </p>

    <p class='ocr_par' dir='ltr' id='par_1_34' title="bbox 929 2351 1608 2646">
     <span class='ocr_line' id='line_1_64' title="bbox 977 2351 1608 2390; baseline 0.006 -12"><span class='ocrx_word' id='word_1_367' title='bbox 977 2358 992 2388; x_wconf 80' lang='lat'>7</span> <span class='ocrx_word' id='word_1_368' title='bbox 1021 2351 1249 2390; x_wconf 77' lang='lat' dir='ltr'>Aesculapium</span> <span class='ocrx_word' id='word_1_369' title='bbox 1274 2351 1313 2380; x_wconf 85' lang='lat' dir='ltr'>ab</span> <span class='ocrx_word' id='word_1_370' title='bbox 1339 2351 1528 2389; x_wconf 77' lang='lat' dir='ltr'>Epidauro]</span> <span class='ocrx_word' id='word_1_371' title='bbox 1569 2352 1608 2382; x_wconf 79' lang='lat' dir='ltr'>cs.</span> 
     </span>
     <span class='ocr_line' id='line_1_65' title="bbox 933 2391 1607 2432; baseline 0.003 -11"><span class='ocrx_word' id='word_1_372' title='bbox 933 2391 1019 2430; x_wconf 78' lang='lat' dir='ltr'>Epit.</span> <span class='ocrx_word' id='word_1_373' title='bbox 1035 2392 1153 2423; x_wconf 74' lang='lat' dir='ltr'>Liv.xi.</span> <span class='ocrx_word' id='word_1_374' title='bbox 1183 2392 1292 2430; x_wconf 74' lang='lat' dir='ltr'>Legati</span> <span class='ocrx_word' id='word_1_375' title='bbox 1305 2403 1390 2422; x_wconf 65' lang='lat' dir='ltr'>{inno</span> <span class='ocrx_word' id='word_1_376' title='bbox 1405 2394 1551 2432; x_wconf 79' lang='lat' dir='ltr'>proximo</span> <span class='ocrx_word' id='word_1_377' title='bbox 1562 2404 1607 2424; x_wconf 74' lang='lat' dir='ltr'>se-</span> 
     </span>
     <span class='ocr_line' id='line_1_66' title="bbox 929 2435 1606 2475; baseline 0.006 -12"><span class='ocrx_word' id='word_1_378' title='bbox 929 2439 1049 2473; x_wconf 85' lang='lat' dir='ltr'>quente</span> <span class='ocrx_word' id='word_1_379' title='bbox 1075 2435 1114 2465; x_wconf 71' lang='lat' dir='ltr'>«le</span> <span class='ocrx_word' id='word_1_380' title='bbox 1143 2435 1202 2465; x_wconf 79' lang='lat' dir='ltr'>liae</span> <span class='ocrx_word' id='word_1_381' title='bbox 1227 2445 1259 2465; x_wconf 91' lang='lat' dir='ltr'>re</span> <span class='ocrx_word' id='word_1_382' title='bbox 1284 2435 1369 2465; x_wconf 52' lang='lat' dir='ltr'>minii</span> <span class='ocrx_word' id='word_1_383' title='bbox 1395 2446 1533 2475; x_wconf 77' lang='lat' dir='ltr'>anguem</span> <span class='ocrx_word' id='word_1_384' title='bbox 1562 2446 1606 2467; x_wconf 86' lang='lat' dir='ltr'>re-</span> 
     </span>
     <span class='ocr_line' id='line_1_67' title="bbox 931 2478 1606 2517; baseline 0.004 -11"><span class='ocrx_word' id='word_1_385' title='bbox 931 2482 1115 2517; x_wconf 71' lang='lat' dir='ltr'>portavere:</span> <span class='ocrx_word' id='word_1_386' title='bbox 1143 2489 1245 2517; x_wconf 83' lang='lat' dir='ltr'>eoque</span> <span class='ocrx_word' id='word_1_387' title='bbox 1270 2478 1301 2507; x_wconf 90' lang='lat' dir='ltr'>in</span> <span class='ocrx_word' id='word_1_388' title='bbox 1327 2478 1465 2508; x_wconf 75' lang='lat' dir='ltr'>insulam</span> <span class='ocrx_word' id='word_1_389' title='bbox 1484 2479 1606 2509; x_wconf 84' lang='lat' dir='ltr'>Tiberi-</span> 
     </span>
     <span class='ocr_line' id='line_1_68' title="bbox 930 2520 1608 2561; baseline 0.004 -12"><span class='ocrx_word' id='word_1_390' title='bbox 930 2530 1002 2549; x_wconf 78' lang='lat' dir='ltr'>nam</span> <span class='ocrx_word' id='word_1_391' title='bbox 1040 2531 1176 2558; x_wconf 68' lang='lat' dir='ltr'>egresso,</span> <span class='ocrx_word' id='word_1_392' title='bbox 1205 2521 1302 2550; x_wconf 80' lang='lat' dir='ltr'>aedes</span> <span class='ocrx_word' id='word_1_393' title='bbox 1337 2520 1378 2550; x_wconf 74' lang='lat' dir='ltr'>ibi</span> <span class='ocrx_word' id='word_1_394' title='bbox 1412 2522 1608 2561; x_wconf 67' lang='lat' dir='ltr'>Aesculapio</span> 
     </span>
     <span class='ocr_line' id='line_1_69' title="bbox 929 2562 1606 2595; baseline 0.004 -3"><span class='ocrx_word' id='word_1_395' title='bbox 929 2562 1078 2592; x_wconf 78' lang='lat' dir='ltr'>dedicata</span> <span class='ocrx_word' id='word_1_396' title='bbox 1094 2567 1151 2594; x_wconf 69' lang='lat' dir='ltr'>cst.</span> <span class='ocrx_word' id='word_1_397' title='bbox 1183 2563 1222 2594; x_wconf 85' lang='lat' dir='ltr'>ef.</span> <span class='ocrx_word' id='word_1_398' title='bbox 1241 2563 1313 2594; x_wconf 76' lang='lat' dir='ltr'>val.</span> <span class='ocrx_word' id='word_1_399' title='bbox 1334 2563 1422 2594; x_wconf 76' lang='lat' dir='ltr'>Max.</span> <span class='ocrx_word' id='word_1_400' title='bbox 1440 2564 1458 2594; x_wconf 92' lang='lat' dir='ltr'>i.</span> <span class='ocrx_word' id='word_1_401' title='bbox 1473 2566 1501 2595; x_wconf 81' lang='lat'>8.</span> <span class='ocrx_word' id='word_1_402' title='bbox 1528 2567 1606 2595; x_wconf 83' lang='lat' dir='ltr'>oro-</span> 
     </span>
     <span class='ocr_line' id='line_1_70' title="bbox 929 2605 1564 2646; baseline 0.003 -11"><span class='ocrx_word' id='word_1_403' title='bbox 929 2605 994 2636; x_wconf 67' lang='lat' dir='ltr'>sius</span> <span class='ocrx_word' id='word_1_404' title='bbox 1010 2605 1052 2637; x_wconf 88' lang='lat' dir='ltr'>iii.</span> <span class='ocrx_word' id='word_1_405' title='bbox 1072 2615 1119 2637; x_wconf 79' lang='lat'>22.</span> <span class='ocrx_word' id='word_1_406' title='bbox 1146 2608 1206 2637; x_wconf 71' lang='lat' dir='ltr'>(jv,</span> <span class='ocrx_word' id='word_1_407' title='bbox 1226 2606 1304 2637; x_wconf 79' lang='lat' dir='ltr'>Met.</span> <span class='ocrx_word' id='word_1_408' title='bbox 1320 2616 1370 2637; x_wconf 79' lang='lat' dir='ltr'>xv.</span> <span class='ocrx_word' id='word_1_409' title='bbox 1385 2605 1564 2646; x_wconf 65' lang='lat'>622-—7⁴4.</span> 
     </span>
    </p>
   </div>
   <div class='ocr_carea' id='block_1_28' title="bbox 1698 483 1766 523">
    <p class='ocr_par' dir='ltr' id='par_1_35' title="bbox 1698 483 1766 523">
     <span class='ocr_line' id='line_1_71' title="bbox 1698 483 1766 523; baseline -0.015 0"><span class='ocrx_word' id='word_1_410' title='bbox 1698 483 1766 523; x_wconf 83' lang='lat'>47.</span> 
     </span>
    </p>
   </div>
   <div class='ocr_carea' id='block_1_29' title="bbox 1563 591 1780 635">
    <p class='ocr_par' dir='ltr' id='par_1_36' title="bbox 1563 591 1780 635">
     <span class='ocr_line' id='line_1_72' title="bbox 1563 591 1780 635; baseline 0.005 -2"><span class='ocrx_word' id='word_1_411' title='bbox 1563 591 1610 633; x_wconf 86' lang='lat' dir='ltr'>P.</span> <span class='ocrx_word' id='word_1_412' title='bbox 1629 604 1780 635; x_wconf 86' lang='lat' dir='ltr'>Lustrum</span> 
     </span>
    </p>
   </div>
  </div>
 </body>
</html>
