1934 3211
422 181 476 218 30
928 177 1076 219 ΤΙΤΙ
1117 177 1299 219 LIVII

423 272 611 324 ‘patrate
635 267 781 333 populi
803 268 983 317 Albani3
1016 268 1115 309 audi
1140 277 1199 317 tu,
1225 268 1405 324 populus
1426 268 1639 317 Albanus3
1672 278 1720 310 ut
1739 267 1811 309 illa

422 325 599 381 ‘palam,
633 341 780 382 prima,
816 335 1037 382 postrema,
1074 341 1127 367 ex
1160 325 1240 366 illis
1275 326 1425 367 tabulis
1461 341 1606 367 cerave
1638 325 1811 367 recitata

423 388 435 406 ‘
450 392 547 424 sunt
568 384 655 425 sine
678 383 775 425 dolo
796 384 917 433 malo,
947 383 1092 439 utique
1116 399 1165 424 ea
1188 383 1257 423 hic
1282 383 1407 424 hodie
1432 383 1658 424 rectissime
1686 382 1810 424 intel-

423 440 558 482 ‘lecta
584 450 693 491 sunt,
722 441 803 482 illis
830 441 990 497 legibus
1020 441 1199 497 populus
1228 440 1445 481 Romanus
1474 441 1587 497 prior
1618 456 1704 482 non
1736 440 1810 481 de-

423 504 434 521 ‘
449 498 573 540 ficiet.
625 499 669 540 Si
689 499 803 555 prior
823 499 981 540 defexit
1001 498 1169 554 publico
1190 497 1372 547 consilio,
1396 497 1492 539 dolo
1515 498 1648 547 malo;
1671 507 1718 539 tu
1737 497 1809 538 1110

423 556 532 605 ((116,
562 556 734 612 Iupiter,
767 556 969 612 populum
1000 556 1239 596 Romanum
1268 555 1325 596 sic
1353 555 1487 604 ferito,
1519 564 1566 596 ut
1593 570 1671 611 ego
1695 555 1809 596 hunc

423 619 622 669 ‘porcum
644 614 711 655 hic
740 614 864 655 hodie
891 614 1060 654 feriam·
1095 622 1296 669 tantoque
1327 613 1458 668 magis
1485 612 1618 661 ferito,
1652 620 1810 668 quanto

423 672 580 727 ‘magis
601 680 720 727 potes
748 671 974 736 pellesque.
980 672 989 688 ⁹
1048 670 1100 711 Id
1125 671 1197 711 ubi
1222 670 1342 719 dixit,
1368 685 1541 726 porcum
1569 685 1667 710 saxo
1696 669 1808 710 silice

422 729 633 784 percussit.
683 729 765 770 Sua
785 729 887 769 116111
908 729 1092 769 carmina
1113 728 1271 770 Albani
1294 743 1499 783 suumque
1521 726 1809 768 iusiurandum

274 793 341 832 25,
420 801 496 842 per
516 801 637 827 suum
659 786 904 827 dictatorem
920 801 1103 851 ‘suosque
1126 785 1358 827 sacerdotes
1379 793 1641 850 peregerunt.
1703 783 1810 825 Foe-

420 843 518 884 dere
540 844 636 892 icto,
655 844 879 899 trigemini,
898 844 1004 885 sicut
1024 859 1129 884 com
1132 852 1287 892 enerat,
1306 858 1419 884 arma
1434 843 1616 899 capiunt.
1663 841 1809 890 Quum

419 901 483 941 sui
512 910 709 956 utrosque
742 901 1072 950 adhortarentur,
1104 901 1227 942 ‘deos
1258 901 1423 956 patrios,
1452 900 1628 956 patriam
1659 915 1705 941 ac
1735 914 1810 956 pa-

419 966 570 1007 rentes,
607 958 810 1014 quicquid
848 959 1001 999 civium
1039 958 1167 1008 domi,
1199 958 1402 1014 quicquid
1435 958 1480 998 in
1517 957 1705 999 exercitu
1741 957 1806 1007 sit,

418 1015 585 1056 illorum
625 1025 726 1057 tunc
765 1031 890 1065 arma,
930 1016 1096 1057 1110111111
1136 1016 1289 1056 intueri
1330 1031 1499 1056 manus:
1513 1016 1522 1033 ³
1567 1015 1726 1057 feroces
1766 1024 1809 1056 et

418 1082 565 1129 suopte
593 1073 775 1129 ingenio,
801 1082 843 1114 et
868 1073 983 1129 pleni
1011 1073 1321 1114 adhortantium
1342 1073 1557 1122 vocibus,
1547 1088 1591 1113 m
1622 1072 1808 1114 medium

203 1142 396 1172 Certaminis
419 1131 528 1171 inter
562 1130 664 1171 duas
701 1131 808 1172 acies
845 1130 1090 1186 procedunt.
1156 1130 1446 1171 Consederant
1480 1131 1693 1186 utrimque
1731 1145 1808 1186 pro

203 1184 384 1224 descriptio.
418 1188 559 1229 castris
580 1188 664 1229 duo
681 1188 899 1253 exereitus,
917 1187 1093 1243 periculi
1113 1188 1243 1243 magis
1263 1188 1503 1243 praesentis,
1521 1203 1648 1244 quam
1669 1203 1806 1237 curae,

418 1254 637 1302 expertes:
681 1246 836 1302 quippe
873 1246 1096 1301 imperium
1132 1246 1343 1301 agebatur,
1380 1244 1425 1285 in
1460 1254 1546 1286 tam
1580 1260 1808 1301 paucorum

417 1303 569 1344 virtute
606 1312 731 1368 atque
769 1304 936 1344 fortuna
972 1303 1166 1359 positum.
1240 1302 1389 1358 Itaque
1425 1318 1524 1359 ergo
1559 1302 1686 1343 erecti
1720 1318 1840 1344 sus-2

417 1361 621 1417 pensique
650 1377 693 1401 10
718 1361 891 1401 minime
912 1370 1077 1417 gratum
1105 1360 1388 1416 spectaculum
1413 1361 1552 1401 animo
1579 1359 1808 1401 intendun-

418 1428 497 1459 tur.
567 1418 706 1459 Datur
735 1419 924 1474 signum:
963 1418 1205 1473 infestisque
1237 1418 1373 1468 armis,
1401 1418 1516 1459 velut
1548 1417 1669 1468 acies,
1699 1417 1808 1459 terni

417 1476 602 1525 iuvenes,
635 1491 881 1532 magnorum
912 1475 1173 1516 exercituum
1204 1475 1364 1516 animos
1394 1484 1599 1531 gerentes,
1633 1490 1808 1517 concur-

417 1542 538 1574 runt:
582 1549 661 1574 nec
696 1534 773 1583 his,
811 1549 889 1574 nec
920 1532 1000 1573 11115
1029 1532 1263 1589 perieulum
1294 1548 1438 1582 suum3
1481 1532 1697 1589 publicum
1729 1533 1808 1574 1111-

418 1591 581 1647 perium
603 1591 899 1647 servitiumque
922 1591 1162 1632 obversatur
1181 1590 1333 1639 animo,
1347 1590 1569 1646 futuraque
1587 1605 1636 1631 ea
1651 1590 1806 1632 deinde

417 1649 575 1705 patriae
597 1649 774 1699 fortuna,
794 1664 921 1705 quam
941 1649 1019 1704 ipsi
1040 1648 1244 1689 fecissent.
1309 1648 1371 1689 Ut
1392 1648 1526 1704 primo
1547 1648 1687 1689 statim
1708 1663 1808 1689 con-

418 1722 541 1747 cursu
569 1706 813 1763 increpuere
842 1721 966 1755 arma,
996 1705 1280 1762 micantesque
1308 1705 1459 1747 fulsere
1489 1705 1630 1761 gladii,
1661 1705 1810 1746 horror

418 1764 567 1820 ingens
588 1773 821 1821 spectantes
843 1763 1107 1820 ρ61511111σ11ε
1138 1772 1193 1814 61,
1219 1772 1368 1804 060110
1389 1763 1587 1804 inclinata
1610 1778 1697 1819 spe,
1723 1772 1808 1804 tor-

418 1824 546 1877 pebat
573 1838 653 1863 vox
684 1822 948 1878 spiritusque.
1012 1795 1227 1862 &miserus
1259 1821 1412 1862 deinde
1444 1821 1651 1871 manibus,
1675 1835 1807 1876 quum

419 1879 502 1920 iam
532 1895 618 1920 non
648 1888 785 1920 motus
816 1888 977 1920 tantum
1008 1894 1241 1934 corporum,
1273 1878 1528 1934 agitatioque
1561 1893 1713 1934 anceps
1744 1886 1807 1919 te-

417 1936 552 1977 lorum
573 1952 878 1992 armorumque,
910 1936 984 1977 sed
1003 1936 1175 1977 vulnera
1195 1951 1363 1992 quoque
1386 1945 1429 1977 et
1449 1935 1614 1992 sanguis
1644 1944 1807 1992 specta-

418 1994 512 2035 culo
548 2004 709 2044 essent3
752 1995 836 2036 duo
874 1994 1068 2044 Romani,
1106 2009 1230 2050 super
1264 1994 1391 2034 alium
1427 1993 1542 2043 alius,
1579 1993 1807 2034 vulneratis

418 2052 548 2093 tribus
570 2027 760 2102 Albariis,
784 2052 1040 2108 exspirantes
1061 2060 1318 2092 corruerunt.
1371 2051 1445 2093 Ad
1465 2065 1644 2107 quorum
1664 2065 1806 2092 casum

418 2125 550 2165 quum
586 2110 883 2151 conclamasset
916 2109 1070 2165 gaudio
1108 2108 1300 2150 Albanus
1336 2108 1554 2159 exercitus,
1593 2107 1807 2149 Romanas

417 2166 602 2232 legiones
638 2167 720 2208 iam
754 2182 846 2223 spes
877 2175 976 2216 tota,
1014 2166 1203 2208 nondum
1238 2176 1379 2207 tamen
1412 2181 1522 2216 cura,
1554 2166 1804 2216 deseruerat,

417 2225 630 2266 exanimes
660 2225 749 2266 vice
781 2225 917 2274 unius,
950 2240 1077 2280 quem
1108 2233 1189 2265 tres
1223 2223 1403 2266 Curiatii
1433 2224 1837 2265 circumsteterantss

417 2282 541 2324 Forte
563 2282 597 2323 is
618 2283 780 2338 integer
799 2282 891 2331 fuit,
914 2291 961 2323 ut
981 2282 1182 2323 universis
1203 2281 1313 2322 solus
1332 2296 1598 2337 nequaquam
1628 2295 1714 2337 par,
1746 2281 1805 2322 sic

417 2340 612 2381 adversus
652 2339 835 2396 singulos
874 2339 1003 2380 ferox.
1086 2338 1211 2395 Ergo,
1260 2347 1307 2380 ut
1346 2347 1582 2394 segregaret
1619 2353 1804 2394 pugnam

417 2412 574 2447 eorum,
611 2398 787 2453 capessit
821 2396 974 2453 fugam,
1011 2396 1069 2437 ita
1103 2409 1214 2437 ratus
1249 2404 1474 2445 secuturos,
1511 2403 1558 2437 ut
1593 2410 1803 2451 quemque

416 2455 588 2496 vulnere
624 2456 820 2496 affectum
851 2469 999 2510 corpus
1033 2453 1198 2495 sineret.
1266 2452 1356 2494 Iam
1392 2452 1653 2509 aliquantum
1678 2452 1805 2517 spatii

418 2527 471 2553 ex
492 2527 542 2553 eo
563 2512 667 2562 loco,
700 2512 772 2554 ubi
798 2521 1031 2568 pugnatum
1053 2520 1126 2561 est,
1160 2510 1387 2567 aufugerat,
1420 2525 1551 2566 quum
1581 2509 1805 2566 respiciens

418 2570 532 2611 videt
559 2570 720 2626 magnis
750 2569 975 2611 intervallis
1002 2577 1247 2633 sequentes:
1281 2583 1414 2609 unum
1443 2567 1556 2609 haud
1585 2567 1731 2624 procul
1752 2568 1804 2609 ab

419 2642 505 2668 sese
528 2629 680 2669 3116556.
743 2627 795 2668 In
825 2642 922 2668 eum
952 2641 1103 2682 magno
1134 2625 1294 2682 impetu
1313 2625 1448 2667 rediit.
1512 2624 1580 2675 Et,
1603 2624 1706 2666 dum
1726 2623 1806 2666 Al-

418 2684 551 2725 banus
581 2686 787 2726 exercitus
817 2661 1246 2733 106130131ῠο01131115,
1278 2683 1341 2724 uti
1371 2698 1494 2739 opem
1520 2682 1656 2724 ferant
1674 2682 1803 2732 fratri,

420 2740 502 2781 iam
521 2741 734 2793 Horatius,
751 2758 869 2784 caeso
886 2742 1004 2783 hoste
1020 2741 1163 2792 victor,
1181 2740 1407 2782 secundam
1423 2755 1607 2797 pugnam
1622 2739 1803 2796 petebat.

463 2855 480 2875 2
505 2847 620 2885 Itaque
635 2849 724 2886 eryo]
753 2848 906 2879 Similiter
927 2848 989 2878 hae
1008 2848 1090 2878 duae
1179 2856 1195 2886 3
1225 2848 1297 2878 Vico
1311 2847 1426 2884 unius]
1461 2847 1515 2877 Ita
1537 2846 1672 2884 codices,
1687 2846 1743 2876 sed
1757 2846 1803 2876 vi-

421 2889 553 2918 suculae
577 2889 750 2929 iunguntur
771 2891 852 2921 infra
874 2891 917 2922 iii.
935 2900 984 2930 31.
1001 2895 1033 2921 et
1048 2891 1090 2921 ix.
1135 2901 1197 2921 cem
1222 2900 1261 2919 ex
1285 2890 1444 2921 emendat.
1462 2889 1602 2921 Gronox.
1621 2889 1655 2919 in
1677 2891 1803 2919 textum

423 2931 1411 2970 31.C1<12v.1ecepitBekker.
