1934 3211
560 186 686 229 LIB.
719 185 821 227 VII.
872 185 1019 227 CAP.
1057 189 1121 227 11.
1446 189 1533 228 409

138 280 192 323 ad
229 279 467 337 propiorem
505 276 636 318 habili
673 289 873 332 pugnam.
935 274 1162 315 Armmum
1197 274 1533 331 adornatumque
1548 288 1593 321 U,
1610 289 1648 321 C.
1667 297 1739 329 394-

137 337 332 379 adversus
365 334 538 376 Gallum
570 332 719 375 stolide
755 332 926 381 laetum,
961 340 1004 373 et
1034 331 1256 387 (quoniam
1286 332 1332 372 id
1364 347 1534 388 quoque
1548 332 1588 363 A·
1611 332 1650 364 C·
1667 331 1740 372 358.

137 392 340 435 memoria
373 392 551 448 dignum
586 390 771 446 antiquis
805 389 940 430 visum
976 389 1059 444 est)
1094 388 1282 445 linguam
1322 389 1449 430 etiam
1483 390 1536 430 ab

136 450 259 491 irrisu
289 458 566 498 exserentem,
588 447 839 505 producunt.
905 446 1139 502 Recipiunt
1167 445 1268 487 inde
1299 460 1343 486 se
1373 445 1428 486 ad
1454 455 1538 487 sta-

110 508 324 549 1tionem:
359 516 403 548 et
433 506 518 547 duo
549 506 594 547 in
624 505 765 546 medio
795 504 955 554 armati,
987 503 1214 560 spectaculi
1245 503 1378 559 magis
1408 517 1538 553 more,

138 579 266 621 quam
294 563 386 620 lege
418 563 531 613 belli,
566 563 865 611 destituuntur,
895 576 1165 617 nequaquam
1196 561 1290 602 visu
1319 575 1367 602 ae
1398 561 1538 616 specie

137 622 453 664 aestimantibus
479 636 611 677 pares.
677 619 845 676 Corpus
865 618 984 660 alteri
1006 618 1297 674 magnitudine
1318 617 1536 669 eximium,

137 678 375 722 versicolori
396 687 509 719 veste
536 678 742 735 pictisque
764 686 806 718 et
834 691 936 718 auro
964 675 1132 718 caelatis
1153 675 1364 732 refulgens
1384 676 1534 716 armis:

138 736 279 778 media
307 737 352 777 in
383 736 514 777 altero
545 735 736 776 militaris
766 743 935 783 statura,
958 733 1208 789 modicaque
1236 733 1281 774 in
1308 733 1434 774 armis
1461 733 1539 774 ha-

138 794 292 836 bilibus
331 794 463 850 magis
503 808 631 849 quam
671 792 833 833 decoris
872 791 1052 847 speeies.
1107 790 1209 832 Non
1250 799 1409 840 cantus,
1450 805 1539 832 non

139 851 363 894 exsultatio
383 865 679 906 armorumque
701 849 871 905 agitatio
892 864 1011 898 vana,
1029 848 1103 889 sed
1122 858 1283 904 pectus,
1301 849 1539 889 animorum

138 909 310 965 iraeque
351 909 500 950 tacitae
540 908 728 965 plenum,
770 921 939 948 omnem
980 906 1177 947 ferociam
1227 906 1272 946 in
1313 906 1540 947 discrimen

139 966 279 1023 ipsum
319 966 558 1007 certaminis
597 965 826 1006 distulerat.
903 963 990 1005 Ubi
1025 964 1250 1005 constitere
1286 964 1397 1004 inter
1436 963 1540 1004 duas

141 1024 264 1074 acies,
281 1031 344 1066 tet
365 1024 475 1065 circa
494 1022 732 1065 mortalium
753 1022 904 1063 animis
924 1036 996 1077 spe
1019 1030 1220 1077 metuque
1241 1021 1539 1077 pendentibus,

144 1081 306 1131 Gallus,
323 1081 439 1122 velut
459 1080 590 1122 moles
610 1095 789 1137 superne
811 1079 1050 1128 imminens,
1068 1079 1254 1135 proiecto
1270 1079 1388 1120 laeva
1408 1087 1540 1128 scuto,

110 1139 186 1180 ‘zin
226 1138 490 1180 advenientis
530 1153 645 1180 arma
682 1137 811 1178 hostis
851 1151 1007 1178 vanum
1047 1136 1200 1177 caesim
1240 1151 1338 1178 cum
1378 1136 1541 1192 ingenti

110 1197 283 1244 asonitu
304 1211 448 1238 ensem
470 1195 635 1237 deiecit.
699 1194 930 1243 Romanus,
953 1209 1153 1235 mucrone
1179 1194 1384 1243 subrecto,
1408 1208 1541 1250 quum

110 1263 260 1300 4scuto
296 1263 461 1295 scutum
494 1253 627 1294 imum
659 1251 916 1309 perculisset,
951 1260 1123 1307 totoque
1160 1266 1332 1307 corpore
1369 1251 1543 1292 interior

141 1311 330 1368 periculo
369 1311 554 1352 vulneris
593 1310 739 1359 factus,
777 1309 1028 1350 insinuasset
1063 1323 1106 1349 se
1143 1309 1253 1350 inter
1287 1324 1439 1365 eorpus
1478 1324 1543 1350 ar-

112 1383 309 1425 5maque,
332 1383 417 1410 uno
446 1368 660 1424 alteroque
689 1366 868 1409 subinde
898 1367 984 1407 ictu
1005 1375 1193 1407 ventrem
1216 1375 1342 1422 atque
1368 1366 1545 1422 inguina

142 1427 294 1475 hausit,
335 1435 377 1467 et
412 1426 457 1467 in
497 1426 677 1482 spatium
718 1425 867 1480 ingens
906 1433 1100 1464 ruentem
1139 1424 1325 1479 porrexit
1363 1423 1540 1464 hostem.

143 1483 326 1526 Iacentis
346 1483 445 1525 inde
467 1498 629 1539 corpus,
652 1482 703 1523 ab
725 1481 839 1523 omni
865 1480 947 1522 alia
966 1481 1188 1522 vexatione
1215 1481 1433 1530 intactum,
1456 1496 1543 1522 uno

144 1551 293 1598 torque
315 1541 531 1598 spoliavit:
563 1555 690 1596 quem
712 1553 946 1596 respersum
969 1553 1114 1579 cruore
1136 1537 1244 1579 collo
1265 1537 1545 1579 circumdedit

142 1614 230 1641 suo.
294 1598 515 1640 Defixerat
543 1612 671 1654 pavor
697 1612 795 1637 cum
823 1595 1099 1637 admiratione
1124 1594 1280 1636 Gallos.
1345 1595 1544 1645 Romani,

143 1656 298 1698 alacres
323 1657 375 1697 ab
396 1656 574 1697 statione
597 1654 762 1695 obviam
790 1653 914 1694 militi
942 1668 1018 1694 suo
1046 1653 1265 1709 progressi,
1287 1653 1546 1708 gratulantes

111 1713 446 1769 6laudantesque
479 1712 533 1754 ad
565 1711 814 1753 dictatorem
846 1710 1096 1767 perducunt.
1160 1709 1278 1751 Inter
1310 1711 1545 1751 carminum

173 1786 273 1828 rope
314 1770 489 1812 modum
529 1769 746 1811 incondita
781 1768 989 1825 quaedam
1030 1767 1265 1809 militariter
1299 1767 1544 1817 ioculantes,

142 1786 351 1886 llorquati
379 1843 615 1884 cognomen
646 1827 865 1875 auditum3
898 1825 1155 1867 celebratum
1183 1825 1338 1866 deinde
1369 1826 1547 1881 posteris

144 1887 270 1929 etiam
299 1886 564 1941 familiaeque
593 1885 741 1926 honori
764 1884 856 1925 fuit.
920 1883 1116 1924 Dictator
1148 1898 1345 1924 coronam
1376 1898 1546 1924 auream

143 1944 308 1986 addidit
338 1944 512 1992 donum,
545 1943 744 1998 mirisque
775 1956 851 1998 pro
882 1941 1085 1982 concione
1117 1955 1209 1982 eam
1241 1956 1428 1997 pugnam
1458 1941 1546 1982 lau-

144 2001 268 2043 dibus
290 2001 397 2042 tulit.

208 2058 278 2107 Et,
307 2057 492 2105 hercule,
517 2057 622 2097 tanti
644 2071 694 2097 ea
715 2055 768 2096 ad
790 2055 972 2096 universi
1001 2054 1097 2094 belli
1120 2063 1319 2094 eventum
1341 2056 1546 2095 momenti
1634 2059 1697 2096 11.

147 2115 362 2157 dimicatio
383 2115 475 2162 fuit,
500 2123 545 2154 ut
569 2113 789 2154 Gallorum
811 2112 1020 2152 exercitus
1037 2111 1228 2166 proxima
1241 2120 1377 2159 nocte,
1393 2111 1546 2153 relictis
1561 2113 1650 2143 Galli
1669 2113 1700 2144 5¹¹

149 2183 210 2215 tre
227 2173 311 2213 ›ide
342 2171 497 2219 caetris,
532 2171 573 2210 in
606 2170 829 2210 Tiburtem
861 2183 1021 2223 agrum,
1054 2178 1179 2223 atque
1209 2167 1321 2216 inde,
1348 2168 1545 2210 societate
1559 2156 1765 2229 ffffiss'ssssms-

148 2189 248 2272 belli
279 2230 398 2277 facta,
431 2236 753 2283 commeatuque
786 2226 967 2281 benigne
1000 2226 1051 2266 ab
1083 2225 1332 2266 Tiburtibus
1363 2217 1646 2276 adiutuffieu‘nt.
1695 2218 1701 2228 ⁴

150 2303 249 2330 mox
271 2287 314 2328 in
339 2285 616 2342 Campaniam
640 2284 858 2326 transierit.
924 2283 986 2324 Ea
1006 2283 1085 2323 fuit
1106 2298 1242 2332 causa,
1260 2298 1335 2324 cur
1356 2284 1547 2339 proximo

198 2438 208 2459 1
235 2428 417 2467 Spectandi
434 2451 440 2457 .
456 2450 482 2457 ..
500 2426 600 2463 more]
631 2424 755 2455 Annuit
776 2424 825 2454 Li·
916 2435 933 2462 ⁴
959 2425 1099 2454 Interior
1128 2423 1288 2463 periculo]
1327 2422 1417 2455 lutra
1447 2422 1546 2453 ictum

153 2470 221 2501 vius
236 2471 276 2500 ml
294 2469 507 2509 gladiatorum
527 2478 658 2507 pugnus.
683 2469 789 2497 Cum.
871 2466 969 2503 gladii
995 2466 1013 2496 i.
1038 2478 1065 2497 v.
1095 2466 1239 2505 proprior
1266 2465 1361 2500 hosti,
1387 2475 1484 2504 quum
1513 2470 1548 2496 ut

196 2522 213 2543 2
239 2514 380 2550 Cuesim]
412 2511 518 2542 Gallia
541 2510 637 2548 gladii
664 2509 827 2550 prm-longi
872 2509 980 2547 gladio
1004 2509 1083 2543 cius,
1107 2509 1160 2547 qui
1191 2508 1382 2547 prat-lungun
1408 2513 1486 2543 emt,
1510 2519 1548 2538 nc

152 2559 255 2590 crunt,
275 2564 313 2584 ac
336 2554 404 2584 sinc
428 2553 653 2583 mucronibus:
679 2557 760 2582 tenu·
779 2552 827 2582 Li-
874 2552 990 2581 cucsim
1009 2556 1135 2581 tuntum
1155 2550 1300 2585 ferit-but,
1318 2555 1423 2590 posset
1440 2550 1549 2581 vulne-

155 2598 217 2633 vio,
234 2596 311 2627 xxii.
328 2595 378 2634 46.
428 2596 542 2635 ltaque
558 2595 675 2625 caesim
702 2599 827 2624 tantum
875 2594 944 2625 ruri.
970 2595 1076 2625 (Ῡκκν.

153 2639 246 2670 ferire
264 2643 411 2678 poterunt
427 2638 562 2668 hostem.
580 2640 686 2668 szv.
714 2637 753 2667 cs.
771 2638 828 2667 l'o-
919 2646 934 2675 5
964 2638 1106 2675 lnym'na
1134 2637 1260 2672 hausit]
1305 2634 1437 2665 poetica
1467 2634 1548 2666 hacc

155 2683 220 2729 l'vb.
237 2681 268 2711 ii.
287 2689 335 2720 30.
355 2689 405 2720 32,
420 2677 597 2719 καταφοράν
616 2679 702 2717 (χειν
723 2678 829 2716 μόνον,
875 2679 1005 2712 locutio,
1026 2688 1122 2718 «μιιιιιι
1151 2689 1189 2708 cx
1217 2678 1319 2708 verbis
1341 2677 1472 2709 Claudii
1494 2688 1548 2718 up.

155 2724 199 2755 iii.
222 2733 288 2761 114.
876 2722 913 2751 Λ.
931 2721 1018 2751 (lull.
1037 2720 1078 2751 ix.
1102 2729 1147 2758 13.
1166 2726 1271 2750 tumtur
1287 2720 1475 2760 ‹lt-sumpsit.

199 2775 216 2804 3
239 2769 345 2803 Quum
360 2769 449 2794 neum
463 2769 587 2794 neutum
605 2766 699 2793 imum
716 2775 828 2802 percu-
916 2762 936 2792 6
954 2765 1044 2793 luter
1055 2764 1253 2800 carminum}
1267 2763 1549 2794 Constructionem

154 2810 258 2846 linctl
288 2808 334 2838 Ut
351 2808 391 2838 «lc
410 2807 508 2844 gnulu
527 2806 650 2836 hostem
667 2806 829 2841 deiiceret,
876 2806 987 2835 luorum
1005 2807 1168 2835 wrborum
1188 2805 1393 2836 n·ctc‹1‹›cuit
1407 2806 1550 2836 Gronov.

155 2857 199 2886 et,
215 2850 382 2881 occasionn
398 2851 473 2880 ‹lntn
489 2859 527 2879 cx
550 2849 670 2878 incerto
687 2854 717 2878 vt
736 2848 829 2878 vncil-
879 2849 1029 2888 ‘sm-quati
1048 2859 1218 2887 mynmnen
1238 2849 1384 2878 mutilum
1403 2849 1488 2880 inter
1508 2850 1549 2878 io—

157 2894 236 2925 lnnti
253 2893 322 2924 eiu»
343 2898 444 2927 mutu,
459 2903 527 2921 scm·
545 2897 649 2931 poam-t
667 2891 749 2921 inter
765 2901 829 2921 vor·
875 2892 1020 2921 calantes
1051 2892 1235 2922 militariter
1262 2892 1424 2921 incondita
1455 2902 1550 2932 quae-

158 2947 217 2977 pun
232 2936 300 2968 cius
315 2945 467 2975 urinaque
484 2934 655 2966 insinuare.
681 2936 787 2966 cui-zv.
875 2934 947 2964 «tam
962 2944 1063 2974 prope
1078 2935 1257 2965 carminum
1275 2935 1410 2966 modum.
