1934 3211
218 974 387 1005 Lavinium

217 1018 373 1048 conditur.

216 1060 373 1091 Ascanius

216 1103 366 1135 nascitur.

293 1149 330 1186 2.

214 1542 404 1575 Mezentius.

213 1943 330 1976 Latini.

210 2423 339 2454 Aeneae

210 2474 302 2496 mors.

435 186 459 225 6
943 188 1089 230 ΤΙΤΙ
1130 188 1307 230 LIVII

435 275 759 318 Percunctatum
789 278 956 329 deinde,
988 280 1061 336 qui
1092 280 1283 321 mortales
1314 288 1462 329 essent,
1484 279 1610 328 unde,
1635 288 1706 319 aut
1727 293 1813 334 quo

436 348 534 374 casu
554 335 727 390 profecti
744 336 880 386 domo,
899 337 1052 392 quidve
1071 347 1316 394 quaerentes
1337 338 1381 378 in
1398 352 1542 394 agrum
1556 336 1812 377 Laurentem

436 391 639 442 exissent3
672 403 891 449 postquam
919 395 1108 445 audierit,
1135 395 1447 436 multitudinem
1476 394 1679 435 Troianos
1709 408 1810 442 esse,

435 449 585 490 ducem
608 451 796 500 Aenean,
818 452 950 493 filium
972 452 1183 494 Anchisae
1206 462 1246 494 et
1268 453 1457 502 Veneris,
1481 461 1660 493 cremata
1678 450 1814 507 patria

435 515 477 547 et
498 507 621 548 domo
637 509 831 565 profugos
847 510 988 551 sedem
1006 511 1332 566 condendaeque
1350 511 1441 551 urbi
1457 510 1595 551 locum
1611 522 1812 564 quaerere

435 572 477 604 et
506 565 765 607 nobilitatem
796 567 1044 608 admiratum
1073 569 1209 624 gentis
1239 569 1414 624 virique,
1449 577 1491 609 et
1525 567 1711 608 animum
1744 564 1812 606 vel

433 621 543 663 bello
563 623 628 664 vel
648 624 739 679 paci
760 635 961 680 paratum,
985 626 1131 667 dextra
1151 626 1247 667 data
1267 626 1394 667 fidem
1414 626 1575 666 futurae
1604 622 1811 664 amicitiae

434 680 627 721 sanxisse.
690 681 795 723 Inde
825 683 972 724 foedus
1002 684 1132 724 ictum
1163 684 1273 725 inter
1303 684 1442 732 duces,
1465 683 1574 723 inter
1604 680 1812 722 exercitus

434 736 724 780 salutationem
763 739 924 781 factam.
999 741 1175 782 Aenean
1217 741 1328 798 apud
1363 741 1562 782 Latinum
1601 738 1726 779 fuisse
1766 737 1812 778 in

433 794 634 850 hospitio:
667 796 725 838 ibi
746 797 946 838 Latinum
967 799 1079 854 apud
1098 808 1268 855 penates
1289 799 1387 840 deos
1408 796 1682 839 domesticum
1705 795 1812 851 pub-

432 851 513 893 lico
543 853 780 895 adiunxisse
810 855 969 905 foedus,
991 856 1076 897 filia
1099 857 1270 898 Aeneae
1295 857 1339 897 in
1367 853 1678 897 matrimonium
1699 854 1808 894 data.

435 908 498 949 Ea
518 925 582 951 res
603 911 747 966 utique
771 912 963 954 Troianis
994 929 1109 970 spem
1130 915 1305 955 affirmat
1331 914 1501 955 tandem
1522 911 1658 953 stabili
1679 919 1811 952 certa-

433 982 515 1022 que
537 968 634 1009 sede
656 969 831 1010 finiendi
853 971 1010 1012 erroris.
1075 971 1291 1028 Oppidum
1313 971 1510 1013 condunt.
1570 969 1738 1010 Aeneas
1758 968 1843 1012 ab4

432 1025 601 1066 nomine
633 1027 772 1068 uxoris
803 1027 1026 1069 Lavinium
1065 1029 1256 1085 appellat.
1333 1029 1457 1070 Brevi
1490 1027 1610 1083 stirps
1641 1041 1810 1082 quoque

431 1081 559 1123 virilis
591 1099 643 1124 ex
679 1099 785 1125 novo
818 1086 1081 1127 matrimonio
1112 1087 1214 1136 fuit3
1256 1087 1323 1128 cui
1355 1086 1584 1127 Ascanium
1618 1093 1812 1140 parentes

432 1138 575 1181 dixere
597 1156 763 1182 nomen.
817 1141 936 1183 Bello
958 1143 1111 1184 deinde
1134 1144 1387 1200 Aborigines
1408 1142 1665 1198 Troianique
1687 1140 1811 1182 simul

431 1197 563 1252 petiti.
626 1198 794 1240 Turnus
815 1214 889 1240 rex
908 1199 1175 1250 Rutulorum,
1199 1202 1267 1242 cui
1287 1210 1407 1257 pacta
1428 1200 1605 1241 Lavinia
1624 1208 1719 1240 ante
1737 1198 1811 1240 ad—

430 1264 602 1295 ventum
626 1256 796 1297 Aeneae
823 1257 969 1307 fuerat,
1003 1258 1232 1314 praelatum
1258 1259 1336 1300 sibi
1360 1258 1563 1299 advenam
1590 1271 1711 1312 aegre
1735 1272 1811 1313 pa-

432 1312 551 1362 tiens,
583 1313 705 1354 simul
726 1314 898 1356 Aeneae
928 1315 1164 1372 Latinoque
1193 1316 1349 1357 bellum
1376 1315 1584 1356 intulerat.
1645 1313 1811 1355 Neutra

431 1370 538 1411 acies
563 1370 672 1412 laeta
698 1387 750 1412 ex
778 1387 828 1412 eo
855 1373 1080 1414 certamine
1109 1374 1220 1415 abiit.
1283 1373 1397 1415 Victi
1424 1373 1598 1414 Rutuli:
1632 1371 1810 1413 victores

432 1428 683 1484 Aborigines
723 1429 979 1485 Troianique
1020 1430 1170 1472 ducem
1210 1431 1411 1472 Latinum
1452 1431 1636 1472 amisere.
1702 1428 1808 1471 Inde

432 1485 600 1526 Turnus
630 1486 875 1542 Rutulique,
907 1487 1029 1528 diffisi
1060 1489 1194 1538 rebus,
1227 1489 1279 1530 ad
1311 1489 1506 1530 fiorentes
1537 1488 1810 1529 Etruscorum

431 1558 530 1599 opes
547 1543 905 1600 Mezentiumque,
924 1560 1067 1586 eorum
1088 1561 1242 1601 regem,
1259 1546 1527 1602 confugiunt:
1552 1546 1638 1602 qui,
1659 1543 1807 1595 Caere,

430 1601 629 1657 opulento
658 1611 746 1642 tum
777 1603 943 1658 oppido,
976 1603 1229 1659 imperitans,
1261 1604 1343 1644 iam
1373 1603 1472 1644 inde
1504 1604 1554 1645 ab
1584 1602 1705 1644 initio
1730 1603 1810 1644 mi-

428 1659 540 1699 nime
572 1659 704 1700 laetus
724 1675 854 1701 novae
886 1660 1043 1716 origine
1074 1661 1199 1711 urbis,
1222 1673 1265 1702 et
1285 1670 1375 1702 tum
1394 1661 1525 1702 nimio
1553 1660 1658 1717 plus,
1680 1676 1807 1716 quam

428 1717 524 1757 satis
541 1725 676 1757 tutum
698 1726 804 1758 esset
826 1718 987 1768 accolis,
1006 1734 1093 1759 rem
1111 1718 1336 1760 Troianam
1352 1734 1534 1760 crescere
1552 1727 1675 1768 ratus,
1693 1719 1808 1760 haud

427 1774 627 1829 gravatim
649 1775 759 1816 socia
779 1790 891 1816 arma
909 1775 1078 1817 Rutulis
1098 1777 1246 1818 iunxit.
1290 1777 1470 1826 Aeneas,
1489 1776 1683 1817 adversus
1701 1777 1806 1818 tanti

428 1831 526 1872 belli
543 1841 741 1874 terrorem
758 1842 805 1873 ut
820 1834 979 1874 animos
997 1833 1276 1890 Aboriginum
1296 1834 1374 1875 sibi
1390 1833 1642 1884 conciliaret,
1659 1849 1712 1875 ne
1728 1835 1806 1876 sub

428 1889 576 1930 eodem
616 1891 704 1931 iure
745 1890 890 1940 solum,
939 1891 1012 1931 sed
1056 1891 1182 1932 etiam
1229 1892 1412 1941 nomine,
1463 1907 1606 1932 omnes
1652 1901 1803 1942 essent,

428 1946 601 1988 Latinos
622 1956 839 2003 utramque
860 1958 1029 2004 gentem
1057 1949 1290 2005 appellavit.
1354 1948 1447 1990 Nec
1475 1949 1628 1990 deinde
1650 1949 1806 1990 Abori-

425 2004 543 2060 gines
565 2005 756 2046 Troianis
783 2006 920 2047 studio
951 2021 997 2047 ac
1028 2007 1110 2047 fide
1142 2022 1239 2063 erga
1258 2022 1399 2063 regem
1422 2006 1599 2048 Aenean
1619 2021 1801 2049 cessere:

425 2062 636 2118 fretusque
662 2063 726 2104 his
756 2063 903 2104 animis
933 2063 1254 2105 coalescentium
1284 2064 1329 2105 in
1359 2064 1448 2105 dies
1475 2064 1604 2120 magis
1625 2064 1804 2106 duorum

425 2120 673 2176 populorum
704 2120 881 2170 Aeneas,
910 2137 1149 2177 quanquam
1182 2130 1298 2163 tanta
1326 2122 1473 2178 opibus
1504 2121 1672 2163 Etruria
1700 2131 1803 2172 erat,
1844 2147 1848 2150 ·

426 2186 472 2217 ut
492 2177 574 2220 iam
596 2194 680 2219 non
702 2188 829 2220 terras
849 2178 995 2228 solum,
1018 2179 1091 2220 sed
1111 2195 1222 2221 mare
1252 2180 1376 2220 etiam
1404 2194 1479 2235 per
1506 2187 1634 2220 totam
1655 2179 1801 2221 Italiae

426 2234 743 2291 longitudinem,
778 2237 828 2277 ab
865 2236 1044 2292 Alpibus
1079 2237 1132 2277 ad
1164 2237 1316 2278 fretum
1352 2236 1550 2286 Siculum,
1583 2237 1693 2278 fama
1726 2253 1803 2279 no-

425 2292 548 2333 minis
569 2293 632 2333 sui
653 2293 874 2349 implesset,
897 2303 1048 2343 tamen,
1067 2309 1197 2349 quum
1218 2294 1435 2336 moenibus
1455 2293 1610 2335 bellum
1631 2294 1802 2351 propul-

425 2365 512 2390 sare
553 2360 701 2406 posset,
743 2351 787 2391 in
827 2352 958 2392 aciem
999 2352 1137 2407 copias
1177 2351 1334 2392 eduxit.
1419 2350 1659 2392 Secundum
1699 2352 1798 2393 inde

424 2407 627 2462 proelium
642 2408 815 2458 Latinis,
833 2409 1004 2449 Aeneae
1021 2409 1146 2450 etiam
1164 2409 1356 2450 ultimum
1374 2423 1545 2464 operum
1562 2409 1799 2450 mortalium

422 2465 511 2506 fuit.
588 2465 700 2506 Situs
740 2474 812 2515 est,
850 2481 1142 2522 quemcunque
1184 2481 1280 2507 eum
1318 2466 1400 2507 dici
1436 2466 1499 2506 ius
1538 2465 1680 2522 fasque
1721 2475 1829 2517 est,5

423 2538 546 2579 super
567 2523 811 2564 Numicium
832 2523 999 2564 flumen.
1063 2523 1205 2565 Iovem
1226 2523 1456 2580 indigetem
1476 2522 1698 2580 appellant.

465 2695 482 2720 4
507 2685 667 2723 Oppidum
682 2708 689 2715 .
707 2709 713 2715 .
731 2708 737 2715 .
756 2708 763 2715 .
775 2686 964 2723 Lavinium]
992 2685 1087 2715 Forte
1131 2685 1225 2724 pione
1241 2689 1273 2715 et
1288 2686 1328 2716 de
1344 2686 1448 2716 Mario
1463 2686 1523 2717 hoc
1540 2688 1730 2718 vocabulum
1746 2697 1796 2718 oc-

422 2724 494 2755 hod.
512 2726 639 2756 Patrica
655 2737 677 2757 s.
693 2727 820 2757 Pratiea
835 2727 930 2757 situm
946 2738 988 2757 xx
1006 2728 1086 2758 mill.
1130 2728 1235 2758 currit.
1266 2730 1492 2769 Quemcunque
1503 2729 1646 2769 religiose
1656 2729 1794 2760 dictum:

421 2777 501 2805 pass
517 2777 536 2796 a
556 2767 671 2805 Roma,
690 2770 721 2799 in
738 2770 831 2805 colle,
848 2771 961 2800 Monte
977 2770 1008 2800 di
1027 2770 1084 2800 Le·
1129 2780 1232 2809 neque
1255 2771 1339 2800 enim
1362 2771 1503 2801 humano
1520 2773 1648 2803 Aeneae
1667 2772 1795 2802 nomine

419 2819 511 2845 vano,
528 2810 576 2838 vel
597 2811 648 2839 uhi
672 2821 756 2842 nunc
773 2813 803 2843 S.
823 2813 1024 2843 Petronellae
1040 2813 1083 2842 fa-
1128 2818 1201 2852 post
1214 2813 1402 2844 relationem
1414 2814 1496 2844 inter
1508 2814 1610 2844 Divos
1620 2814 1796 2854 appellare,

418 2861 493 2880 num
511 2855 566 2881 est.
592 2851 739 2883 Rumam.
1127 2866 1231 2895 neque
1254 2857 1360 2887 Deum
1385 2858 1482 2887 situm
1507 2857 1612 2887 dicere
1640 2856 1687 2887 fas
1716 2860 1793 2887 erat.

461 2903 477 2931 5
500 2895 588 2923 Situs
611 2895 672 2931 est]
704 2895 754 2925 De
779 2896 838 2926 hac
863 2897 1023 2927 locutione
1043 2898 1082 2928 cf.
1128 2898 1266 2929 Smorn.

417 2936 484 2966 Cic.
508 2936 547 2966 de
572 2935 666 2975 Lege.
691 2936 720 2966 ii.
748 2947 796 2974 22,
820 2939 872 2968 ubi
896 2943 928 2969 et
950 2940 990 2970 de
1017 2940 1081 2970 Sci-
