1934 3211
600 172 726 214 LIB.
762 171 813 213 V.
861 171 1008 213 CAP.
1047 175 1109 212 15.
1485 175 1566 212 305

162 262 263 317 quia
295 260 450 317 singuli
481 270 672 301 auctores
708 268 840 309 erant,
874 275 1023 316 parum
1059 259 1218 300 credita
1252 268 1490 315 spretaque,
1522 270 1565 301 et
1583 272 1625 303 U.
1643 273 1681 303 c.
1700 281 1771 311 357·

162 319 275 378 quia,
293 318 482 359 hostibus
505 316 706 367 Etruscis,
725 332 802 373 per
822 333 928 373 quos
949 333 999 358 ea
1019 324 1305 373 procurarent,
1323 316 1564 372 haruspices
1579 315 1618 345 A.
1643 316 1680 345 C.
1699 323 1771 355 595-

162 392 250 420 non
284 384 415 416 erant.
478 373 530 415 In
571 390 705 416 unum
737 375 928 416 omnium
964 390 1088 416 curae
1125 389 1266 415 versae
1301 382 1411 423 sunt,
1449 374 1564 430 quod
1578 383 1725 414 Albanus
1741 383 1784 413 la-

162 435 277 476 lacus
290 432 334 473 in
352 432 523 474 Albano
548 447 721 473 nemore
742 433 832 473 sine
849 431 944 473 ullis
966 431 1216 473 coelestibus
1238 431 1370 486 aquis,
1388 445 1563 472 causave
1578 425 1681 498 cug'in
1698 426 1770 472 ³¹5³·

163 506 248 548 qua
276 490 369 539 alia,
397 505 505 546 quae
534 505 623 531 rem
652 489 855 531 miraculo
884 490 1102 538 eximeret,
1132 489 1177 529 in
1205 488 1475 529 altitudinem
1500 488 1565 528 in—
1578 472 1783 541 gnglipfflnm-

132 549 328 594 5solitam
364 548 506 589 crevit.
573 547 794 595 Quidnam
835 562 886 588 eo
917 547 976 588 dii
1017 546 1320 602 portenderent
1356 545 1563 602 prodigio,
1580 553 1702 583 crescit.

163 606 278 648 missi
313 605 569 647 sciscitatum
602 613 787 646 oratores
821 604 875 646 ad
910 603 1170 660 Delphicum
1207 603 1447 645 oraculum:
1491 603 1565 644 sed
1579 597 1728 669 ffiuspex

132 663 334 721 6propior
364 663 571 719 interpres
597 662 692 703 fatis
721 662 885 704 oblatus
912 662 1051 703 senior
1079 661 1252 717 quidam
1282 660 1454 710 Veiens,
1477 661 1565 716 qui,
1628 647 1748 668 ruscus.

163 723 275 764 inter
294 720 536 762 cavillantes
557 721 601 761 in
622 720 871 762 stationibus
893 735 939 761 ac
961 719 1163 760 custodiis
1179 719 1335 760 milites
1353 718 1568 760 Romanos

165 779 462 834 Etruscosque,
484 778 751 819 vaticinantis
772 777 816 818 in
833 777 1007 819 modum
1029 776 1195 826 cecinit,
1215 782 1227 800 ⁶
1240 776 1493 832 Priusquam
1516 791 1570 817 ex

136 851 152 883 7
167 843 180 861 ‘
194 837 289 879 lacu
311 836 480 878 Albano
501 851 612 892 aqua
639 835 789 876 emissa
810 835 930 885 foret,
953 849 1174 890 nunquam
1194 834 1428 891 potiturum
1450 833 1569 874 Veiis

167 894 463 936 ‘Romanun1.’
526 892 656 942 Quod
686 892 836 949 primo,
868 892 984 934 velut
1015 901 1173 933 temere
1209 892 1380 941 iactum,
1412 891 1566 947 sperni,

167 952 314 1008 agitari
355 951 510 992 deinde
544 950 806 992 sermonibus
839 959 1038 1007 coeptum
1072 958 1160 998 est3
1204 949 1341 990 donec
1373 963 1483 989 unus
1514 963 1568 990 ex

167 1009 346 1051 statione
391 1008 585 1049 Romana
624 1017 922 1065 percunctatus
961 1008 1202 1064 proximum
1244 1006 1566 1062 oppidanorum,

168 1068 271 1123 (iarn
294 1081 370 1123 per
397 1065 750 1122 longinquitatem
772 1065 870 1106 belli
892 1065 1144 1106 commercio
1175 1079 1416 1106 sermonum
1437 1063 1569 1117 facto)

169 1125 362 1181 quisnam
386 1123 418 1164 is
440 1133 559 1172 esset,
583 1123 656 1179 qui
683 1138 759 1179 per
779 1123 974 1178 ambages
1002 1122 1054 1163 de
1077 1122 1170 1163 lacu
1193 1121 1362 1162 Albano
1384 1122 1569 1162 iaceret?

168 1192 391 1239 postquam
413 1181 573 1222 audivit
586 1180 850 1236 haruspicem
865 1195 967 1229 esse,
986 1180 1048 1221 vir
1068 1179 1182 1220 haud
1203 1179 1349 1220 intacti
1366 1178 1568 1235 religione

169 1239 313 1289 animi,
336 1248 527 1280 causatus
555 1238 607 1279 de
637 1238 786 1294 privati
809 1237 993 1294 portenti
1018 1237 1326 1293 procuratione,
1356 1237 1390 1276 si
1419 1251 1569 1292 operae

170 1297 231 1338 illi
272 1306 393 1346 esset,
428 1295 647 1337 consulere
689 1295 808 1344 velle,
846 1295 899 1336 ad
941 1294 1198 1350 colloquium
1240 1303 1379 1335 vatem
1412 1293 1568 1335 elicuit.

175 1355 407 1410 Quumque
443 1354 649 1410 progressi
681 1353 804 1394 ambo
835 1368 859 1394 a
889 1353 973 1393 suis
1009 1352 1174 1407 longius
1206 1360 1345 1392 essent
1376 1351 1571 1399 inermes,

172 1413 262 1454 sine
289 1411 375 1453 ullo
401 1421 539 1452 metu:
574 1410 818 1467 praevalens
846 1410 908 1450 iux
920 1410 1010 1451 enis
1042 1409 1259 1450 Romanus
1287 1423 1432 1449 senem
1457 1407 1574 1448 infir-

174 1485 303 1519 mum,
327 1469 369 1510 in
392 1478 621 1525 conspectu
642 1468 831 1509 omnium
860 1477 1039 1523 raptum,
1062 1467 1346 1522 nequicquam
1368 1464 1574 1506 tumultu-

173 1527 341 1568 antibus
364 1526 563 1575 Etruscis,
586 1525 639 1566 ad
661 1540 756 1566 suos
785 1524 1007 1565 transtulit.
1074 1523 1163 1571 Qui
1184 1538 1317 1579 quum
1344 1522 1574 1579 perductus

174 1585 228 1626 ad
264 1585 571 1641 imperatorem,
604 1582 703 1623 inde
742 1582 924 1623 Romam
955 1581 1009 1622 ad
1041 1589 1235 1622 senatum
1267 1581 1416 1621 missus
1451 1589 1572 1629 esset,

173 1642 479 1684 sciscitantibus
501 1640 703 1696 quidnam
727 1639 771 1680 id
792 1649 912 1689 esset,
931 1638 1046 1695 quod
1067 1638 1120 1680 dc
1144 1638 1239 1680 lacu
1262 1637 1430 1679 Albano
1444 1637 1575 1679 docu-

174 1700 285 1749 isset,
311 1698 549 1755 respondit:
587 1697 807 1739 ‘Profecto
835 1697 960 1738 iratos
985 1696 1087 1738 deos
1118 1695 1291 1737 Veienti
1318 1695 1476 1752 populo
1505 1694 1577 1736 illo
1591 1708 1671 1739 Eius
1683 1718 1729 1739 re-

176 1757 326 1798 ‘fuisse
348 1756 429 1805 die,
485 1771 538 1797 uo
562 1755 639 1797 sibi
665 1770 758 1797 eam
787 1763 973 1796 mentem
999 1754 1263 1803 obiecissent,
1286 1765 1333 1795 ut
1361 1753 1577 1794 excidium
1589 1761 1743 1792 sponsum
1756 1750 1797 1780 de

145 1820 189 1852 8‘
205 1815 362 1872 patriae
383 1814 467 1855 fata
485 1828 507 1855 e
530 1813 738 1869 proderet.
793 1811 957 1869 Itaque,
976 1827 1084 1868 quae
1108 1821 1197 1853 tum
1220 1811 1421 1853 cecinerit
1434 1811 1578 1852 divino
1591 1795 1665 1868 {¹³5⁸
1681 1794 1779 1825 Alba-

179 1877 190 1896 ‘
205 1872 355 1929 spiritu
372 1871 608 1920 instinctus,
626 1886 675 1912 ea
692 1886 734 1912 se
757 1885 850 1919 nec,
874 1880 921 1912 ut
937 1870 1096 1911 indicta
1113 1869 1210 1919 sint,
1225 1884 1419 1911 revocare
1437 1883 1576 1925 posse:
1636 1862 1642 1868 '

180 1936 250 1972 ‘et
283 1929 462 1971 tacendo
493 1928 679 1978 forsitan,
712 1943 821 1984 quae
853 1927 912 1968 dii
947 1927 1203 1969 immortales
1238 1926 1401 1983 vulgari
1433 1925 1579 1975 velint,

180 1987 322 2029 ‘haud
350 1987 502 2034 minus,
525 2001 653 2041 quam
681 1985 857 2026 celanda
885 1984 1066 2033 effando,
1096 1984 1212 2025 nefas
1244 1984 1447 2025 contrahi.
1513 1983 1583 2024 Sic

181 2052 191 2068 ‘'
210 2045 336 2100 igitur
364 2043 478 2085 libris
498 2042 705 2092 fatalibus,
727 2042 786 2083 sic
807 2042 911 2082 disci
944 2041 1030 2082 lina
1059 2041 1236 2082 Etrusca
1257 2041 1456 2082 traditum
1479 2055 1581 2088 esse,

149 2108 193 2152 9‘
211 2111 257 2142 ut
278 2100 449 2157 quando
470 2115 580 2155 aqua
603 2099 769 2140 Albana
785 2099 897 2139 abun
930 2106 1050 2146 asset,
1066 2107 1169 2146 tum,
1192 2098 1224 2138 si
1247 2113 1339 2138 eam
1365 2097 1583 2138 Romanus

184 2159 285 2199 ‘rite
322 2157 538 2205 emisisset,
571 2156 787 2197 victoriam
821 2155 874 2195 ‹lc
909 2155 1163 2197 Veientibus
1198 2154 1310 2195 dari:
1355 2164 1582 2209 antequam

229 2333 246 2363 5
271 2324 397 2361 Frevit]
428 2323 549 2354 Lacum
569 2322 599 2352 in
616 2332 707 2361 agros
723 2322 862 2352 effusum

186 2377 254 2398 esse
282 2370 389 2396 narrat
415 2365 512 2396 Dion.
539 2364 620 2395 Exc.
648 2365 723 2394 Vnt.
753 2364 805 2394 xii.
834 2374 863 2404 9.

187 2408 288 2439 Haud
308 2408 405 2438 dubie
429 2413 532 2437 terrae
553 2412 655 2442 motu,
674 2407 721 2437 rel
741 2406 866 2444 ignibus

188 2451 292 2482 caecis
321 2450 451 2481 insolita
484 2450 528 2479 vis
557 2460 661 2488 aquae
693 2450 724 2479 in
758 2450 862 2478 lucum

191 2493 273 2524 iiam
290 2493 348 2523 sibi
366 2493 494 2523 fecerat.

232 2534 252 2564 6
276 2536 427 2573 Oblatas]
464 2535 582 2565 Vutcm
613 2539 760 2564 coactum
788 2533 864 2563 ruti-

191 2577 274 2607 cinia
285 2577 437 2607 adversus
451 2577 584 2616 patriam
598 2587 688 2606 suam
703 2576 866 2609 cecinisse.

193 2619 313 2649 maiore
331 2619 393 2648 veri
410 2619 622 2649 similitudine
644 2624 750 2648 narrat
770 2618 865 2648 Dion.

195 2662 274 2692 Exc.
297 2661 370 2691 Vnt.
388 2661 440 2690 xii.
464 2670 508 2692 ιο.

240 2713 255 2742 7
279 2706 375 2743 Aqua
391 2705 522 2743 cutiae]
556 2706 682 2742 Aquam
709 2703 869 2732 Albanam

195 2756 258 2777 non
290 2751 355 2776 tam
388 2745 542 2776 Veiorum
575 2755 671 2775 causa
701 2754 797 2783 quum
829 2744 870 2774 nd

195 2788 368 2820 utilitatem
399 2787 464 2826 agri
495 2786 667 2818 suburbani
695 2786 791 2816 fuisse
817 2786 870 2816 dc-

196 2832 327 2863 ductam
352 2830 461 2860 mibit
481 2829 550 2861 Cic.
573 2830 613 2859 dc
640 2828 748 2859 Divin.
772 2827 803 2858 ii.
823 2837 870 2859 υ.

197 2875 218 2890 “
232 2873 418 2904 Mirandum
435 2883 528 2912 pom»
539 2871 636 2903 huius
646 2871 804 2903 emmor-io·
818 2871 871 2900 ΑΙ-

198 2916 272 2947 bani
300 2926 393 2954 opus,
420 2925 496 2945 naxo
523 2914 692 2944 ‹imminu›
721 2923 871 2952 passuum

260 2971 356 2999 VUL.
383 2971 407 2997 Ι.

909 2320 998 2351 mille
1022 2326 1052 2350 et
1078 2320 1324 2360 quingentorum
1351 2319 1522 2359 perforato,
1543 2319 1583 2350 ad

910 2368 1048 2393 nostram
1068 2373 1168 2402 usque
1188 2367 1327 2392 aetatem
1353 2362 1415 2392 iam
1441 2361 1515 2392 inde
1540 2362 1583 2391 in-

909 2406 1037 2435 colume
1066 2405 1194 2439 mansit,
1218 2415 1258 2434 ex
1286 2414 1389 2443 eoque
1417 2405 1506 2434 lacus
1531 2405 1583 2434 Al-

910 2448 983 2478 buni
1000 2458 1083 2487 :iqua
1105 2447 1212 2477 adhuc
1229 2447 1365 2477 effluit.‘'
1413 2448 1450 2477 A.
1472 2447 1585 2477 Mur,

909 2491 949 2520 ad
974 2490 1069 2520 Dion.
1090 2490 1169 2520 Exc.
1190 2490 1263 2519 Vnt.
1296 2489 1335 2519 cf.
1357 2489 1584 2519 Wuchsmuth.

912 2543 941 2571 p.
960 2535 1032 2570 418.

955 2576 974 2603 8
998 2576 1130 2612 Fatale]
1154 2575 1269 2605 Fatale
1284 2578 1331 2604 est
1345 2573 1501 2613 quidquid
1520 2583 1586 2613 pcr-

912 2617 992 2647 tinct
1017 2617 1058 2647 nd
1082 2617 1156 2646 satu.
1211 2617 1326 2655 Itaque
1352 2615 1403 2645 hic
1429 2617 1587 2646 excidium

904 2660 1013 2698 fatale
1038 2664 1083 2689 est
1112 2658 1276 2689 excidium
1309 2657 1382 2688 fatis
1411 2658 1588 2689 decretum.

918 2701 1034 2732 Paullo
1046 2701 1126 2731 infr-n
1139 2701 1343 2739 librisatales
1355 2704 1429 2731 sunt
1441 2699 1511 2731 libri
1522 2700 1589 2740 qui-

915 2744 974 2773 bus
990 2743 1054 2773 suta
1071 2743 1285 2773 continentur.
1309 2743 1416 2773 Ciu-zv.

958 2795 978 2857 p
1006 2786 1048 2816 Ut
1070 2785 1215 2825 quando]
1253 2784 1403 2815 Delenda
1425 2789 1473 2816 est
1498 2785 1591 2825 purti-

918 2838 956 2858 cu
972 2839 990 2857 a
1012 2832 1060 2863 ηΙ,
1076 2838 1158 2866 quiu-
1178 2827 1323 2857 vitiosam
1346 2827 1498 2858 orationis
1514 2832 1592 2858 stru-

919 2876 1041 2899 cturum
1061 2869 1145 2900 fucit.
1170 2870 1276 2900 (Yam.

1338 2969 1363 2994 Χ
