1934 3211
535 187 662 230 LIB.
692 186 792 229 VH.
838 186 986 229 CAP.
1026 192 1089 230 14.
1423 194 1507 234 413

113 284 218 321 ‘nos
247 277 300 319 de
331 286 415 327 tua,
436 276 575 318 verius
604 285 678 318 est.
743 275 820 318 Sin
849 283 992 318 autem
1023 291 1110 318 non
1140 284 1262 318 tuum
1292 279 1412 330 istuc,
1435 279 1508 321 sed
1524 290 1569 323 U.
1586 289 1625 322 C.
1643 297 1716 332 397·

113 341 127 360 ‘
141 335 356 392 publicum
376 341 439 374 est
459 333 695 384 consilium,
717 342 760 376 et
784 348 1013 375 consensus
1037 333 1189 389 aliquis
1211 334 1398 385 Patrum,
1421 351 1509 378 non
1523 334 1564 366 Α·
1588 332 1627 365 C·
1644 341 1717 373 355-

112 397 126 416 ‘
143 391 355 434 Gallicum
384 389 556 440 bellum,
578 406 656 432 nos
685 391 737 432 ab
768 391 884 440 urbe,
907 405 932 431 a
960 391 1184 447 penatibus
1214 391 1366 432 nostris
1397 393 1511 434 able-

113 453 256 504 ‘gatos
286 455 428 489 tenet:
463 463 632 503 quaeso,
662 456 710 489 ut
740 463 802 498 ea,
825 463 933 503 quae
961 447 1113 498 dicam,
1136 463 1223 489 non
1253 463 1279 489 a
1307 448 1511 491 militibus

113 505 381 561 ‘imperatori
417 504 531 546 dicta
565 520 747 555 censeas,
783 505 858 546 sed
898 520 923 546 a
956 504 1080 561 plebe
1117 505 1340 555 Patribus3
1389 521 1511 562 quae,

113 567 125 586 ‘
139 562 248 604 sicut
277 576 350 603 vos
380 570 517 603 vestra
549 562 739 604 habeatis
771 562 958 612 consilia,
993 562 1051 604 sic
1084 578 1127 604 se
1164 577 1240 604 sua
1274 563 1513 605 habituram

113 619 264 661 ‘dicat
329 618 439 668 Quis
474 619 646 661 tandem
681 628 938 669 succenseat,
975 619 1130 661 milites
1169 635 1247 662 nos
1287 635 1390 670 esse,
1425 635 1514 662 non

113 682 280 720 ‘servos
307 677 500 718 vestros?
545 677 599 718 ad
630 677 801 727 bellum,
830 692 918 719 non
948 677 993 718 in
1024 677 1231 728 exsilium,
1259 679 1438 720 missos?
1479 678 1514 719 si

113 739 127 759 ‘
171 734 236 776 uis
267 733 340 776 det
372 734 553 791 signum,
582 735 628 775 in
661 734 795 776 aciem
827 734 992 785 educat,
1021 744 1069 776 ut
1100 735 1199 777 viris
1230 750 1279 777 ac
1309 735 1514 777 Romanis

112 797 126 816 ‘
173 792 182 800 ”
246 807 319 833 um
351 791 417 842 sit,
450 792 743 848 pugnaturos?
774 792 808 832 si
840 792 949 833 nihil
984 792 1110 833 armis
1142 808 1167 834 o
1199 807 1248 834 us
1279 792 1345 842 sit,
1379 793 1514 834 otium

113 854 126 874 ‘
142 849 306 891 Romae
326 849 479 906 potius,
502 864 630 905 quam
651 849 697 890 in
718 849 873 899 castris,
896 850 1094 891 acturos?
1203 865 1275 891 aee
1297 849 1411 891 dicta
1430 850 1516 891 sint

114 912 127 932 ‘
141 906 349 949 Patribus.
412 907 490 957 Te,
526 907 766 963 imperator,
803 906 957 948 milites
998 907 1060 948 tui
1096 922 1274 957 oramus,
1311 916 1359 948 ut
1393 906 1516 948 nobis

115 970 128 989 ‘
142 964 362 1021 pugnandi
382 964 546 1020 copiam
566 964 702 1006 facias.
769 963 916 1013 Quum
936 964 1105 1006 vincere
1127 965 1332 1021 cupimus,
1357 973 1447 1006 tum
1473 973 1514 1006 te

116 1027 128 1046 ‘
143 1021 252 1064 duce
273 1022 468 1071 vincere3
502 1022 578 1063 tibi
605 1021 791 1064 lauream
817 1022 1028 1078 insignem
1049 1022 1240 1071 deferre3
1274 1032 1415 1063 tecum
1444 1021 1516 1063 tri-

116 1085 128 1104 ‘
145 1079 397 1136 umphantes
431 1079 579 1120 urbem
613 1079 747 1129 inire3
792 1088 914 1120 tuum
948 1089 1174 1136 sequentes
1204 1094 1373 1121 currum
1404 1078 1516 1120 Iovis

116 1137 292 1194 ‘optimi
341 1137 515 1178 maximi
566 1136 771 1193 templum
816 1146 1028 1193 gratantes
1073 1146 1329 1193 ovantesque
1375 1136 1516 1178 adire.'

117 1193 367 1237 Orationem
417 1194 549 1235 Tullii
599 1204 859 1251 exceperunt
908 1209 1052 1251 preces
1101 1194 1411 1244 multitudinis;
1473 1202 1517 1235 et

114 1251 318 1308 undique,
356 1261 403 1293 ut
438 1252 605 1309 signum
639 1251 770 1302 daret,
805 1262 852 1293 ut
887 1267 1034 1308 capere
1071 1267 1186 1293 arma
1220 1252 1397 1302 iuberet,
1431 1251 1518 1293 cla-

115 1310 298 1352 mabant.
361 1309 568 1359 Dictator,
597 1324 841 1366 quanquam
871 1324 959 1351 rem
990 1309 1145 1351 bonam
1176 1309 1371 1366 exemplo
1402 1309 1517 1350 haud
1598 1307 1663 1346 14·

115 1367 319 1424 probabili
352 1376 487 1408 actam
527 1368 738 1417 cernebat,
776 1376 917 1408 tamen
953 1367 1172 1417 facturum,
1212 1367 1328 1423 quod
1364 1366 1518 1408 milites

115 1424 284 1475 vellent,
307 1440 349 1466 se
372 1425 556 1481 recepit3
590 1425 866 1481 Tulliumque
893 1434 1066 1475 secreto,
1090 1439 1297 1480 quaenam
1324 1424 1428 1465 haec
1453 1439 1519 1465 res

115 1482 182 1532 sit,
205 1491 278 1524 aut
305 1498 390 1538 quo
419 1492 511 1524 aeta
541 1497 669 1532 more,
692 1491 1002 1538 percunctatur.
1065 1481 1232 1523 Tullius
1262 1495 1518 1537 magnopere

115 1555 140 1582 a
159 1540 363 1582 dictatore
388 1548 545 1596 petere,
579 1545 591 1564 ‘
606 1554 659 1580 ne
688 1554 730 1581 se
759 1539 937 1581 oblitum
962 1539 1063 1580 disci
1098 1538 1208 1580 linae
1237 1538 1440 1587 militaris,
1462 1553 1517 1579 ne

118 1597 225 1648 ‘sui,
257 1613 362 1639 neve
394 1597 684 1653 imperatoriae
718 1597 957 1647 maiestatis,
989 1554 1205 1638 eregeret:
1254 1595 1519 1636 multitudini

84 1650 390 1705 ⁴‘concitatae,
413 1670 520 1710 quae
551 1654 680 1696 ferme
711 1654 951 1695 auctoribus
980 1653 1126 1694 similis
1156 1661 1277 1702 esset,
1303 1668 1390 1694 non
1421 1653 1520 1693 sub-

84 1726 103 1758 5
118 1718 130 1736 ‘
145 1713 317 1754 traxisse
339 1727 382 1754 se
403 1712 554 1754 ducem
572 1728 583 1761 3
617 1726 670 1753 ne
692 1711 788 1767 quis
808 1711 926 1761 alius,
948 1710 1094 1767 quales
1114 1719 1229 1752 mota
1249 1725 1389 1752 creare
1411 1709 1519 1751 mul-

117 1769 282 1812 ‘titudo
322 1769 485 1820 soleret,
527 1769 757 1811 exsisteret.
836 1768 950 1810 Nam
989 1783 1032 1810 se
1069 1768 1244 1824 quidem
1285 1767 1392 1808 nihil
1432 1782 1520 1808 non

116 1833 130 1852 ‘
143 1827 314 1870 arbitrio
334 1828 595 1884 imperatoris
616 1837 834 1868 acturum:
860 1826 920 1867 illi
936 1841 1106 1882 quoque
1129 1835 1270 1867 tamen
1286 1824 1519 1866 videndum

117 1891 129 1909 ‘
144 1900 399 1942 magnopere
420 1900 522 1934 esse,
545 1894 592 1926 ut
612 1885 846 1926 exercitum
874 1884 918 1925 in
944 1892 1151 1940 potestate
1173 1883 1358 1924 haberet.
1422 1882 1519 1923 Dif-

116 1948 129 1968 ‘
143 1942 241 1984 ferri
263 1958 349 1984 non
370 1958 489 1998 posse
511 1942 616 1983 adeo
633 1942 864 1983 concitatos
884 1941 1068 1982 animos:
1093 1941 1203 1997 ipsos
1219 1940 1297 1982 sibi
1313 1939 1453 1981 locum
1470 1955 1518 1980 ac

116 2006 129 2025 ‘
146 2009 312 2056 tempus
333 1999 550 2056 pugnandi
573 2008 824 2054 sumpturOS,
847 1999 881 2039 si
911 1999 962 2039 ab
991 1998 1238 2053 imperatore
1261 2012 1347 2037 non
1368 1997 1518 2038 detur.’

117 2057 235 2098 Dum
256 2057 360 2098 haec
382 2056 626 2112 loquuntur,
650 2056 837 2096 iumenta
857 2055 962 2095 forte
988 2055 1202 2110 pascentia
1222 2063 1341 2094 extra
1361 2053 1516 2094 vallum

120 2113 246 2155 Gallo
281 2113 467 2168 abigenti
503 2112 589 2153 duo
625 2112 778 2153 milites
816 2111 999 2152 Romani
1036 2111 1296 2151 ademerunt.
1360 2110 1410 2150 In
1448 2125 1519 2151 eos

117 2186 218 2213 saxa
237 2171 427 2212 coniecta
447 2186 472 2211 a
494 2169 652 2210 Gallis:
686 2168 841 2210 deinde
870 2169 922 2210 ab
947 2168 1139 2209 Romana
1164 2168 1341 2208 statione
1363 2166 1520 2208 clamor

117 2238 245 2279 ortus,
279 2244 326 2270 ac
388 2242 601 2269 rocursum
633 2227 844 2282 utrimque
881 2235 954 2267 est.
1019 2225 1192 2281 Ianique
1226 2224 1339 2265 haud
1372 2223 1519 2280 procul

118 2286 228 2328 iusto
259 2244 418 2342 proelio
454 2300 518 2326 res
553 2294 683 2333 erant,
718 2284 759 2324 ni
796 2283 987 2325 celeriter
1016 2283 1272 2338 diremptum
1304 2291 1518 2323 certamen

118 2359 193 2401 per
213 2343 482 2386 centuriones
502 2351 620 2383 essct.
687 2341 906 2382 Affirniata
926 2351 1038 2382 certe
1060 2356 1110 2381 eo
1132 2355 1229 2380 casu
1252 2338 1383 2380 Tullii
1405 2339 1518 2395 apud

118 2401 365 2443 dictatorcm
390 2400 492 2441 fides
517 2409 605 2441 est:
641 2415 718 2440 nec
748 2399 977 2454 recipiente
1007 2398 1088 2439 iani
1118 2397 1364 2438 dilationem
1394 2411 1451 2445 re,
1475 2396 1518 2437 in

119 2468 332 2515 posterum
353 2457 465 2499 diem
487 2457 679 2506 edicitur,
702 2456 790 2497 acie
812 2466 1081 2512 pugnaturos.
1148 2454 1341 2495 Dictator
1362 2463 1518 2503 tamen,

120 2524 167 2556 ut
202 2516 274 2571 qui
313 2515 444 2571 magis
479 2514 643 2563 animis,
681 2529 808 2570 quain
845 2513 1014 2562 viribus,
1052 2513 1180 2553 fretus
1216 2512 1269 2552 ud
1305 2520 1518 2552 certamen

119 2572 405 2622 descenderet,
428 2572 570 2613 omnia
599 2571 918 2627 circumspicere
951 2580 1077 2626 atque
1110 2570 1265 2625 agitare
1297 2568 1449 2624 coepit,
1473 2577 1519 2609 ut

119 2638 207 2671 arte
244 2629 384 2685 aliqua
420 2639 618 2671 terrorem
656 2629 846 2670 hostibus
882 2628 1099 2669 incuteret.
1173 2625 1340 2668 Sollerti
1378 2625 1519 2667 animo

167 2777 184 2803 ⁴
210 2764 422 2801 Auctoribus]
465 2763 622 2798 nucibus,
653 2762 689 2793 iis
718 2774 792 2802 qun-
840 2764 905 2793 dux
937 2763 1125 2796 exoriretur.
1148 2762 1261 2801 ‹ninlen
1291 2765 1365 2792 sunt
1393 2761 1412 2792 ii
1440 2771 1521 2801 quoe

121 2817 190 2838 rum
222 2806 414 2837 auctoritate
441 2811 473 2836 et
504 2805 637 2836 consilio
668 2805 794 2845 regitur.
842 2811 929 2835 moui
957 2815 1063 2835 creare
1095 2804 1271 2834 multitudo
1298 2805 1388 2834 solet.
1436 2803 1519 2840 Qui-

120 2850 226 2882 Ciuzv.
841 2848 915 2878 dnm
933 2847 1011 2878 editi
1028 2848 1152 2888 qualem
1166 2860 1175 2883 ‚·
1199 2847 1305 2878 minus
1320 2851 1376 2878 aut
1392 2846 1520 2887 elegan-

164 2901 181 2931 5
199 2893 251 2922 Νι·
266 2893 338 2932 quis
353 2892 449 2926 alim,
461 2891 572 2922 tuales
589 2896 670 2921 motu
686 2901 798 2921 creare
843 2895 901 2929 ter,
919 2896 974 2922 mit
993 2889 1129 2930 proprie.
1154 2891 1261 2921 Cum.

120 2935 289 2965 multitudo
303 2935 433 2974 soleret]
462 2904 514 2965 stc
531 2933 603 2973 quin
618 2933 701 2965 nlius
725 2933 798 2963 tulis
