1934 3211
527 172 653 214 LIB.
686 171 786 213 VII.
835 171 981 214 CAP.
1017 177 1053 216 9.
1415 173 1498 214 407

105 271 117 290 ‘
132 273 176 307 et
194 263 332 306 alieno
351 269 589 318 pugnarent
609 260 701 302 loeo
716 261 754 301 ?'
799 259 882 301 His
902 261 1013 302 inter
1032 276 1075 302 se
1092 261 1265 302 vocibus
1285 261 1498 310 concitati,
1515 267 1559 299 U.
1576 268 1614 299 C.
1633 276 1705 308 393·

102 321 282 364 clamore
305 326 520 367 renovato,
541 317 729 359 inferunt
754 317 936 374 pedem:
970 327 1014 359 et
1039 317 1225 374 primum
1251 317 1387 373 gradu
1410 332 1500 359 mo·
1513 310 1553 341 A.
1576 311 1615 342 C.
1633 319 1706 350 359·

100 385 254 420 verunt
290 375 468 425 hostem,
504 374 659 416 deinde
694 374 977 431 pepulerunt3
1019 383 1232 431 postremo
1266 374 1351 414 iam
1385 374 1502 415 haud

101 434 229 476 dubie
257 441 462 474 avertunt.
526 431 696 488 Neque,
719 441 805 473 tam
827 432 936 474 vires
962 447 1083 489 pares
1103 447 1212 488 quae
1241 431 1500 487 superaverit
1514 443 1700 474 Vincuntur

100 506 179 541 res,
199 490 321 532 facile
347 489 464 531 dictu
495 498 570 539 est,
599 490 679 530 nisi
706 489 822 545 quod
851 499 1058 546 perpetua
1082 489 1251 531 fortuna
1280 488 1499 544 utriusque
1514 486 1660 518 Hernici.

99 547 247 606 populi
274 556 318 589 et
344 546 546 588 extollere
573 547 748 597 animos,
770 555 813 588 et
843 548 1034 589 minuere
1061 547 1212 603 potuit.
1278 545 1427 602 Usque
1449 546 1503 587 ad

101 614 235 648 castra
267 604 478 661 fugientes
511 603 722 645 Hernicos
759 604 978 646 Romanus
1013 604 1229 660 sequitur:
1273 611 1504 644 castrorum

70 663 430 720 noppugnatione,
453 662 553 718 quia
583 676 723 703 serum
753 670 843 703 erat
866 662 965 713 diei,
988 662 1238 703 abstinuere.
1302 659 1391 702 Diu
1417 675 1505 702 non

100 720 344 778 perlitatum
374 728 568 761 tenuerat
593 718 854 769 dictatorem,
877 735 931 761 ne
960 728 1056 761 ante
1085 718 1307 760 meridiem
1335 718 1504 774 signum

101 778 201 820 dare
221 786 387 834 posset:
419 792 470 818 eo
491 777 536 817 in
557 786 725 818 noctem
748 786 927 818 tractum
949 786 1037 819 erat
1052 785 1284 818 certamen.
1327 775 1503 817 Postero

101 835 170 878 die
191 835 358 877 deserta
376 834 477 890 fuga
491 843 625 876 castra
643 833 941 885 Hernicorum,
960 844 1003 876 et
1023 834 1152 875 saucii
1173 833 1304 875 relicti
1330 832 1503 889 quidam

70 893 291 943 3inventi3
325 907 562 948 agmenque
587 891 843 948 fugientium
874 892 926 933 ab
955 892 1152 948 Signinis,
1176 906 1307 947 quum
1338 899 1505 946 praeter

71 950 271 999 4moenia
297 964 444 991 eorum
469 949 753 1005 infrequentia
779 959 1005 1006 conspecta
1028 950 1147 1005 signa
1174 957 1326 997 essent,
1349 947 1502 997 fusum,

102 1023 150 1050 ac
174 1023 251 1064 per
274 1022 394 1063 agros
422 1006 587 1063 trepida
605 1006 705 1063 fuga
733 1006 920 1063 palatum
936 1006 1022 1049 cst.
1087 1006 1181 1048 Nec
1205 1005 1409 1047 Romanis
1439 1005 1502 1046 in-

102 1074 277 1107 cruenta
297 1065 471 1106 victoria
494 1064 600 1105 fuit:
635 1074 784 1120 quarta
811 1080 905 1121 pars
933 1065 1115 1106 militum
1144 1064 1319 1112 amissa3
1353 1071 1408 1111 et,
1431 1062 1504 1103 ubi

101 1122 216 1164 haud
237 1122 377 1163 minus
402 1122 586 1163 iacturae
607 1121 700 1171 fuit,
723 1122 884 1178 aliquot
906 1123 1071 1178 equites
1094 1121 1278 1163 Romani
1299 1119 1501 1161 cecidere.

161 1179 409 1235 Insequenti
434 1194 558 1227 anne,
581 1195 715 1235 quum
746 1179 796 1221 C.
819 1179 1028 1235 Sulpicius
1054 1188 1098 1220 et
1121 1179 1171 1220 C.
1189 1178 1380 1219 Licinius
1404 1176 1505 1218 Cal·
1595 1179 1632 1217 9.

102 1253 178 1279 vus
209 1237 400 1279 consules
432 1237 475 1277 in
506 1236 712 1278 Hernicos
743 1237 976 1278 exercitum
1007 1237 1241 1285 duxissent,
1268 1250 1408 1291 neque
1439 1234 1505 1275 in-
1519 1234 1710 1274 Π-(3·394-

103 1295 239 1337 ventis
261 1295 304 1335 in
325 1309 424 1350 agro
445 1294 647 1343 hostibus,
673 1294 945 1335 Ferentinum
972 1295 1118 1335 urbem
1141 1309 1287 1335 eorum
1308 1293 1348 1333 vi
1370 1292 1504 1348 cepis·
1517 1277 1711 1357 gsffi'lpff-{ffi

103 1361 210 1402 sent,
237 1352 542 1393 revertentibus
574 1351 671 1393 inde
703 1352 753 1392 iis
780 1352 979 1393 Tiburtes
1010 1360 1150 1407 portas
1180 1351 1377 1392 elausere.
1442 1348 1505 1390 Ea
1519 1343 1566 1393 Ii.
1585 1362 1622 1393 C.
1642 1360 1725 1393 Lici-

105 1409 253 1451 ultima
280 1409 359 1450 fuit
391 1425 526 1458 causa,
557 1424 689 1464 quum
721 1409 877 1450 multae
914 1419 1038 1450 antea
1069 1408 1356 1463 querimoniae
1394 1406 1504 1447 ultro
1516 1404 1726 1435 nioll.Coss.

104 1468 294 1523 citroque
327 1468 501 1508 iactatae
538 1475 689 1515 essent,
724 1482 810 1515 cur,
845 1481 921 1522 per
952 1465 1113 1507 fetiales
1146 1466 1269 1506 rebus
1302 1463 1503 1519 repetitis,
1518 1447 1726 1520 {iiilu'i'ribur-

104 1525 264 1567 bellum
287 1525 454 1566 Tiburti
484 1523 640 1580 populo
669 1523 937 1564 indiceretur.
1002 1523 1266 1564 Dictatorem
1296 1521 1346 1562 T.
1367 1520 1613 1569 Quin-tibus.

105 1583 235 1624 etium
260 1583 453 1623 Pennum
481 1597 531 1622 eo
563 1596 684 1621 anno·
702 1581 840 1629 fuisse,
865 1581 962 1621 satis
990 1589 1165 1627 constat,
1189 1588 1231 1620 et
1261 1578 1504 1633 magistrum
1519 1573 1678 1634 T3quin-

105 1640 298 1696 equitum
330 1640 416 1680 Ser.
439 1638 688 1679 Cornelium
719 1638 1073 1694 Maluginensem.
1140 1636 1287 1677 Macer
1315 1635 1507 1676 Licinius
1520 1617 1700 1691 ξῖἓδᾰξῗὲ

105 1697 372 1738 comitiorum
401 1695 692 1737 habendorum
721 1711 856 1745 causa,
881 1706 924 1737 ct
951 1696 1002 1736 ab
1026 1694 1193 1736 Licinio
1222 1693 1392 1734 consule
1419 1693 1507 1734 dic·
1520 1707 1579 1734 tor.

74 1773 92 1804 5
107 1764 197 1799 tum
218 1754 374 1804 scribit,
393 1753 504 1810 quia,
528 1752 689 1809 collega
709 1753 881 1794 comitia
906 1752 1015 1794 bello
1038 1752 1246 1808 praeferre
1269 1751 1506 1800 festinante,

106 1820 153 1854 ut
183 1812 448 1854 continuaret
478 1810 755 1859 consulatum,
785 1810 950 1851 obviam
983 1810 1171 1851 eundum
1205 1824 1356 1865 pravae
1390 1809 1510 1865 cupi-

106 1869 226 1912 ditati
254 1869 392 1910 fuerit.
459 1868 664 1916 Quaesita
691 1883 741 1909 ea
768 1868 959 1925 propriae
982 1867 1162 1909 familiae
1192 1866 1281 1908 laus
1309 1866 1510 1907 leviorem

106 1936 319 1969 auctorem
355 1926 569 1968 Licinium
602 1925 711 1966 facit.
778 1926 924 1973 Quum
962 1925 1221 1966 mentionem
1253 1924 1344 1966 eius
1374 1924 1434 1966 rei
1466 1923 1509 1964 in
1524 1931 1656 1978 Bellum

106 1985 404 2026 vetustioribus
439 1982 659 2023 annalibus
696 1982 853 2022 nullam
892 1983 1117 2030 inveniam,
1151 1982 1295 2035 magis,
1330 1990 1375 2022 ut
1410 1974 1701 2022 belliG⁸¹¹¹⁰¹¹¹¹¹·

111 2041 264 2083 Gallici
286 2056 409 2082 causa
431 2040 676 2080 dictatorem
704 2048 888 2080 creatum
919 2039 1106 2087 arbitrer,
1131 2038 1304 2079 inclinat
1333 2038 1507 2078 animus.

77 2098 175 2140 6Eo
203 2107 315 2139 certe
346 2112 457 2138 anno
482 2096 594 2137 Galli
626 2095 679 2137 ad
711 2096 881 2136 tertium
913 2095 1095 2151 lapidem
1129 2094 1285 2135 Salaria
1306 2095 1371 2134 via
1399 2103 1510 2134 trans

81 2164 282 2212 7pontem
308 2154 486 2195 Anienis
507 2163 639 2194 castra
661 2153 855 2193 habuere.
921 2153 1127 2200 Dictator,
1151 2166 1282 2206 (μιιιιη
1306 2150 1511 2191 tumultus

113 2212 267 2254 Gallici
285 2227 408 2254 causa
425 2211 630 2252 iustitium
652 2210 864 2260 edixisset,
883 2225 1028 2250 omnes
1051 2209 1234 2250 iuniores
1251 2216 1511 2249 sacramento

155 2378 171 2399 ἰ
197 2369 265 2399 Diu
293 2378 357 2398 nnn
383 2367 588 2406 perlitatum]
626 2366 664 2396 cf.
692 2367 785 2404 Supr.
833 2365 950 2395 imber(-
977 2369 1152 2403 antequam
1183 2364 1224 2394 nd
1252 2364 1374 2393 bellum
1403 2362 1510 2394 iretur.

112 2411 152 2442 iv.
170 2420 221 2451 ⁴9·
242 2412 410 2441 Tematum
427 2411 467 2438 ah
481 2411 516 2439 L.
528 2410 635 2438 sarno
652 2431 659 2438 .
677 2431 683 2438 .
702 2431 708 2438 .
726 2410 785 2437 dis·
832 2410 938 2439 (liner.

111 2464 238 2483 meum
267 2457 322 2483 est.
376 2452 502 2482 Graece
528 2451 566 2480 τὸ
591 2451 634 2487 μὴ
664 2456 787 2480 καλλιε-
876 2449 895 2478 6
921 2451 1051 2480 Salaria
1071 2450 1139 2486 vin]
1170 2450 1301 2478 Salaria
1327 2450 1378 2477 via
1402 2449 1500 2487 appel

111 2496 227 2533 ρεῡσω.
834 2493 901 2522 lum
928 2497 985 2525 end.
1010 2498 1140 2521 unt-tore
1169 2492 1274 2525 Festo,
1297 2492 1374 2531 quia
1397 2491 1511 2520 Sabina·

158 2547 174 2575 3
200 2538 249 2567 Aa,
264 2537 426 2574 ffiynu'nis]
457 2535 618 2566 Palmaria
635 2535 788 2565 ('rerierii
836 2546 893 2564 ve'r
913 2546 980 2565 erem
1000 2535 1051 2564 ml
1070 2546 1089 2563 a
1115 2535 1195 2563 ωσι-ι’
1213 2534 1409 2571 defin-hant.
1458 2532 1511 2563 In-

113 2585 145 2609 et
165 2580 198 2610 F.
218 2579 270 2609 W.
288 2579 388 2609 Reizii
406 2579 601 2613 coniectum,
615 2589 697 2616 qum¹
713 2578 787 2608 Nie-
835 2577 975 2615 cipit-but
991 2588 1009 2606 u
1029 2583 1119 2616 portu
1136 2576 1276 2606 t'ollinu.
1302 2577 1408 2606 (Ὶιεν.

115 2621 228 2652 ὺυὴήο
252 2621 394 2651 maxime
417 2621 545 2652 arridet.
590 2620 699 2657 signia
722 2626 788 2649 emt
882 2629 896 2658 7
926 2621 1094 2649 Tumultus
1111 2619 1246 2656 Gallici]
1277 2617 1367 2653 Quid
1385 2618 1425 2647 sit
1442 2627 1511 2657 pro-

114 2664 241 2695 colonia
260 2663 421 2699 Romanu,
437 2673 499 2693 non
519 2663 627 2702 procul
646 2663 687 2691 ub
710 2662 788 2692 ller-
837 2662 903 2701 prie
929 2662 1098 2697 tumulltu,
1122 2662 1215 2690 docet
1241 2660 1310 2691 Cic.
1339 2660 1422 2690 Phil.
1449 2660 1512 2691 viii.

115 2706 259 2737 nieorum
282 2705 381 2735 terris.
410 2706 448 2735 cs.
470 2715 556 2744 nupt.
574 2704 592 2735 i.
617 2704 666 2743 56.
691 2704 721 2735 ii.
741 2714 788 2734 ιι.
838 2714 865 2737 ².
884 2714 911 2742 3.
931 2704 978 2733 bin
996 2703 1107 2734 verbis.
1146 2707 1166 2718 ⁸⁸
1185 2703 1293 2733 Potest
1308 2703 1428 2733 bellum
1445 2712 1513 2733 enne

115 2749 204 2780 Olim
222 2749 262 2778 ab
276 2749 379 2786 nimiis
397 2747 570 2784 ltuelmtur.
836 2746 903 2775 nine
917 2746 1076 2776 tumultu:
1096 2745 1255 2775 tumultu.-
1267 2756 1334 2775 esse
1347 2745 1415 2775 uine
1428 2745 1514 2776 bello

158 2804 177 2829 ⁴
195 2791 420 2831 lnsrequcntia
434 2813 440 2820 .
453 2813 459 2819 .
475 2813 481 2819 .
498 2789 610 2827 aigum]
635 2799 677 2818 sc.
696 2790 792 2824 Quae
839 2799 900 2818 nun
926 2793 1039 2827 putent.
1087 2788 1178 2823 Quid
1195 2787 1279 2818 enim
1297 2792 1344 2817 ent
1360 2787 1449 2818 uliud
1466 2793 1514 2818 tu·

115 2833 273 2864 militibun
309 2843 371 2862 non
400 2832 698 2871 frequentabantur,
726 2831 743 2861 i.
764 2841 792 2861 e.
838 2831 972 2865 nmium,
990 2829 1045 2860 uini
1065 2830 1262 2870 perturbatio
1279 2835 1381 2867 tunm,
1397 2835 1432 2860 ut
1448 2839 1514 2861 mn-

116 2876 329 2917 stipabantur.
839 2873 884 2903 ior
901 2874 996 2903 timor
1011 2873 1131 2903 oriatur
1143 2876 1156 2903 ζ’
1183 2873 1267 2903 unde
1283 2872 1380 2903 etiam
1397 2882 1515 2903 nomen

160 2929 177 2959 5
195 2920 328 2949 ‘'mnnia
346 2918 423 2949 bcllo
437 2917 625 2958 praescr-rel
652 2915 793 2947 comitia
839 2917 972 2947 ductum
1004 2922 1052 2946 cst
1085 2916 1277 2947 tumultus.”
1322 2913 1516 2954 (Tumultus
