1934 3211
550 136 677 177 LIB.
711 135 792 176 IX.
839 135 986 177 CAP.
1021 140 1058 178 5.

117 226 231 268 enim
251 234 324 268 aut
353 225 621 290 sponsoribus
651 225 695 265 in
711 224 880 266 foedere

117 283 189 324 ubi
218 282 459 346 precatione
490 296 555 322 res
587 282 852 338 transigitur:
955 297 1000 323 er
1035 297 1163 338 quem

119 346 132 364 ‘
146 354 231 396 quo
252 339 391 380 minus
410 338 574 395 legibus
601 316 743 380 dictiso
745 348 890 389 stetur,
913 348 962 380 ut
989 354 1087 380 eum
1109 339 1168 380 ita
1193 297 1361 396 1iupiter
1380 341 1515 392 feriat,

119 402 131 422 ‘
145 396 504 453 quemadmodum
518 411 542 437 a
553 396 763 438 fetialibus
775 411 928 452 porcus
939 396 1138 438 feriatur.'
1188 395 1519 453 Spoponderunt

117 453 321 503 consules,
352 453 492 509 legati,
524 461 779 510 quaestores,
812 454 971 495 tribuni
1009 453 1216 502 militum3
1259 454 1517 510 nominaque

117 511 320 560 omnium,
339 512 413 566 qui
429 511 760 567 spoponderunt,
782 519 971 553 exstant:
1006 511 1091 561 ubi,
1114 511 1148 552 si
1169 526 1222 552 ex
1238 511 1407 552 foedere
1428 521 1521 553 acta

118 583 183 609 res
214 576 336 618 esset,
373 577 667 625 praeterquam
703 568 885 610 duorum
918 568 1136 618 fetialium,
1170 584 1258 610 non
1293 577 1518 611 exstarent.

120 625 177 666 Et
202 634 376 682 propter
405 626 678 667 necessariam
709 626 889 667 foederis
920 625 1165 667 dilationem
1196 626 1362 668 obsides
1393 627 1521 668 etiam

118 683 307 724 sexcenti
334 683 499 739 equites
529 683 735 739 imperati,
760 684 832 739 qui
862 683 999 740 capite
1020 683 1197 733 luerent,
1221 683 1255 724 si
1279 692 1402 740 pacto
1434 699 1521 726 non

118 749 308 782 staretur.
372 740 562 805 Tempus
582 741 682 782 inde
704 749 908 782 statutum
930 740 1145 782 tradendis
1166 741 1381 782 obsidibus
1401 756 1522 783 exer-

119 797 292 853 cituque
320 798 472 839 inermi
493 798 713 839 mittendo.
778 798 1100 853 Redintegravit
1130 798 1323 839 luctum
1313 814 1358 839 in
1379 799 1522 840 castris

119 854 340 896 consulum
357 854 575 906 adventus,
595 864 642 896 ut
657 855 728 896 vix
746 855 829 896 ab
819 856 869 896 iis
883 856 1141 897 abstinerent
1161 871 1322 905 manus,
1341 871 1522 921 quorum

120 912 354 954 temeritate
389 913 434 953 in
459 928 558 954 eum
579 912 719 960 locum
747 912 920 954 deducti
949 921 1111 961 essent3
1145 928 1326 968 quorum
1355 914 1523 969 ignavia

119 968 284 1011 foedius
314 969 428 1019 inde,
461 985 589 1026 quam
619 970 843 1019 venissent,
876 970 1039 1011 abituri.
1104 975 1116 994 ‘
1133 969 1222 1010 Illis
1252 985 1338 1011 non
1370 970 1523 1012 ducem

122 1032 133 1050 ‘
149 1026 351 1077 locorum,
369 1042 455 1068 non
469 1027 778 1083 exploratorem
793 1027 943 1069 fuisse·
978 1026 1213 1068 belluarum
1230 1027 1357 1069 modo
1379 1043 1524 1069 caecos

122 1083 191 1124 ‘in
226 1083 389 1125 foveam
422 1084 594 1126 missos.'
655 1084 745 1126 Alii
777 1084 879 1126 alios
911 1085 1080 1135 intueri,
1110 1085 1386 1141 contemplari
1411 1100 1527 1126 arma

121 1155 221 1182 mox
270 1141 486 1191 tradenda,
528 1150 572 1183 et
611 1142 793 1183 inermes
832 1142 993 1183 futuras
1033 1142 1214 1192 dextras,
1257 1143 1525 1199 obnoxiaque

120 1213 294 1256 corpora
325 1199 458 1241 hosti:
491 1214 727 1256 proponere
761 1200 926 1241 sibimet
960 1200 1039 1256 ipsi
1072 1208 1168 1241 ante
1202 1200 1344 1241 oculos
1377 1200 1525 1256 iugum

120 1255 284 1306 hostile,
306 1264 349 1298 et
369 1256 551 1298 ludibria
568 1257 750 1306 victoris,
773 1265 815 1298 et
835 1256 976 1298 vultus
996 1258 1210 1313 superbos,
1233 1266 1276 1298 et
1296 1272 1373 1313 per
1392 1272 1526 1298 arma-

121 1322 186 1354 tos
215 1313 440 1354 inermium
472 1314 573 1355 iter:
608 1314 708 1355 inde
740 1314 851 1355 foedi
881 1314 1059 1379 agminis
1091 1314 1370 1356 miserabilem
1399 1315 1524 1364 viam,

122 1385 198 1427 per
225 1371 434 1412 sociorum
465 1371 589 1412 urbes
619 1371 802 1412 reditum
836 1372 880 1412 in
912 1372 1091 1428 patriam
1122 1372 1174 1413 ad
1206 1381 1413 1428 parentes,
1440 1388 1526 1428 quo

121 1442 189 1470 sae
222 1443 245 1469 e
267 1428 346 1484 ipsi
368 1428 629 1484 maioresque
652 1444 797 1470 eorum
827 1429 1133 1494 triumphantes
1154 1430 1377 1471 venissent.
1441 1435 1453 1453 ‘
1472 1429 1525 1470 Se

123 1491 196 1527 ‘so
215 1500 261 1527 os
297 1486 388 1527 sine
420 1486 605 1535 vulnere,
628 1487 716 1527 siue
748 1486 870 1536 ferro,
894 1486 983 1527 sine
1017 1487 1106 1528 acic
1139 1487 1293 1528 victos:
1327 1487 1406 1527 sibi
1439 1501 1527 1528 non

123 1543 354 1607 ‘stringere
372 1543 535 1584 licuisse
557 1543 730 1600 gladios,
749 1559 835 1584 non
857 1558 1030 1584 manum
1047 1559 1144 1584 cum
1165 1544 1284 1585 hoste
1306 1544 1520 1585 confertre

124 1600 230 1641 ‘sibi
270 1601 552 1657 nequicquam
594 1616 720 1650 arma,
758 1601 1042 1657 nequicquam
1077 1601 1197 1650 vires,
1240 1601 1523 1666 nequicquam

124 1658 310 1700 ‘animos
337 1658 482 1699 datos.’

123 1714 306 1765 advenit,
343 1715 485 1757 omnia
524 1715 707 1757 tristiora
738 1715 1001 1772 experiundo
1041 1716 1213 1765 factura,
1251 1732 1379 1782 quam
1415 1732 1522 1773 quae

123 1782 423 1838 praeceperant
437 1773 599 1814 animis
663 1772 753 1815 Iam
767 1774 950 1830 primum
964 1789 1061 1815 cum
1078 1774 1253 1831 singulis
1266 1790 1289 1815 v
1293 1774 1526 1816 estimentis

123 1844 305 1872 mermes
335 1839 455 1872 extra
475 1830 630 1871 vallum
662 1831 777 1873 exire
809 1832 921 1881 iussi,
944 1840 987 1873 et
1017 1832 1141 1888 primi
1144 1809 1315 1873 t>traditi
1346 1832 1525 1881 obsides,

125 1896 251 1944 atque
274 1888 318 1928 in
349 1888 582 1930 custodiam
609 1888 791 1930 abducti.
855 1888 968 1929 Tum
1000 1904 1024 1930 a
1045 1889 1287 1930 consulibus
1318 1889 1430 1931 abire
1452 1889 1528 1930 lic-

126 1955 236 1986 tores
265 1945 363 1986 iussi
396 1945 781 2001 paludamentaque
813 1945 1025 1994 detracta3
1070 1955 1229 1987 tantam
1261 1947 1371 1987 inter
1402 1947 1526 2002 ipsos,

126 2002 213 2058 qui,
242 2002 384 2058 paullo
416 2012 512 2044 ante
544 2018 615 2043 eos
648 2012 927 2052 exsecrantes,
950 2002 1168 2044 dedendos
1199 2002 1527 2059 lacerandosque

1431 141 1512 180 505

903 240 927 265 o
960 239 1009 266 us
1039 234 1161 274 esset,
1183 235 1256 267 aut
1287 227 1513 278 obsidibus,
1530 236 1574 268 U.
1591 236 1630 267 C.
1647 243 1721 275 433·

889 239 958 322 ‘Ig
1224 282 1398 338 opulum
1428 285 1514 336 fiat,
1529 281 1568 311 A.
1592 279 1631 310 C.
1649 287 1722 318 ³¹9·

545 1657 663 1699 Haec
684 1658 960 1700 frementibus
980 1658 1084 1700 hora
1103 1658 1276 1700 fatalis
1266 1674 1522 1715 ignominiae
1537 1667 1628 1698 Sub·
1621 1677 1730 1706 mgum

1537 1710 1711 1741 mittuntur

1539 1751 1692 1784 Romani.

129 2152 257 2192 publica
283 2156 383 2183 ratam
404 2152 540 2182 fiteeret:
567 2151 597 2181 in
616 2151 744 2181 foedere
762 2151 802 2180 fe-

127 2195 220 2225 tiales
253 2195 383 2225 nomine
419 2194 529 2235 populi
565 2193 704 2225 Romani
738 2203 804 2223 rem

126 2239 276 2276 agebant,
295 2237 340 2268 ita
364 2242 398 2268 ut
425 2238 565 2277 populus
588 2237 656 2276 ipsc
681 2236 804 2266 univcr—

127 2291 180 2311 ωε
196 2280 304 2310 statim
322 2284 493 2311 teneretur.

170 2333 190 2364 9
207 2324 472 2363 Spopmulernntl
511 2321 650 2362 Appian.
669 2320 803 2352 Smnnit.

129 2376 158 2406 p.
178 2375 227 2405 53.
249 2365 442 2405 Dionysium
461 2367 541 2396 forte
562 2365 710 2397 referem&
726 2365 806 2393 dnos

128 2409 287 2445 consules,
317 2409 399 2439 duos
429 2413 624 2447 quaestores,
654 2411 807 2446 quattuor

129 2451 262 2488 legatos,
285 2451 455 2482 duodecim
482 2451 626 2481 tribunos
654 2450 806 2485 militum,

129 2492 320 2530 σύμπαντας,
338 2498 371 2523 ut
393 2493 518 2524 Graece
535 2494 658 2532 loquar,
675 2492 742 2521 ὅσοι
756 2503 805 2529 με-

129 2535 169 2566 τὰ
187 2535 258 2565 τοὺς
278 2535 511 2575 διεφθαρμένους
534 2533 645 2575 ἦρχον,
665 2534 806 2574 sponsiw

131 2589 203 2609 nem
221 2578 333 2609 fecimc
349 2578 468 2608 scribit.
510 2578 620 2608 lluiun
634 2583 732 2617 utque
749 2577 804 2606 ali-

130 2632 220 2651 orum
253 2620 442 2660 scripturum
474 2620 666 2650 auctoritate
697 2621 807 2655 frctus,

133 2663 333 2694 Nicbuhriun
359 2663 535 2698 Romanum,
560 2673 621 2692 non
649 2662 706 2692 nini
737 2667 807 2701 pust

131 2717 195 2737 rem
214 2705 310 2736 unuin
325 2710 481 2736 tentatam
506 2710 537 2735 et
564 2714 701 2744 pugium]
723 2705 808 2735 mule

131 2748 347 2784 cummim-am,
371 2749 430 2777 nub
462 2747 570 2783 iugum
604 2747 715 2776 mimum
739 2758 806 2776 eme

132 2797 241 2822 veum-t
258 2804 265 2827 ;
289 2791 410 2830 quippe
427 2800 525 2829 quum
546 2795 698 2830 quantuor
714 2790 805 2827 leyio-

132 2836 226 2865 uibus
247 2834 391 2873 itale—tyria,
407 2833 533 2862 duabus
550 2832 671 2861 aviliu-t
689 2831 807 2861 ext-rci-

132 2878 217 2908 tibus
233 2875 464 2911 consuluimus,
476 2878 630 2915 qualium·
645 2880 676 2905 et
695 2875 808 2914 eu'yiulu'

850 2151 973 2180 tribuni
996 2151 1129 2180 militnm
1150 2161 1192 2180 ex
1215 2150 1326 2180 ‹ir-«line
1343 2156 1459 2189 essent,
1477 2152 1529 2183 hic

850 2193 890 2222 «le
900 2193 1061 2223 duodecim
1074 2193 1300 2223 tunuumnodo
1310 2193 1424 2231 agitur.
1452 2195 1528 2226 Cla-

849 2236 922 2265 ‹lem
940 2240 1048 2265 nutem
1070 2236 1251 2266 Romanam
1269 2241 1429 2267 testantur
1443 2239 1527 2269 Con-

850 2278 1020 2314 stantium,
1037 2278 1090 2317 qui
1116 2278 1303 2318 Appianum
1328 2279 1473 2318 sequitur
1497 2291 1527 2320 p.

851 2320 902 2359 46,
920 2321 1062 2350 zonaras
1081 2320 1130 2351 xvii.
1150 2320 1198 2351 26.
1215 2321 1268 2359 qui
1294 2321 1431 2352 Dionem
1451 2323 1527 2354 Cns-

851 2363 932 2393 sium
951 2364 1057 2399 refert,
1073 2363 1141 2393 Cic.
1156 2364 1196 2392 «le
1213 2364 1277 2394 Urs.
1293 2363 1334 2393 iii.
1350 2374 1399 2402 30.
1416 2365 1456 2395 de
1473 2367 1526 2396 Se-

852 2411 935 2436 neet.
958 2415 1003 2436 12.
1029 2408 1067 2436 cf.
1089 2405 1223 2436 Nic-blut.
1242 2406 1285 2436 iii.
1304 2417 1333 2436 n.
1354 2406 1424 2445 361.

900 2459 908 2479 ι
941 2450 1014 2485 I'bu',
1030 2450 1056 2478 ,si
1077 2460 1116 2479 ar
1132 2449 1282 2487 foedere}
1313 2450 1375 2479 Sed
1393 2460 1478 2489 supr.
1497 2450 1527 2482 ii.

855 2501 905 2530 23,
921 2491 1015 2521 :iliter
1035 2492 1155 2521 suetum
1182 2491 1318 2524 videtur.
1336 2492 1389 2521 nbi
1412 2502 1529 2523 numen

853 2534 994 2563 consulis
1009 2535 1064 2573 Sp.
1082 2533 1196 2570 Cassii,
1211 2545 1229 2563 n
1247 2544 1310 2572 qun
1327 2534 1439 2564 snt-«ms
1454 2546 1527 2565 cum

855 2576 978 2606 Latinis
1009 2577 1107 2606 ictum
1140 2582 1199 2611 est,
1227 2577 1257 2606 in
1289 2588 1390 2607 neuen
1417 2578 1529 2608 tnbuln

853 2619 988 2648 sot-«loris
1005 2618 1192 2658 inscriptum
1211 2619 1306 2649 fnisse
1323 2619 1449 2650 (licitur.

902 2671 918 2690 2
945 2662 1075 2691 obsides
1105 2663 1199 2691 rtu'mn
1230 2663 1387 2699 wrccntil
1425 2665 1529 2699 Quos,

854 2710 1006 2741 umquam
1032 2703 1162 2742 pignum
1181 2704 1326 2739 foederis,
1342 2705 1445 2735 donee
1465 2706 1528 2736 lto-

854 2746 938 2776 mnni
963 2747 1004 2775 nb
1027 2756 1102 2783 agro
1118 2745 1311 2777 Samnitium
1336 2748 1527 2779 decederent

853 2794 883 2818 et
908 2788 1050 2817 voloni-124
1073 2789 1280 2824 deducerent.
1296 2790 1458 2822 samnites
1475 2802 1528 2823 cu·

854 2830 958 2861 mulin
974 2832 1153 2863 nst-nubunt.
