1934 3211
547 177 674 218 LIB.
707 176 832 218 VIII.
875 176 1022 219 CAP.
1056 182 1095 219 8.
1428 181 1512 220 459

85 267 193 309 8hos
221 268 517 332 sequebantur,
539 266 691 308 scutati
718 281 877 315 omnes,
899 266 1134 322 insignibus
1161 266 1344 306 maxime
1375 267 1510 308 armis.
1528 277 1573 310 U.
1589 278 1628 310 C.
1645 287 1681 316 4¹
1689 286 1718 317 5-

85 337 106 368 9
119 323 216 366 Hoc
237 323 407 380 triginta
427 323 739 378 manipulorum
765 338 917 379 agmen
945 322 1208 378 antepilanos
1232 322 1512 377 appellabant,
1525 322 1566 352 A.
1590 321 1628 352 C.
1647 329 1718 360 337·

90 399 101 420 1
117 381 217 437 quia
235 381 312 421 sub
332 380 463 436 signis
487 380 571 420 iam
595 380 666 421 alii
687 380 932 436 quindecim
958 379 1128 421 ordines
1154 378 1427 420 locabantur:
1461 395 1515 421 ex

86 437 269 493 aquibus
309 437 413 478 ordo
453 439 744 493 unusquisque
786 446 868 478 tres
907 445 1046 493 partes
1086 437 1278 477 habebat.
1356 435 1516 477 Earum

87 497 457 550 3unamquamque
478 495 662 550 primum
683 494 818 550 pilum
837 495 1057 536 vocabant.
1103 493 1258 535 Tribus
1278 508 1333 534 ex
1352 492 1518 534 vexillis

85 541 356 612 {constabau
389 551 592 592 vexillum
620 561 793 593 centum
820 552 1035 608 octoginta
1060 566 1134 592 sex
1161 550 1354 592 homines
1383 558 1514 591 erant.

84 608 308 697 {Primum
327 608 529 650 vexillum
550 609 712 650 triarios
732 608 927 659 ducebat,
949 621 1196 650 veteranum
1223 607 1401 649 militem
1422 622 1518 664 spe-

160 737 180 768 8
194 738 384 778 Insignibus
393 739 531 770 maoeime
542 740 658 777 armis]
679 738 728 770 Ut
741 737 795 777 qui

118 789 158 810 ex
188 779 294 820 prima
318 781 420 812 classe
443 781 636 820 conscripti:
666 780 700 810 hi
721 790 796 811 vero

113 823 260 861 ¹alludium
276 824 461 863 portabant,
477 825 596 854 hastati
612 827 723 854 autem
739 824 794 854 ad-

118 864 182 895 huc
197 866 337 896 cultrum
353 865 549 897 retinebant.

161 916 181 948 9
203 909 436 955 Antepilapos]
469 908 606 948 Quippe
628 908 691 938 hoc
715 911 795 938 tem-

118 959 197 989 pore
208 951 318 980 triarii
335 950 408 990 pilis
420 950 479 981 soli
491 951 675 981 utebantur.
706 950 796 981 Cave

118 995 242 1030 autem,
276 993 388 1023 credas
417 993 549 1024 omnino
577 992 661 1023 Livii
692 992 796 1023 verbis

119 1033 151 1064 in
182 1033 244 1065 hoc
271 1034 390 1074 capite,
416 1035 472 1074 qui
496 1045 560 1065 non
588 1035 668 1065 vidit
696 1033 795 1064 aliam

118 1076 184 1107 alio
207 1081 353 1117 tempore
370 1077 508 1107 formam
524 1078 658 1117 legionis
675 1077 796 1107 Roma-

119 1117 188 1149 nae’
207 1119 317 1157 fuisse,
343 1124 376 1150 et
400 1119 461 1150 hoc
487 1124 635 1159 tempore
658 1119 796 1159 primam

120 1160 269 1192 ordinum
310 1162 524 1192 mutationem
569 1162 797 1192 tantummodo

119 1202 240 1234 factam
272 1214 350 1235 esse.
384 1205 500 1244 Polyb.
528 1204 569 1235 vi.
596 1214 647 1241 21,
675 1213 726 1234 22.
757 1204 798 1234 de

120 1244 223 1277 forma
248 1246 385 1286 legionis
408 1247 457 1278 sui
480 1246 636 1286 temporis
657 1247 799 1276 multum

121 1287 247 1319 diversa
262 1289 413 1328 loquitur.

169 1339 181 1361 1
200 1331 267 1361 Sub
281 1333 384 1371 siquis
399 1333 463 1361 iam
479 1333 538 1362 alii
554 1333 735 1372 quindecim
751 1342 799 1361 or-

121 1373 214 1404 dines
229 1396 236 1403 .
255 1397 262 1404 .
279 1396 286 1403 .
303 1385 344 1405 ea·
359 1375 475 1414 quibus
490 1375 582 1413 ordo]
619 1374 726 1404 Locus
741 1373 799 1404 dif-

124 1414 288 1446 ficillimus
298 1419 329 1447 et
341 1426 441 1455 prope
453 1417 690 1447 conclamatus:
707 1415 800 1455 quip-

125 1467 166 1497 pe
181 1457 215 1494 ii,
231 1457 286 1497 qui
301 1463 373 1498 post
388 1459 478 1498 signa
495 1459 696 1495 locabantur,
709 1462 801 1488 erant

124 1499 304 1530 triariorum
328 1505 360 1532 et
383 1501 573 1531 rorariorum
597 1505 629 1531 et
652 1511 800 1531 accenso-

125 1552 196 1572 rum
212 1542 350 1580 ordines,
365 1553 408 1574 sc.
427 1543 640 1583 quadraginta
659 1543 803 1582 quinque

125 1584 298 1624 manipuli,
324 1585 390 1616 sive
421 1585 597 1625 nonaginta
628 1585 801 1616 centuriae.

128 1626 213 1657 Fieri
229 1632 337 1658 tamen
356 1632 474 1667 potest,
486 1632 522 1658 ut
536 1629 655 1658 rorarii
669 1627 802 1658 minime

125 1668 158 1699 in
193 1669 263 1700 acie
293 1670 445 1700 confertis
475 1670 639 1700 ordinibus
669 1673 802 1707 starent,

126 1711 248 1751 quippe
268 1712 334 1751 qui,
358 1712 438 1743 levis
463 1717 646 1743 armaturae
668 1711 803 1750 milites,

125 1753 254 1793 saepius
264 1754 348 1785 inter
356 1755 561 1794 antepilanos
571 1758 804 1794 procurrerent,

128 1796 198 1827 infr.
219 1806 267 1833 10,
286 1801 385 1836 atque
407 1799 545 1835 accensi,
560 1797 615 1836 qui
637 1797 670 1827 in
695 1797 803 1827 locum

127 1842 160 1869 et
183 1848 274 1869 arma
296 1844 496 1870 mortuorum
521 1840 742 1876 succederent,
764 1839 803 1869 si-

127 1880 248 1912 militer
277 1881 363 1912 haud
398 1882 627 1922 manipulatim
656 1881 805 1912 instructi

127 1927 252 1955 essent:
277 1925 364 1955 unde
385 1925 503 1961 evenit,
520 1929 555 1955 ut
575 1925 616 1955 de
639 1925 805 1955 ordinibus

128 1966 318 1997 rorariorum
345 1970 377 1997 et
403 1977 611 1997 accensorum
638 1976 805 2005 nunquam

128 2018 233 2038 sermo
253 2013 348 2046 esset,
364 2009 420 2039 sed
436 2009 477 2039 de
493 2010 620 2039 vatillis
640 2018 749 2038 corum
770 2012 805 2037 ut

129 2049 196 2089 qui,
211 2054 366 2090 tanquam
390 2050 559 2087 vexillarii,
581 2050 699 2080 leviore
722 2050 805 2079 mili-

130 2092 176 2122 tia
191 2092 248 2123 usi.
287 2094 440 2124 Ceterum
460 2103 516 2132 pro
534 2093 664 2131 vulgato
680 2093 807 2122 ordines

129 2135 242 2165 ordine
258 2135 385 2174 reponit
403 2134 541 2174 Lipsius,
557 2139 613 2164 aut
631 2134 737 2173 potius
755 2144 805 2163 vo-

131 2186 200 2207 cem
214 2178 341 2208 ordines
352 2177 484 2207 omnino
497 2177 669 2206 delendam
682 2176 808 2213 suadet,

131 2223 163 2249 ct
183 2220 264 2250 alios
283 2220 462 2261 quindecim
484 2219 667 2258 manipulos
689 2218 806 2248 intelli-

130 2261 194 2300 git:
219 2262 275 2292 sed
299 2263 426 2293 ordines
448 2261 495 2291 illi
516 2263 574 2292 sub
594 2262 696 2301 signis
720 2260 806 2290 haud

131 2303 229 2334 dubie
252 2304 349 2344 triplo
373 2305 446 2344 plus
469 2304 690 2340 continebant,
709 2313 806 2342 quam

131 2346 259 2377 ordines
273 2347 545 2386 antepilanorum.

176 2398 191 2419 2
218 2390 345 2420 Earum
364 2400 624 2430 unamquamque
645 2390 804 2428 primum]

131 2432 290 2468 Primam,
315 2432 401 2471 quod
428 2431 555 2471 Lipsius
585 2431 805 2471 reponendum

132 2473 258 2510 suadet,
289 2473 452 2504 Crevierio
484 2474 563 2510 iure,
592 2479 627 2503 ut
661 2473 737 2503 mihi
765 2473 806 2502 vi-

133 2515 238 2551 detur,
252 2516 391 2546 arridet:
417 2516 502 2555 quod
524 2515 548 2545 ni
572 2516 615 2545 ita
634 2516 807 2546 emendata

133 2556 172 2586 sit
191 2557 297 2592 lectio,
309 2558 431 2597 quippe
445 2562 571 2588 tantum
590 2568 652 2588 non
669 2558 807 2587 absurda

133 2602 165 2629 et
185 2598 320 2629 ridicula
340 2601 469 2639 vulgata
484 2604 543 2635 cut,
559 2610 641 2638 (piae
661 2601 807 2639 sinyrtlas

131 2646 242 2681 partes
262 2652 367 2672 omnen
387 2643 511 2681 primas
531 2642 628 2672 fuisse
643 2641 746 2671 dictas
762 2641 805 2671 in-

133 2682 262 2721 telligit,
282 2683 328 2712 nic
353 2688 473 2714 vertas:
498 2683 637 2720 ordines,
659 2683 713 2722 qui
739 2687 810 2723 post

134 2725 223 2763 signa
249 2725 390 2761 stabant,
414 2725 529 2764 singuli
553 2725 583 2755 in
612 2730 676 2756 trcs
704 2731 810 2764 partes

134 2767 225 2797 divini
243 2771 333 2798 aunt:
351 2777 484 2806 qumum
503 2777 716 2806 unaquaeque
729 2778 808 2807 pars

133 2810 238 2849 prima
257 2810 359 2849 pilum
378 2810 570 2840 vocabatur:
596 2809 737 2839 secunda
753 2819 807 2839 an-

135 2857 199 2882 tem
216 2857 246 2883 et
264 2852 356 2882 tertia
375 2857 479 2891 partes
493 2852 609 2883 vexilla
623 2852 709 2882 dicta
724 2855 807 2883 sunt.

842 740 881 770 cf.
899 738 1036 770 Niebhr.
1053 738 1096 770 iii.
1110 750 1140 770 n.
1158 739 1227 779 185.
1244 738 1312 780 196.
1326 738 1378 769 eui
1393 739 1459 770 alia
1470 749 1517 770 ra-

840 782 886 812 tio
907 782 994 812 hunc
1014 782 1136 812 nodum
1159 781 1354 821 expediendi
1375 781 1408 812 in
1428 792 1517 813 men-

840 828 906 856 tem
924 825 1091 855 succurrit.

883 877 900 906 3
924 868 1054 904 Pilum]
1090 866 1200 897 Pilum
1224 866 1390 907 proprium
1412 866 1518 897 fuerat

839 909 944 948 primo
974 909 1077 939 telum
1109 909 1326 940 Triariorum:
1368 909 1455 940 unde
1485 912 1518 940 et

839 953 976 982 Pilanos
994 961 1059 987 eos,
1075 955 1108 981 et
1125 955 1232 981 totum
1255 951 1349 982 illum
1371 951 1517 982 ordinem

839 995 951 1024 Pilum
964 994 1187 1033 appellabant.
1233 994 1352 1024 Postea
1367 993 1434 1034 pilo
1448 994 1517 1024 Ha-

839 1036 914 1066 stati
927 1040 959 1067 et
973 1036 1142 1077 Principes
1156 1035 1221 1067 usi:
1245 1035 1361 1066 Triarii
1375 1046 1449 1066 vero
1461 1046 1519 1076 pro

840 1078 916 1118 pilis
927 1082 1170 1118 assumpserunt
1181 1078 1299 1109 hastas.
1318 1078 1394 1109 Vid.
1403 1079 1519 1118 Polyb.

841 1120 881 1152 vi.
900 1131 915 1151 2
921 1130 949 1160 3.
997 1121 1097 1152 Porro
1121 1120 1178 1161 pili
1202 1121 1319 1151 hastile
1334 1125 1402 1151 erat
1420 1121 1519 1151 trium

842 1163 1045 1194 cubitorum:
1070 1163 1190 1194 ferrum
1211 1164 1344 1194 extabat
1366 1164 1409 1194 ad
1432 1163 1520 1194 eubi-

843 1210 912 1236 tum
930 1210 962 1236 et
977 1205 1151 1237 semissem.
1188 1206 1305 1245 Itaque
1320 1206 1403 1236 iusta
1419 1205 1519 1245 longi-

844 1249 923 1278 tudo
944 1248 1043 1278 totius
1066 1248 1124 1288 pili
1146 1252 1215 1278 erut
1229 1252 1383 1287 quattuor
1398 1248 1520 1278 cubito-

844 1301 915 1320 rum
943 1301 1017 1321 cum
1042 1290 1185 1327 semisse,
1209 1291 1276 1321 sive
1302 1294 1427 1330 septem
1454 1290 1522 1320 fere

845 1333 976 1372 pedum.
1008 1333 1251 1363 Accuratiorem
1265 1332 1323 1372 pili
1336 1331 1521 1372 descriptio-

845 1385 919 1405 nem
937 1375 1009 1405 vide
1027 1376 1115 1414 apud
1135 1375 1250 1414 Polyb.
1267 1378 1300 1405 et
1315 1375 1356 1405 ad
1373 1384 1444 1405 eam
1466 1384 1521 1405 no-

845 1421 894 1448 tas
911 1417 1025 1457 Lipsii‚
1041 1418 1081 1448 de
1098 1417 1170 1448 Mil.
1189 1418 1286 1448 Rom.
1303 1417 1346 1448 iii.
1360 1429 1388 1456 4.
1414 1417 1521 1448 Cnssv.

888 1471 907 1498 4
926 1461 1042 1490 Tribus
1056 1471 1097 1491 cz·
1112 1461 1238 1491 veoeillis
1253 1461 1434 1498 constabat]
1456 1459 1521 1490 Sci-

846 1502 922 1533 licet
945 1503 1023 1533 ordo
1050 1502 1291 1541 uuusquisque:
1325 1502 1448 1541 quippe
1472 1502 1522 1541 ρι’-

846 1546 912 1575 lum
937 1544 989 1575 hic
1014 1544 1099 1574 inter
1122 1544 1242 1574 vexilla
1268 1548 1521 1575 annumeratur:

846 1588 922 1618 ordo
939 1590 1049 1617 autem
1075 1586 1307 1625 unusquisque,
1331 1596 1396 1616 non
1424 1585 1524 1617 vexil-

846 1629 927 1666 lum,
951 1633 1081 1659 centuni
1105 1628 1270 1668 octoginta
1295 1639 1351 1659 sex
1377 1628 1526 1659 homines

846 1671 1045 1708 continebat,
1055 1671 1177 1711 quippe
1192 1671 1224 1701 hi
1241 1670 1368 1701 ordines
1380 1671 1434 1710 qui
1452 1674 1525 1711 post

846 1713 935 1753 signa
957 1714 1098 1750 stabant,
1118 1717 1182 1744 tres
1204 1713 1391 1753 manipulos
1412 1717 1444 1744 et
1467 1723 1523 1744 sex

847 1756 1050 1786 centuriones
1064 1756 1239 1794 habebant,
1249 1766 1385 1795 quorum
1402 1756 1525 1796 primus

847 1799 1034 1838 manipulus
1052 1798 1245 1836 triariorum,
1260 1798 1420 1830 secundus
1440 1808 1523 1829 rora-

847 1841 979 1878 riorum,
994 1841 1108 1871 tertius
1123 1851 1341 1872 accensorum.

893 1891 909 1923 5
932 1884 997 1914 Sea·
1011 1884 1153 1915 homines
1167 1884 1279 1921 erunt]
1311 1883 1418 1914 Voces
1433 1895 1453 1914 a
1468 1885 1524 1915 tri-

849 1927 907 1956 bus
918 1937 958 1957 eoe
976 1927 1100 1956 cea-illis
1115 1935 1215 1965 usque
1228 1926 1269 1956 ad
1281 1931 1376 1957 erant
1389 1926 1527 1957 unciolis

850 1967 980 1998 inclusit
996 1968 1116 1998 Stroth.
1165 1968 1265 1998 Haud
1287 1968 1384 1999 dubie
1401 1968 1525 2007 aliquid

850 2010 1039 2040 mendosum
1064 2010 1116 2039 hic
1141 2009 1220 2040 latet
1243 2010 1309 2039 sive
1336 2020 1375 2040 ex
1402 2010 1527 2040 incuria

851 2051 934 2081 Livii
965 2051 1158 2090 profectum,
1183 2051 1236 2090 qui
1267 2052 1401 2082 annales
1429 2052 1527 2082 libros

851 2103 1018 2132 perperam
1051 2093 1281 2131 interpretatus
1307 2098 1366 2129 est,
1392 2093 1459 2123 sive
1485 2104 1524 2124 ex

851 2134 950 2165 nimia
983 2135 1179 2164 librariorum
1207 2144 1294 2171 cura,
1318 2135 1371 2173 qui
1402 2135 1526 2174 aliquid

851 2177 957 2207 aliena
981 2187 1078 2207 manu
1102 2177 1257 2216 scriptum
1280 2177 1311 2207 in
1333 2181 1460 2207 textum
1480 2177 1526 2208 in-

853 2219 1033 2250 fei-cierunt.

894 2261 914 2292 6
941 2263 1098 2300 Triarius]
1126 2262 1178 2292 Sic
1202 2262 1316 2299 dictos,
1339 2266 1421 2293 teste
1446 2263 1525 2293 Var-

852 2315 939 2341 rone,
955 2305 1039 2343 quod
1067 2304 1096 2334 in
1121 2305 1190 2334 acie
1206 2306 1299 2334 tertio
1314 2305 1425 2335 ordine
1443 2306 1526 2335 loca-

852 2348 982 2377 bantur:
1008 2347 1055 2376 vel
1071 2347 1094 2375 si
1112 2346 1291 2376 Niclnulnrio
1303 2348 1527 2383 assentiamur,

851 2390 935 2428 quod
965 2399 982 2419 e
1009 2389 1142 2427 singulis
1166 2390 1269 2418 tribus
1292 2390 1447 2419 classibus
1473 2390 1526 2420 de—

853 2442 921 2462 cem
950 2432 1110 2461 centurias
1134 2431 1330 2470 conscriptas
1355 2431 1526 2463 habebant.

856 2475 1028 2504 'l'vrtu'arins
1065 2473 1184 2512 alioqui
1225 2474 1385 2504 vocandos
1418 2478 1526 2505 censet

853 2516 986 2547 Niebhr.
1005 2516 1047 2546 iii.
1066 2526 1095 2546 n.
1119 2526 1184 2556 ¹95·

902 2567 917 2597 7
950 2559 1138 2589 l'eleramtm
1168 2559 1314 2595 militem]
1366 2558 1411 2588 Ut
1440 2568 1526 2598 supr.

851 2601 1002 2630 iuvenum
1017 2601 1269 2640 pubescentium.
1298 2601 1359 2630 Sed
1375 2600 1426 2630 hit·
1440 2601 1526 2631 haud

852 2642 948 2673 dubie
972 2642 1154 2682 posterioris
1172 2643 1326 2681 temporis
1342 2653 1462 2672 morem
1481 2652 1526 2673 re-

853 2685 947 2724 spicit
986 2689 1104 2718 noster.
1133 2685 1255 2723 quippe
1291 2685 1350 2714 hoc
1381 2689 1529 2724 tempore

853 2728 995 2756 iuniores
1011 2736 1122 2756 ‹imnes
1146 2726 1175 2756 in
1202 2727 1309 2756 hostes
1329 2727 1417 2757 ducti
1441 2731 1528 2765 sunt,

851 2770 990 2798 maiore-a
1020 2769 1059 2798 ad
1092 2769 1196 2798 subita
1229 2768 1302 2798 belli
1340 2768 1528 2805 ministeria,

852 2815 1005 2849 tanquam
1032 2809 1150 2842 milites
1169 2810 1361 2847 subsidiarii,
1376 2811 1463 2842 domi
1479 2822 1527 2843 as-

853 2853 1068 2883 servabantur.
