1934 3211
266 245 304 320 φφ

320 255 339 327 σβω

342 255 360 328 διν-4

362 256 392 320 300

417 153 498 191 232
925 154 1071 197 ΤΙΤΙ
1111 155 1289 198 LIVII

385 270 392 277 .
419 239 525 281 nihil
545 242 611 298 agi
641 253 790 298 posset,
813 245 985 287 consilia
1013 246 1249 303 principum
1279 246 1393 287 domi
1420 245 1640 288 habebant.
1703 245 1826 303 Ap-8

418 299 602 354 parebat,
625 310 696 342 aut
716 301 914 353 hostibus,
936 312 1007 345 aut
1028 304 1186 345 civibus
1213 304 1265 345 de
1287 304 1457 346 victoria
1476 303 1795 345 concedendum

419 371 518 398 esse.
582 357 668 399 Soli
697 374 750 400 ex
781 361 1063 403 consularibus
1092 361 1285 403 Valerius
1319 371 1444 418 atque
1477 361 1677 403 Horatius
1708 376 1796 403 non

419 413 647 456 intererant
667 417 859 459 consiliis.
915 418 965 460 C.
992 418 1161 460 Claudii
1181 419 1387 461 sententia
1402 419 1591 461 consules
1611 419 1797 461 armabat

419 471 465 512 in
504 472 717 515 tribunos:
764 475 1073 526 Quinctiorum,
1114 475 1439 532 Cincinnatique
1474 486 1517 519 et
1551 476 1795 533 Capitolini,

419 531 648 572 sententiae
670 531 948 574 abhorrebant
968 549 992 575 a
1019 534 1145 575 caede
1167 534 1466 590 violandisque,
1489 550 1606 590 quos,
1627 534 1796 577 foedere

420 586 503 628 icto
533 602 629 628 cum
657 589 793 644 plebe,
824 600 1102 632 sacrosanctos
1126 591 1390 647 accepissent.
1452 592 1536 633 Per
1564 592 1667 633 haec
1696 607 1797 634 con-

206 648 408 723 ὀΙέ-ῃζῐιιιίιξὲιω
421 644 512 686 silia
550 661 599 686 eo
639 646 821 688 deducta
858 663 923 689 res
963 656 1037 697 est,
1073 658 1120 689 ut
1152 649 1340 690 tribunos
1379 648 1559 690 militum
1591 649 1829 698 consulari9

206 738 376 773 potestate.

208 1404 246 1477 ‚5⁹0¹

245 1404 307 1479 ,αἶα

324 1413 364 1486 ΐῗί

371 1414 382 1477 ι-ιμι

420 711 623 758 potestate
648 704 880 759 promiscue
909 721 962 747 ex
990 705 1183 747 Patribus
1211 721 1258 747 ac
1285 706 1407 762 plebe
1429 706 1558 748 creari
1585 707 1796 756 sinerent;

421 759 473 801 de
509 760 747 802 consulibus
779 763 968 804 creandis
999 763 1105 804 nihil
1137 772 1392 805 mutaretur:
1435 779 1570 820 eoque
1609 765 1798 806 contenti

422 817 589 867 tribuni,
624 827 821 860 contenta
855 819 971 876 plebs
1009 820 1100 862 fuit.
1165 821 1349 863 Comitia
1381 821 1557 864 tribunis
1591 821 1798 863 consulari

421 883 623 931 potestate
651 875 781 918 tribus
805 879 993 920 creandis
1020 878 1274 921 indicuntur.
1338 879 1503 927 Quibus
1523 880 1703 930 indictis,
1725 895 1799 921 ex-

422 932 590 988 templo,
623 933 864 991 quicunque
897 936 1056 993 aliquid
1086 937 1280 979 seditiose
1315 937 1490 988 dixerat,
1524 946 1597 979 aut
1629 938 1798 988 fecerat,

421 1005 547 1046 quam
568 990 747 1032 maxime
768 993 991 1044 tribunicii,
1006 1002 1046 1035 et
1067 1009 1260 1050 prensare
1277 995 1480 1045 homines,
1497 1004 1540 1037 et
1555 1010 1799 1038 concursare

421 1057 509 1089 toto
529 1048 617 1089 foro
645 1050 856 1092 candidati
882 1066 1079 1108 coepere:
1113 1062 1159 1093 ut
1179 1053 1372 1109 patricios
1396 1053 1630 1110 desperatio
1649 1053 1799 1110 primo,

420 1105 578 1147 irritata
615 1106 749 1162 plebe,
786 1109 1043 1166 adipiscendi
1082 1110 1262 1160 honoris,
1298 1110 1450 1152 deinde
1486 1110 1733 1167 indignatio,
1766 1111 1801 1152 si

421 1179 516 1205 cum
544 1164 609 1205 his
628 1167 836 1221 gerendus
857 1176 963 1209 esset
989 1167 1133 1217 honos,
1156 1167 1406 1209 deterreret:
1439 1177 1646 1225 postremo
1667 1169 1800 1211 coacti

421 1231 562 1265 tamen
583 1238 607 1264 a
630 1225 879 1280 primoribus
906 1225 1076 1282 petiere,
1103 1240 1156 1266 ne
1184 1226 1351 1267 cessisse
1378 1226 1634 1282 possessione
1661 1226 1799 1283 reipu-

422 1281 554 1323 blicae
576 1282 828 1324 viderentur.
874 1283 1060 1325 Eventus
1076 1298 1220 1325 eorum
1241 1284 1504 1325 comitiorum
1523 1283 1679 1334 docuit,
1701 1283 1802 1325 alios

423 1339 581 1380 animos
602 1339 646 1380 in
667 1341 935 1383 contentione
964 1341 1165 1382 libertatis
1185 1341 1496 1397 dignitatisque,
1517 1340 1632 1391 alios,
1653 1356 1802 1383 secun-

388 1428 395 1435 .
422 1396 525 1437 dum
552 1396 740 1454 deposita
766 1399 1005 1449 certamina,
1028 1399 1267 1455 incorrupto
1291 1399 1446 1440 iudicio
1471 1414 1580 1440 esse:
1614 1399 1802 1441 tribunos

389 1470 397 1478 ·
423 1454 536 1495 enim
566 1470 710 1496 omnes
737 1457 930 1512 patricios
954 1457 1107 1498 creavit
1134 1457 1325 1513 populus,
1354 1465 1575 1498 contentus
1602 1472 1665 1507 eo,
1687 1456 1802 1513 quod
1818 1472 1831 1494 1

423 1511 527 1552 ratio
558 1511 699 1553 habita
724 1513 982 1569 plebeiorum
1011 1523 1129 1556 esset.
1192 1514 1316 1555 Hanc
1345 1514 1590 1556 modestiam
1615 1515 1834 1571 aequitat-2

424 1577 593 1625 temque
626 1578 668 1611 et
697 1570 962 1612 altitudinem
992 1572 1120 1613 animi
1151 1572 1223 1614 ubi
1250 1588 1362 1613 nune
1392 1572 1434 1613 in
1467 1587 1552 1614 uno
1581 1572 1803 1622 inveneris,

425 1642 531 1682 quae
553 1636 642 1667 tum
662 1628 807 1684 populi
828 1629 1009 1670 universi
1029 1629 1136 1670 fuit?

484 1684 612 1725 Anno
647 1686 938 1727 trecentesimo
968 1686 1144 1736 decimo,
1177 1702 1302 1742 quam
1332 1687 1431 1728 urbs
1466 1686 1604 1728 Roma
1634 1687 1835 1730 condita3

425 1749 524 1792 erat,
554 1742 735 1798 primum
760 1743 916 1784 tribuni
943 1743 1123 1785 militum
1151 1759 1226 1800 pro
1253 1744 1490 1785 consulibus
1517 1744 1836 1800 magistratum-4

469 1883 488 1912 8
511 1883 652 1913 Consilia
666 1882 868 1922 principum]
896 1882 1038 1912 Concilia
1053 1892 1092 1912 ex

427 1924 651 1955 emendatione
668 1924 821 1955 Gronovii
844 1924 875 1954 in
898 1928 1024 1954 textum
1047 1934 1092 1954 re-

428 1967 534 2007 posuit
550 1967 701 2005 Bekker.,
718 1967 792 1997 licet
808 1967 899 1997 codd.
916 1967 1035 1997 advers.

1138 1882 1334 1913 Dodwellus.
1377 1882 1462 1913 Diss.
1501 1883 1540 1913 de
1578 1883 1669 1923 Cycl.
1706 1883 1803 1917 Rom.
1860 1911 1864 1914 .

1137 1925 1217 1962 x.L§.
1242 1923 1290 1956 86.
1337 1925 1467 1963 Parum,
1492 1929 1529 1956 ut
1551 1926 1642 1957 nobis
1667 1926 1805 1965 videtur,

1136 1968 1178 1998 ad
1207 1967 1290 1998 Livii
1320 1971 1475 2006 mentem,
1498 1967 1552 2007 qui
1582 1979 1740 2008 nusquam
1771 1969 1804 2000 in

469 2020 489 2051 9
511 2011 561 2040 Eo
575 2011 725 2048 deducta]
753 2010 894 2040 Foedere
910 2019 983 2039 cum
1000 2010 1094 2048 plebe

427 2052 491 2083 icto
514 2053 631 2083 tribuni
654 2052 794 2082 militum
821 2051 978 2082 consulari
1006 2056 1094 2091 pote-

427 2100 509 2126 state
532 2095 640 2133 creati‚
655 2095 709 2135 qui
729 2099 838 2126 tamen
854 2094 1025 2124 honoribus
1041 2105 1094 2125 cu-

428 2138 549 2169 rulibus
578 2138 710 2168 minime
740 2141 937 2175 ornarentur,
964 2141 995 2167 et
1024 2147 1093 2176 pro-

429 2185 539 2220 pterea
556 2181 719 2220 triumpho
742 2180 829 2220 digni
849 2189 1012 2219 nunquam
1033 2179 1096 2210 sint

429 2224 539 2255 habiti.
570 2225 609 2255 cf.
627 2224 742 2254 Zonar.
759 2223 811 2253 vii.
832 2233 878 2263 19.

476 2277 486 2297 1
515 2268 631 2298 Omnes
648 2267 817 2306 patricios]
849 2264 911 2295 His
934 2265 1036 2295 verbis
1059 2265 1092 2294 fi-

430 2310 502 2340 dem
514 2310 644 2340 minime
654 2309 834 2339 habendam
846 2312 953 2338 censet
960 2307 1094 2339 Niebhr.

429 2353 460 2383 ii.
477 2363 507 2383 n.
524 2362 598 2393 902,
614 2352 734 2392 quippe
756 2354 862 2381 noster
883 2349 1005 2380 incuria
1019 2360 1094 2388 qua-

429 2396 503 2426 dam
527 2396 615 2433 alibi,
631 2398 667 2425 ut
687 2404 771 2434 supr.
789 2403 816 2433 3.
832 2394 1019 2424 decemviros
1033 2403 1094 2423 om-

429 2449 485 2469 nes
497 2440 650 2478 patricios
664 2437 760 2467 fuisse
775 2435 891 2466 scribit.
926 2435 1096 2466 Praeterea

430 2480 469 2511 T.
486 2481 663 2512 Caecilium
681 2478 842 2519 plebeium
860 2477 956 2508 fuisse
979 2487 1018 2507 ex
1041 2487 1095 2507 no-

430 2524 516 2554 mine
532 2522 732 2554 verisimilius
743 2524 800 2552 est.

474 2577 490 2596 2
516 2567 606 2603 Quod
622 2566 704 2596 ratio
718 2565 828 2594 habita
844 2564 1035 2603 plebeiorum
1051 2573 1095 2593 es-

430 2610 492 2646 set]
519 2609 617 2644 Quod
634 2606 750 2647 plebeii
770 2605 899 2636 admissi
921 2605 962 2636 ad
985 2609 1096 2645 peten-

431 2652 507 2681 dum
523 2651 742 2691 magistratum
757 2652 871 2686 essent,
883 2652 1035 2687 tanquam
1052 2648 1094 2678 le-

430 2694 532 2732 gitimi
549 2692 720 2724 candidati.
744 2692 849 2723 CREv.

475 2746 492 2774 3
514 2737 611 2766 Anno
633 2735 846 2766 trecentesimo
867 2731 1000 2773 decimo]
1030 2731 1096 2763 Hic

432 2788 554 2808 rursum
569 2777 722 2808 dissident
743 2776 865 2807 numeri
888 2775 985 2806 nostri
1005 2786 1025 2806 a
1044 2775 1095 2805 Li-

434 2819 542 2850 vianis.
588 2820 658 2850 Hos
672 2819 815 2850 tribunos
834 2818 973 2849 militum
992 2817 1096 2848 iniisse

433 2861 562 2900 quidem
592 2861 810 2900 magistratum
835 2871 920 2891 anno
946 2870 1018 2900 310,
1040 2861 1094 2891 sed

433 2913 506 2934 eum
542 2903 670 2942 gessisse
706 2913 789 2933 anno
828 2913 897 2942 311.
935 2902 1096 2933 existimat

1138 2010 1320 2040 consulibus
1342 2014 1374 2040 et
1396 2010 1460 2041 illis
1479 2011 1714 2051 magistratibus
1728 2022 1805 2052 quo-

1137 2062 1218 2083 rum·
1231 2052 1359 2083 nomine
1381 2063 1485 2083 annus
1506 2053 1744 2093 insigniebatur,
1759 2054 1805 2085 di-

1137 2095 1268 2135 stinguit
1281 2106 1403 2126 annum
1417 2095 1488 2126 initi
1499 2096 1540 2126 ab
1552 2106 1636 2127 anno
1647 2097 1727 2136 gesti
1738 2107 1805 2128 ma-

1138 2138 1295 2177 gistratus.
1340 2138 1403 2169 Sed
1419 2142 1452 2169 et
1466 2138 1491 2169 si
1511 2148 1613 2170 annus
1628 2141 1806 2171 trecentesi-

1139 2191 1208 2211 mus
1223 2182 1305 2212 alter
1320 2181 1415 2211 debet
1435 2180 1583 2221 intelligi,
1602 2184 1639 2212 ut
1661 2181 1805 2222 probavi-

1137 2233 1208 2253 mus
1229 2223 1261 2253 in
1282 2227 1348 2254 not.
1367 2224 1408 2253 ad
1426 2223 1470 2255 iii.
1491 2233 1540 2263 33.
1563 2224 1806 2255 trecentesimus

1137 2266 1269 2305 primus,
1293 2267 1348 2296 sed
1374 2266 1495 2303 exiens,
1517 2266 1564 2297 ita
1588 2270 1625 2297 ut
1649 2270 1805 2298 trecente·

1137 2308 1219 2338 simo
1244 2309 1384 2338 secundo
1410 2308 1630 2347 magistratum
1652 2308 1805 2349 gesserint

1139 2350 1232 2389 primi
1257 2350 1450 2387 Decemviri,
1473 2350 1524 2381 hic
1549 2361 1664 2388 annus,
1686 2361 1749 2390 quo
1772 2354 1806 2382 et

1138 2394 1250 2423 ineunt
1275 2397 1307 2422 et
1332 2396 1445 2432 gerunt
1468 2393 1687 2433 magistratum
1710 2393 1806 2433 primi

1138 2435 1255 2465 tribuni
1275 2435 1439 2472 militares,
1455 2435 1514 2465 erit
1533 2434 1601 2475 ipse
1623 2435 1804 2467 trecentesi-

1139 2487 1210 2507 mus
1225 2477 1376 2508 decimus.
1420 2478 1622 2509 Servavimus
1642 2482 1752 2509 tamen
1772 2477 1806 2509 in

1139 2519 1279 2559 margine
1294 2530 1413 2550 annum
1429 2530 1503 2550 eum
1518 2530 1614 2559 quem
1631 2521 1700 2551 vult
1716 2521 1805 2552 Dod-

1139 2563 1260 2599 wellus,
1289 2562 1438 2593 vitandae
1472 2563 1666 2594 confusionis
1699 2573 1804 2595 causa„

1140 2606 1245 2637 cmv.

1181 2659 1200 2686 4
1226 2648 1359 2678 Tribuni
1375 2648 1511 2679 militum
1527 2658 1589 2688 pro
1603 2649 1803 2687 comentibus]

1139 2691 1296 2727 Militum,
1311 2700 1349 2720 eo
1365 2691 1450 2730 quod
1465 2691 1506 2720 ab
1521 2690 1664 2721 exercitu
1682 2694 1806 2728 vocato,

1139 2743 1182 2763 sc.
1202 2742 1222 2762 a
1245 2732 1366 2763 civibus
1388 2732 1590 2764 centuriatim
1613 2732 1805 2770 convocatis,

1140 2774 1236 2805 creati
1265 2779 1348 2806 sunt.
1407 2775 1534 2806 Horum
1563 2775 1804 2816 magistratuum

1140 2827 1289 2848 numerus
1322 2817 1401 2848 mire
1431 2817 1581 2856 variatur,
1609 2817 1729 2857 quippe
1762 2817 1804 2854 ab

1138 2870 1222 2890 anno
1240 2869 1295 2899 311
1315 2861 1355 2891 ad
1374 2869 1434 2899 350
1449 2860 1545 2890 trium
1569 2861 1618 2890 vel
1641 2861 1804 2898 quattuor,

1139 2903 1178 2932 ab
1189 2913 1272 2933 anno
1286 2912 1346 2942 350
1358 2912 1457 2942 usque
1469 2903 1510 2932 ad
1523 2903 1584 2942 389
1594 2911 1648 2932 sex
1662 2904 1718 2932 aut
1730 2904 1803 2930 octo
