1934 3211
590 155 716 213 L'IB.
751 172 803 212 V.
845 171 993 213 CAP.
1028 176 1095 214 55.

1459 176 1541 217 347

115 265 161 303 6‘
180 260 309 310 Quod
336 276 468 317 quum
498 261 557 302 ita
585 256 651 310 sit,
674 275 781 316 quae
802 259 1002 315 (malum)
1026 261 1131 302 ratio
1156 270 1232 311 est,
1255 263 1438 318 expertis
1462 263 1543 304 alia
1556 275 1600 307 U.
1617 274 1656 305 C.
1675 273 1748 313 365·

149 322 161 341 ‘
176 318 369 374 experiri,
391 332 537 373 quum,
566 317 650 358 iam
681 326 728 358 ut
755 317 885 359 virtus
911 326 1050 358 vestra
1079 318 1257 359 transire
1286 319 1367 360 alio
1398 321 1540 375 possit,
1555 319 1594 349 A.
1619 317 1657 348 C.
1675 316 1747 355 387.

149 374 341 415 ‘fortuna
360 383 472 415 certe
494 374 576 416 loci
596 374 721 415 huius
743 374 955 416 transferri
976 389 1063 416 non
1083 375 1243 430 possit?

148 436 161 455 ‘
176 429 324 472 tolium
351 441 426 481 est,
449 432 522 472 ubi
547 431 763 487 quondam
790 432 926 488 capite
954 431 1141 473 humano
1169 432 1344 473 invento
1371 447 1544 488 respon-

148 492 268 528 ‘sum
298 496 373 538 est,
396 504 446 530 eo
476 488 569 530 loco
599 498 727 545 caput
754 503 894 529 rerum
922 503 1214 545 summamque
1246 490 1412 545 imperii
1439 490 1539 531 fore.

118 542 274 595 7‘Hic,
317 561 449 602 quum
490 556 693 602 augurato
732 545 982 586 liberaretur
1029 545 1301 602 Capitolium,
1345 545 1544 588 Iuventas

147 607 159 625 ‘
175 601 485 659 Terminusque
514 603 698 644 maximo
730 603 885 659 gaudio
915 611 1082 659 patrum
1115 612 1354 645 nostrorum
1384 605 1542 645 moveri

147 664 159 682 ‘
174 673 217 700 se
239 674 324 700 non
346 660 480 716 passi:
514 660 584 701 hic
606 659 760 701 Vestae
782 660 914 716 ignes,
937 660 1005 701 hic
1031 660 1183 701 ancilia
1210 660 1327 702 coelo
1348 660 1541 710 demissa,

148 721 160 739 ‘
173 715 244 757 hic
265 731 411 758 omnes
431 717 603 774 propitii
626 718 892 759 manentibus
913 718 1030 758 vobis
1051 717 1137 758 dii.'

205 772 389 815 Movisse
417 790 488 815 eos
512 774 717 816 Camillus
739 790 871 831 quum
899 774 979 816 alia
1006 775 1206 824 oratione,
1230 783 1320 816 tum
1349 791 1410 825 ea,
1433 790 1541 831 quae

145 830 199 872 ad
220 831 443 888 religiones
463 832 711 888 pertinebat,
735 833 916 873 maxime
938 832 1103 873 dicium
1155 831 1239 873 Sed
1260 848 1348 873 rem
1370 832 1542 874 dubiam

114 888 331 930 sdecrevit
352 905 434 931 vox
462 899 697 946 opportune
726 890 901 938 emissa3
935 889 1063 945 quod,
1087 904 1219 945 quum
1250 898 1418 931 senatus
1449 899 1544 946 post

113 945 286 1002 9paullo
302 946 355 987 de
377 946 441 988 his
462 947 585 988 rebus
602 947 645 987 in
663 947 776 988 curia
795 946 977 987 Hostilia
994 947 1230 996 haberetur,
1249 947 1541 1003 cohortesque,

145 1018 198 1044 ex
233 1003 450 1059 praesidiis
485 1013 754 1053 revertentes,
789 1004 892 1044 forte
926 1004 1093 1059 agmine
1129 1004 1266 1045 forum
1302 1005 1540 1054 transirent,

144 1061 335 1102 centurio
360 1061 404 1101 in
430 1061 600 1102 comitio
627 1061 901 1102 exclamavit:
938 1067 948 1084 ⁶
968 1060 1162 1117 Signifer,
1185 1070 1320 1102 statue
1346 1061 1537 1117 signum:

146 1117 242 1158 ‘hic
275 1118 538 1159 manebimus
574 1118 758 1175 optime.’

822 1117 919 1166 Qua
951 1133 1052 1160 voce
1089 1118 1244 1168 audita,
1279 1128 1322 1159 ct
1357 1128 1539 1169 senatuS,

145 1179 158 1199 ‘
173 1175 363 1231 accipere
385 1190 428 1216 se
451 1176 602 1225 omen,’
623 1191 677 1217 ex
699 1176 814 1216 curia
834 1191 1035 1232 egressus,
1054 1175 1341 1225 conclamavit,
1360 1185 1402 1217 et
1422 1176 1542 1233 plebs

143 1231 393 1274 circumfusa
419 1232 674 1289 approbavit.

739 1232 975 1289 Antiquata
995 1232 1150 1274 deinde
1177 1232 1283 1289 lege,
1305 1234 1541 1290 promiscue

1304 374 1390 416 Hic
1414 375 1543 432 Capi-

1625 781 1692 820 55.

117 1305 128 1326 1
144 1289 243 1330 urbs
267 1289 477 1331 aedificari
503 1299 662 1346 coepta.
726 1289 891 1346 Tegula
920 1289 1087 1346 publice
1119 1291 1307 1346 praebita
1331 1299 1419 1332 est:
1453 1290 1541 1332 saxi
1556 1302 1757 1334 Instauratio

145 1347 429 1403 materiaeque
462 1346 714 1397 caedendae,
747 1347 860 1388 unde
887 1347 1065 1403 quisque
1092 1347 1230 1397 vellet,
1261 1348 1326 1388 ius
1355 1345 1651 1398 factum3urbis.

115 1403 369 1460 zpraedibus
402 1405 596 1461 acceptiS,
628 1419 679 1445 eo
711 1420 823 1446 anno
855 1404 1046 1445 aedificia
1078 1404 1346 1460 perfecturos.

1411 1404 1543 1446 Festi-

144 1461 259 1502 natio
292 1477 435 1503 curam
469 1462 627 1503 exemit
654 1461 766 1502 vicos
793 1461 1017 1517 dirigendi,
1039 1461 1155 1511 dum,
1178 1462 1329 1502 omisso
1354 1462 1417 1502 sui
1443 1461 1543 1503 alie-

144 1518 273 1575 nique
304 1518 559 1568 discrimine,
594 1519 638 1559 in
669 1533 801 1559 vacuo
832 1518 1067 1559 aedificant.

1133 1517 1197 1559 Ea
1227 1526 1290 1559 est
1325 1533 1460 1569 causa,
1495 1528 1542 1561 ut

144 1584 304 1617 veteres
332 1575 509 1625 cloacae,
532 1576 667 1632 primo
681 1590 774 1673 sper
803 1575 1021 1631 publicum
1047 1575 1212 1625 ductae,
1239 1591 1353 1617 nunc
1381 1577 1543 1632 privata

112 1646 130 1676 3
142 1633 295 1689 passim
315 1633 493 1674 subeant
513 1641 622 1674 tecta
639 1648 648 1681 ;

142 1704 269 1746 quam
289 1689 458 1740 divisae,
481 1690 636 1732 similis.

183 1818 205 1852 6
224 1821 380 1860 Ele-pertis
395 1822 463 1852 alia
478 1821 638 1861 experiri]
662 1821 820 1860 Erperle's

141 1871 260 1902 nempe
284 1862 380 1893 huius
400 1863 461 1894 loci
482 1873 520 1894 ac
543 1863 621 1893 situs
645 1862 819 1893 commodi-

141 1908 256 1942 tatem,
277 1907 421 1945 experiri
445 1905 544 1936 alium
571 1906 688 1936 locum.
713 1905 819 1935 Citssv.

142 1947 296 1978 Ceterum
306 1949 448 1987 eaepertis
458 1948 582 1987 passive
593 1947 818 1986 accipiendum

143 1998 223 2027 esse,
250 1994 282 2019 et
311 1990 479 2020 auferendi
511 2000 587 2020 casu
617 1989 679 2019 (lici
712 1993 820 2019 censet

146 2030 313 2062 Drakenh.

190 2081 206 2112 7
224 2076 329 2110 Quum
342 2078 505 2112 augurato
517 2075 712 2104 liberaretur
724 2073 819 2111 (sapi-

144 2116 272 2153 tolt'um]
300 2118 412 2150 Quum
439 2125 495 2154 per
517 2115 650 2152 auguria
667 2115 697 2143 id
714 2125 819 2150 agere-

145 2162 208 2194 tur,
233 2162 279 2194 ut,
304 2157 401 2186 libera
424 2168 443 2186 a
467 2157 581 2187 ceteris
604 2156 820 2195 religionibus,

145 2209 219 2229 area
235 2199 422 2239 Capitolina
438 2205 519 2229 (ψει-ί
536 2204 602 2228 totu
624 2198 716 2228 lotis.
746 2197 819 2228 Vid.

145 2251 231 2280 supr.
249 2241 268 2272 i.
287 2251 335 2280 55.
368 2241 420 2271 ubi
439 2242 594 2271 Iuventate
611 2240 734 2271 mentio
751 2241 819 2270 nul-

147 2283 178 2313 la
193 2284 340 2314 occurrit.

189 2326 208 2356 8
232 2327 296 2356 Vox
310 2331 490 2366 opportune
505 2326 635 2362 emissa]
658 2325 755 2362 Vulg.
769 2336 820 2364 op—

141 2373 296 2408 portuna.
341 2370 467 2399 Emissa
489 2378 606 2407 nempe
628 2372 760 2401 temere,
780 2368 821 2397 ub

145 2420 184 2441 eo
211 2410 341 2441 homine
362 2410 415 2450 qui
441 2411 530 2440 nullo
555 2410 650 2440 modo
676 2420 819 2448 praesen-

145 2456 210 2483 tem
239 2452 505 2492 disceptationem
531 2453 717 2482 intueretur.
758 2453 818 2482 Ile-

144 2496 245 2525 erevil
262 2500 440 2535 opportune
462 2507 521 2525 vos
545 2494 675 2525 Bekker
698 2494 729 2524 in
753 2498 820 2524 tex-

146 2540 215 2566 tum
233 2537 363 2576 recepit.

189 2587 209 2618 9
233 2579 335 2609 Curia
357 2581 514 2618 Hostilia]
544 2580 583 2611 ef.
612 2589 696 2619 supr.
725 2579 744 2610 i.
771 2589 819 2618 30.

698 1647 897 1689 ormaque
926 1633 1040 1674 urbis
1067 1633 1120 1674 sit
1148 1641 1375 1690 occupatae
1397 1634 1541 1690 magis,

865 1819 964 1855 Quae
993 1829 1093 1859 quum
1124 1819 1231 1850 diruta
1262 1823 1357 1857 esset,
1387 1819 1544 1850 dictatore

865 1861 1015 1899 Caesare,
1032 1862 1195 1892 decretum
1214 1861 1276 1892 fuit
1295 1866 1330 1892 ut
1352 1862 1542 1893 instaurare-

865 1908 928 1941 tur,
950 1908 981 1934 et
1005 1914 1063 1944 pro
1085 1904 1240 1941 Hostilia,
1258 1904 1345 1935 Iulia
1363 1905 1543 1944 appellare-

865 1951 926 1977 tur.
950 1947 1057 1978 Cazv.

911 1998 923 2021 1
954 1990 1091 2029 Teyulu]
1133 1988 1255 2028 Lignea
1285 1989 1420 2026 scilicet,
1445 1999 1541 2028 quam

865 2031 989 2069 shinglle
1013 2031 1148 2069 Anglice
1173 2031 1320 2061 dicimus.
1379 2031 1455 2060 Non
1481 2031 1541 2060 nisi

867 2077 937 2110 post
956 2072 1069 2110 Pyrrhi
1089 2072 1332 2110 expeditionem
1348 2073 1494 2102 imbrices
1511 2073 1541 2102 in

867 2123 958 2143 usum
979 2114 1105 2143 Romae
1123 2118 1287 2143 venerunt.

910 2165 925 2185 ἰ
953 2157 1134 2185 I’raetlilms
1155 2157 1308 2194 acceptis]
1338 2156 1387 2185 Eu
1411 2156 1491 2194 lege,
1508 2160 1542 2186 ut

866 2197 919 2236 qui
944 2198 1171 2233 aedificabunt,
1192 2198 1325 2236 praedes
1347 2198 1472 2233 durent,
1487 2198 1541 2236 qui

866 2241 1061 2279 sponderent
1083 2251 1120 2269 eo
1142 2250 1226 2269 aum)
1249 2239 1397 2269 aedificia
1423 2241 1541 2278 perfec-

868 2287 935 2312 tum
957 2282 1002 2312 iri.
1028 2284 1134 2313 Cum.

911 2334 927 2363 3
953 2328 1138 2364 occupatae
1160 2325 1270 2362 mnyis,
1285 2334 1380 2363 quam
1400 2325 1539 2362 divisae]

868 2367 973 2405 Magis
989 2372 1166 2406 occupatae
1178 2378 1196 2396 u
1210 2366 1459 2404 sinmnlin‚1›rout
1477 2366 1541 2396 cui-

866 2419 928 2448 que
947 2409 1038 2438 libuit
1058 2409 1140 2438 linue
1159 2409 1205 2438 vel
1228 2408 1316 2437 illum
1343 2413 1464 2446 partem
1483 2408 1540 2437 sibi

868 2451 1039 2487 vindicare,
1058 2461 1154 2490 quum
1179 2450 1300 2480 divisae
1323 2450 1382 2479 sub
1405 2449 1542 2485 arbitris,

865 2493 919 2532 qui
951 2504 1041 2523 suum
1071 2492 1188 2531 cuique
1221 2493 1324 2522 locum
1354 2496 1441 2521 certa
1471 2492 1541 2531 lege

866 2542 896 2565 et
915 2546 1025 2566 norma
1044 2535 1240 2574 assignarent
1258 2534 1539 2574 termimirentque.

865 2578 971 2609 Cum.
