1934 3211
297 476 375 539 T.
438 475 715 540 LIVII
779 474 1302 541 PATAVINI

557 671 902 725 LIBER
968 671 1046 724 II.

109 997 379 1097 LIBERI
410 999 493 1040 iam
527 998 627 1040 hine
662 997 809 1054 populi
843 996 1026 1038 Romani
1057 1011 1134 1046 res,
1166 1010 1270 1053 pace
1304 995 1499 1053 belloque
1602 1007 1636 1046 1,

225 1065 374 1113 gestas,
397 1071 558 1098 annuos
583 1056 859 1112 magistratus,
882 1055 937 1095 im
972 1054 1141 1110 eriaque
1170 1054 1325 1110 legum,
1351 1064 1501 1111 poten·
1515 1062 1559 1094 U.
1576 1062 1614 1094 C.
1633 1071 1705 1103 245·

107 1114 213 1156 tiora
239 1130 365 1170 quam
396 1115 628 1163 hominum,
658 1128 865 1170 peragam.
931 1070 1053 1161 (Suae
1084 1111 1253 1154 libertas
1282 1121 1328 1153 ut
1355 1112 1502 1154 laetior
1514 1106 1553 1179 3¹}-
1570 1106 1615 1179 ΙΟ-
1634 1114 1705 1154 507·

106 1180 226 1222 esset,
263 1172 442 1229 proximi
485 1172 593 1228 regis
631 1171 827 1228 superbia
865 1171 1030 1212 fecerat.
1095 1169 1208 1211 Nam
1241 1170 1400 1227 priores
1441 1170 1499 1212 ita
1514 1159 1684 1229 133-ut¹(¹,¹‚¹¹{,

107 1240 347 1286 regnarunt,
380 1240 427 1271 ut
463 1229 575 1270 haud
607 1229 815 1270 immerito
850 1244 995 1270 omnes
1026 1228 1225 1284 deinceps
1260 1228 1500 1270 conditores
1512 1234 1690 1283 Tarqujnio

106 1287 289 1344 partium
324 1297 435 1329 certe
469 1288 594 1336 urbis,
627 1302 730 1343 quas
764 1302 891 1327 novas
924 1286 1002 1343 ipsi
1034 1286 1154 1327 sedes
1186 1287 1237 1327 ab
1273 1301 1315 1327 se
1351 1295 1497 1328 auctae
1510 1277 1677 1351 gglsLatmo

109 1344 372 1386 multitudini
413 1345 680 1394 addiderunt,
722 1353 1023 1390 numerentur:
1076 1358 1215 1400 neque
1256 1344 1494 1400 ambigitur,
1592 1344 1600 1351 '

109 1402 213 1458 quin
250 1402 407 1444 Brutus
440 1403 566 1452 idem,
603 1403 674 1459 qui
713 1411 876 1444 tantum
911 1401 1080 1458 gloriae,
1117 1400 1310 1458 Superbo
1346 1411 1495 1443 exacto
1511 1404 1657 1464 I3ibertas

111 1475 222 1516 rege,
241 1461 406 1511 meruit,
428 1461 608 1517 pessimo
624 1460 792 1516 publico
813 1459 857 1500 id
877 1459 1061 1500 facturus
1080 1459 1220 1509 fuerit,
1237 1459 1272 1499 si
1293 1458 1495 1500 libertatis
1507 1448 1597 1521 ἔρξ’)
1600 1449 1706 1522 3312·

109 1518 352 1560 immaturae
385 1518 582 1574 cupidine
611 1518 796 1574 priorum
822 1532 968 1573 regum
996 1516 1121 1558 alicui
1150 1531 1328 1573 regnum
1354 1526 1495 1558 extor-
1507 1501 1691 1565 consltiium·

108 1575 236 1617 sisset.
301 1575 418 1624 Quid
439 1576 552 1617 enim
573 1576 760 1616 futurum
781 1575 872 1625 fuit,
895 1575 928 1616 si
951 1574 1022 1616 illa
1051 1582 1264 1631 pastorum
1286 1590 1495 1617 convena-

112 1648 203 1674 rum
237 1649 288 1675 ue
309 1633 439 1690 plebs,
458 1633 669 1690 transfuga
684 1649 738 1675 ex
758 1633 842 1674 suis
863 1632 1043 1690 populis,
1061 1633 1137 1674 sub
1159 1632 1291 1674 tutela
1311 1632 1499 1675 inviolati

110 1691 256 1748 tempi
296 1701 367 1733 aut
415 1691 663 1741 libertatem,
705 1700 777 1732 aut
824 1699 935 1732 certe
982 1691 1291 1748 impunitatem,
1334 1691 1411 1733 ade
1445 1702 1499 1742 ta,

107 1748 242 1790 soluta
263 1749 378 1806 regio
406 1758 536 1799 metu,
558 1749 705 1806 agitari
727 1758 876 1805 coepta
895 1758 1004 1790 esset
1026 1749 1260 1790 tribuniciis
1291 1764 1416 1806 proce
1435 1749 1499 1800 lis,

107 1815 149 1848 et
171 1806 214 1847 in
236 1807 371 1848 aliena
387 1808 489 1849 urbe
511 1823 607 1848 cum
629 1807 824 1849 Patribus
845 1822 979 1849 serere
997 1807 1238 1857 certamina,
1256 1807 1501 1864 priusquam

106 1864 282 1963 pignora
306 1866 533 1921 coniugum
565 1881 612 1907 ae
640 1865 865 1907 liberorum
897 1865 1130 1922 caritasque
1159 1865 1288 1922 ipsius
1319 1865 1408 1915 soli,
1431 1866 1499 1907 eui

123 1937 233 1979 ongo
275 1932 461 1980 tempore
503 1924 762 1973 assuescitur,
805 1924 966 1964 animos
1006 1938 1151 1964 eorum
1193 1923 1500 1966 consociasset?

109 1979 346 2038 Dissipatae
367 1996 432 2023 res
454 1981 643 2022 nondum
661 1981 828 2022 adultae
850 1981 1058 2022 discordia
1078 1981 1238 2022 forent:
1273 1997 1376 2038 quas
1396 1982 1502 2023 fovit

110 2039 335 2096 tranquilla
356 2039 586 2080 moderatio
608 2040 786 2096 imperii,
809 2055 945 2097 coque
966 2039 1195 2081 nutriendo
1217 2039 1430 2096 perduxit,
1453 2050 1501 2081 ut

109 2096 263 2138 bonam
285 2097 448 2153 frugem
471 2096 674 2138 libertatis
700 2097 873 2138 maturis
895 2097 976 2138 iam
1004 2097 1162 2137 viribus
1182 2097 1289 2138 ferre
1315 2107 1497 2153 possent.

81 2153 334 2196 ¹Libertatis
365 2164 504 2196 autem
536 2155 740 2209 originem
774 2154 871 2195 inde
903 2154 1046 2209 mag-IS,
1077 2155 1178 2210 quia
1208 2169 1396 2195 annuum
1422 2155 1501 2196 im-

109 2212 272 2269 perium
290 2212 505 2254 consulare
528 2212 682 2253 factum
706 2222 781 2262 cst,
805 2227 929 2269 quam
953 2212 1069 2268 quod
1090 2212 1357 2253 deminutum
1379 2213 1499 2268 quic-

77 2290 94 2312 α
109 2285 234 2326 quam
256 2270 308 2311 sit
329 2285 383 2312 ex
406 2270 518 2325 regia
538 2279 756 2326 potestate,
779 2285 984 2311 numeres.
1049 2269 1205 2311 Omnia
1234 2271 1336 2319 iura,
1359 2271 1500 2312 omnia

77 2328 288 2385 sinsignia
309 2329 430 2385 primi
458 2328 648 2369 consules
677 2338 876 2370 tenuere:
912 2328 955 2369 id
985 2327 1109 2369 modo
1131 2337 1299 2369 cautum
1331 2337 1406 2378 est,
1430 2344 1497 2378 ne,

76 2407 95 2433 ⁴
107 2385 139 2427 si
154 2387 276 2428 ambo
293 2385 421 2428 fasces
434 2386 649 2435 haberent,
664 2386 902 2443 duplicatus
920 2395 1052 2427 terror
1064 2385 1287 2427 videretur.
1343 2385 1499 2428 Brutus

156 2530 165 2550 ι
200 2522 285 2558 Quia
315 2532 461 2551 annuum
493 2522 679 2560 imperinm]
740 2520 782 2550 lit
826 2526 857 2550 et
881 2520 919 2549 ἰν.
949 2529 995 2558 74.
1020 2521 1125 2550 Cum.
1157 2520 1195 2550 cs.
1217 2519 1327 2558 Lydus
1351 2520 1391 2550 dc
1412 2519 1500 2560 Mag.

110 2563 195 2601 quod
233 2563 387 2593 ὖπευθυνοὶ
424 2569 526 2599 erant,
555 2562 720 2602 quonium,
757 2563 780 2592 ni
828 2562 846 2593 i.
866 2573 914 2601 32·

110 2605 185 2644 quid
213 2610 322 2636 contra
349 2607 434 2644 legen
460 2616 516 2645 pro
540 2605 673 2645 imperio
697 2615 780 2636 com-
870 2615 887 2644 3
912 2606 1080 2642 (bn-eules]
1107 2604 1281 2643 Στρατηγοὶ
1295 2604 1437 2635 zonam
1450 2605 1500 2637 vii.

111 2647 279 2683 minim-ent.
295 2648 488 2679 circumacto
505 2648 627 2688 imperii
651 2659 747 2682 anno,
762 2659 780 2678 n
831 2657 875 2687 lc).
921 2649 1086 2678 l'ructorvs
1112 2648 1240 2686 quidem
1271 2647 1330 2678 hoc
1357 2652 1502 2688 tempore

109 2692 328 2731 quantor-ihm
362 2693 531 2731 parricidii
566 2691 596 2721 in
628 2691 780 2721 iudicium
825 2690 994 2730 appellati,
1031 2701 1133 2729 neque
1172 2700 1287 2720 nomen
1326 2692 1502 2727 carmalum.

110 2733 224 2773 cupitis
241 2734 442 2764 vocabuntur.
828 2733 883 2762 nisi
911 2739 979 2772 pust
1004 2732 1268 2767 decemvirntuni,
1285 2733 1316 2763 in
1341 2743 1432 2764 unum
1451 2744 1500 2765 ve-

157 2786 169 2806 2
196 2778 312 2805 ‹tmm'a
340 2777 497 2814 imifflzin]
542 2777 670 2806 ΙΤιιυῑι-ι·
695 2787 780 2806 curn<
828 2776 882 2805 uit.
911 2776 976 2806 Liv.
1006 2775 1048 2806 iii.
1078 2785 1126 2814 55.
1169 2777 1320 2807 (masna-s
1347 2787 1366 2806 u
1391 2788 1500 2807 vom-u·

111 2829 183 2849 nnm
201 2829 343 2853 nnn-um,
355 2823 528 2858 nccptmm,
540 2823 571 2848 et
589 2829 780 2858 purpureum
826 2820 917 2848 lrmlu
933 2818 1000 2848 ('ic.
1018 2819 1058 2848 «le
1078 2819 1170 2856 Legg.
1188 2818 1228 2848 iii.
1244 2828 1270 2858 3.
1310 2821 1453 2855 Fon-sul,
1467 2825 1500 2850 ut

109 2861 565 2892 numium-rtemanntrum-nm.
585 2864 781 2900 Quanquam
827 2862 943 2893 cx-mil.
969 2862 1118 2900 prae-sul.
1137 2861 1214 2891 nihi}
1241 2866 1365 2901 prm-ter
1387 2864 1500 2894 con-le-

110 2905 219 2935 tmben
235 2904 363 2944 quidem
382 2904 427 2934 usi
444 2904 602 2939 cumulos,
617 2904 669 2934 scd
693 2914 784 2939 rnrn;
824 2915 897 2943 yrum
922 2904 1090 2942 significat,
1113 2910 1146 2934 ut
1173 2905 1238 2935 vult
1267 2904 1399 2936 Niebhr.
1425 2905 1443 2936 i.
1471 2916 1498 2945 p.

111 2947 201 2978 utatis
216 2958 332 2987 nempe
349 2947 435 2977 sestis
448 2947 570 2980 «liebus.
582 2952 612 2976 ct
630 2947 659 2977 in
674 2946 778 2976 trium
828 2956 897 2985 512.

114 2989 198 3029 phali
234 3001 360 3030 pompa.
422 2990 494 3020 Vid.
531 2990 624 3020 niun.
658 2989 698 3020 iii.
731 2989 779 3019 (nt.
870 3002 886 3027 ⁴
911 2992 944 3019 xi
973 2991 1060 3021 ambo
1079 2991 1188 3029 sust-cs
1213 2991 1383 3029 haberent]
1419 2991 1497 3022 Vult
