1934 3211
203 274 246 305 U.
265 274 302 304 C.
320 284 391 314 33²-

200 317 239 348 A.
264 318 301 348 C.
319 329 391 356 4²0·

421 189 504 227 266
944 187 1092 230 ΤΙΤῙ
1129 187 1306 230 LIVII

420 275 499 315 ‘ab
515 290 558 316 se
575 275 843 331 imperatoria
858 277 1043 327 consilia,
1059 293 1143 318 neu
1157 277 1395 319 consulares
1409 285 1516 318 artes
1530 276 1815 341 exquirerent,

420 336 556 388 ‘quae
589 333 840 389 pensitanda
875 349 1044 390 quoque
1078 335 1240 389 magnis
1281 334 1431 375 animis
1471 343 1597 389 atque
1635 332 1846 389 ingeniiS1

421 394 432 412 ‘
449 398 613 455 essen-t3
647 390 733 440 sed,
763 391 879 446 quod
907 392 1070 440 viderit,
1099 392 1252 432 referre
1280 406 1412 447 posse.
1476 391 1644 431 Vidisse
1673 398 1816 430 autem

420 451 432 469 ‘
447 461 490 487 36
512 447 639 502 prius,
664 463 790 503 quam
812 449 864 488 ab
886 449 974 489 acie
997 448 1361 497 intercluderetur,
1379 448 1627 489 consulem
1617 463 1660 487 m
1682 447 1818 502 prima

445 504 531 544 acie
554 515 828 560 pugnantem,
848 505 1155 554 adhoimtantem
1171 505 1282 545 inter
1302 505 1420 560 signa
1437 505 1632 546 Romana
1648 503 1815 558 telaque

420 561 627 602 ‘hostium
648 570 907 602 versantem:
941 570 1087 616 postea
1107 576 1149 601 se
1179 562 1230 601 ab
1253 570 1482 617 conspectu
1511 576 1681 602 suorum
1703 559 1817 601 abla-

420 623 545 658 ‘tum.
611 618 678 658 Ex
709 619 887 673 strepitu
917 627 1059 658 tamen
1090 627 1133 658 et
1163 617 1342 658 clamore
1375 618 1564 666 sensisse,
1597 633 1730 672 usque
1762 616 1817 657 ad

419 681 614 716 ‘noctem
636 684 869 716 extiactum
891 682 1122 714 certamen:
1156 689 1234 714 nec
1257 674 1311 714 ad
1333 673 1555 722 tumulum,
1579 689 1705 729 quem
1728 674 1815 729 ipse

418 738 429 755 ⁶
448 741 651 780 tenuerat,
694 746 792 786 prae
835 730 1107 771 multitudine
1156 730 1340 771 hostium
1382 730 1553 771 credere
1600 730 1817 786 periumpi

419 789 637 844 ‘potuisse
703 788 926 828 Exercitus
947 787 1019 828 ubi
1048 796 1169 837 esset,
1192 802 1234 828 se
1256 788 1438 828 nescire:
1476 787 1679 837 albitrari,
1701 786 1817 828 velut

419 851 429 868 ‘
446 846 532 900 ipse
556 845 599 884 in
621 860 664 885 re
687 845 852 900 trepida
872 845 953 885 loci
975 845 1182 900 praesidio
1204 860 1247 886 se
1276 860 1457 900 suosque
1480 845 1532 885 sit
1561 853 1732 894 tutatus,
1755 845 1815 886 sic

418 902 660 942 ‘consulem
682 902 894 943 vservandi
936 902 1144 943 exercitus
1185 918 1309 943 causa
1347 902 1439 943 loca
1478 902 1633 943 tutiora
1673 902 1815 943 castris

418 965 428 982 ‘
442 959 612 1014 cepisse.
677 959 771 1000 Nec
800 959 1053 1001 Volscorum
1074 959 1267 1001 meliores
1288 974 1352 1000 res
1369 974 1456 1000 esse
1479 959 1664 1009 credere,
1687 974 1815 1014 quam

418 1016 588 1072 ‘populi
638 1015 834 1057 Romani.
918 1016 1147 1058 Fortunam
1188 1026 1441 1072 noctemque
1483 1016 1625 1057 omnia
1664 1016 1815 1057 erroris

417 1073 579 1114 ‘mutui
604 1073 837 1129 implesse:⁹
867 1082 1196 1129 piecantemque
1225 1073 1394 1123 deinde,
1417 1089 1470 1114 ne
1500 1089 1543 1114 se
1571 1074 1726 1114 fessum
1754 1073 1815 1114 13-

415 1131 513 1171 1)016
537 1146 584 1171 36
606 1131 848 1172 vulnelibus
870 1139 1076 1180 tenerent,
1091 1146 1188 1171 cum
1205 1131 1368 1186 ingenti
1383 1130 1521 1180 laude,
1539 1146 1627 1172 non
1647 1130 1814 1171 virtutis

415 1188 559 1243 magis,
592 1203 718 1243 quam
756 1188 1067 1237 moderationis,
1100 1188 1330 1229 dimissum.
1397 1183 1542 1235 Quum
1576 1188 1680 1228 haec
1716 1203 1814 1243 age-

414 1255 571 1295 rentur,
606 1261 689 1286 iam
722 1245 868 1286 consul
903 1246 970 1286 via
1004 1245 1216 1286 Lavicana
1251 1245 1305 1286 ad
1334 1245 1479 1285 fanum
1513 1245 1681 1292 Quietis
1711 1253 1811 1286 6131.

416 1302 481 1343 Eo
522 1303 645 1343 missa
680 1302 863 1358 plaustra
904 1303 1176 1357 iumentaque
1218 1302 1299 1342 alia
1339 1303 1389 1343 ab
1430 1303 1533 1342 urbe
1567 1301 1815 1351 exercitum,

416 1360 612 1400 affectum
642 1360 802 1415 proelio
833 1375 880 1401 36
911 1361 978 1401 via
1007 1368 1226 1409 nocturna,
1260 1374 1476 1415 excepere.
1539 1358 1689 1399 Paullo
1719 1367 1814 1414 post

415 1416 459 1456 in
481 1417 628 1457 urbem
649 1426 711 1457 est
733 1418 942 1473 ingressus
972 1417 1130 1466 consul,
1153 1432 1238 1458 non
1262 1418 1312 1458 ab
1334 1432 1376 1457 se
1400 1416 1531 1472 magis
1552 1416 1677 1457 enixe
1699 1431 1814 1457 amo-

415 1489 516 1514 vens
548 1474 727 1529 culpam,
762 1490 889 1529 quam
927 1474 1211 1530 Tempanium
1248 1474 1407 1514 meritis
1437 1473 1631 1514 laudibus
1661 1473 1810 1514 ferens.

417 1530 604 1570 BIaestae
642 1531 800 1572 civitati
836 1532 886 1572 ab
920 1547 963 1572 re
1000 1531 1108 1571 male
1144 1540 1262 1587 gesta
1297 1540 1340 1572 et
1372 1531 1500 1571 iratae
1534 1530 1711 1571 ducibus
1747 1529 1810 1571 M.

416 1587 658 1627 Postumius
680 1602 773 1627 reus
795 1588 994 1636 obiectus,
1019 1589 1092 1643 qui
1115 1589 1308 1629 tribunus
1330 1588 1511 1628 militum
1531 1602 1608 1643 pro
1640 1587 1811 1628 consule
1874 1632 1880 1634 μ

415 1644 469 1684 3(1
493 1644 619 1684 Veios
640 1644 786 1693 fuerat,
805 1644 955 1685 decem
976 1644 1160 1685 millibus
1182 1645 1287 1685 aeris
1303 1645 1438 1699 gravis
1460 1644 1694 1685 damnatur.
1758 1644 1808 1685 T.
1826 1659 1844 1680 2

419 1701 669 1748 Quinctium
691 1701 893 1756 collegam
916 1702 1018 1749 eius,
1037 1701 1137 1755 quia
1157 1710 1199 1741 et
1220 1701 1263 1741 in
1282 1701 1446 1742 Volscis
1463 1700 1608 1741 consul
1626 1701 1812 1756 auspicio

415 1758 627 1798 dictatoris
649 1757 855 1798 Postumii
872 1757 1063 1806 Tuberti,
1079 1766 1122 1798 et
1142 1758 1196 1798 ad
1218 1757 1397 1797 Fidenas
1418 1757 1580 1813 legatus
1597 1758 1812 1798 dictatoris

415 1815 584 1855 alterius
612 1814 746 1855 Mam.
763 1814 949 1863 Aemilii,
972 1829 1037 1854 res
1058 1829 1254 1870 prospere
1276 1823 1471 1869 gesserat,
1494 1823 1623 1854 totam
1645 1814 1812 1870 culpam

415 1872 504 1912 eius
537 1872 737 1926 temporis
773 1872 817 1911 in
853 1871 1201 1926 praedamnatum
1235 1870 1439 1926 collegam
1476 1871 1809 1921 transferentem,

415 1944 559 1970 omnes
591 1929 722 1969 tribus
753 1928 1029 1969 absolverunt.
1093 1928 1302 1968 Profuisse
1335 1928 1374 1968 61
1405 1927 1651 1969 Cincinnati
1681 1929 1810 1984 patris

414 1986 616 2026 memoria
648 1985 814 2034 dicitur,
852 1984 1100 2026 venerabilis
1132 1985 1222 2034 viri,
1260 1994 1302 2026 et
1335 1993 1506 2026 exactae
1540 1985 1623 2026 iam
1664 1986 1810 2026 aetatis

417 2042 683 2098 Capitolinus
716 2042 956 2091 Quinctius,
980 2042 1224 2097 suppliciter
1252 2056 1385 2090 orans,
1409 2057 1462 2082 ne
1491 2057 1548 2090 se,
1570 2043 1687 2083 brevi
1714 2042 1811 2083 reli-

416 2115 499 2155 quo
516 2100 624 2140 vitae
643 2100 789 2155 spatio,
809 2108 894 2139 tam
917 2099 1076 2140 tristem
1092 2099 1291 2140 nuntium
1305 2099 1410 2140 ferre
1433 2099 1486 2139 ad
1506 2098 1810 2140 Cincinnatum

414 2166 668 2213 paterentur.

472 2214 598 2255 Plebs
620 2215 810 2256 tribunos
840 2214 954 2270 plebi
982 2215 1186 2263 absentes,
1213 2214 1309 2255 Sex.
1327 2214 1623 2270 Tempanium,
1646 2214 1700 2255 A.
1720 2213 1811 2255 Sel-

414 2271 530 2320 lium,
569 2271 664 2312 Sex.
685 2271 932 2320 Antistium,
965 2280 1008 2312 et
1047 2271 1115 2327 Sp.
1137 2271 1317 2320 Icilium,
1354 2271 1477 2320 fecit3
1521 2286 1626 2326 quos
1661 2280 1704 2312 et
1734 2286 1841 2326 pr03

414 2329 729 2370 centurionibus
750 2328 828 2369 sibi
849 2328 1145 2384 praefecerant,
1170 2328 1405 2384 Tempanio
1427 2337 1609 2377 auctore,
1632 2328 1807 2382 equites

466 2463 477 2483 1
506 2455 596 2490 Quae
619 2453 816 2492 pensitanda
839 2452 979 2492 quoque]
1010 2451 1042 2481 h.
1063 2461 1089 2482 e.

416 2495 565 2530 Quorum
589 2494 753 2533 inquisitio
775 2504 902 2532 qnoque
927 2497 959 2523 et
984 2493 1090 2523 existi-

414 2537 514 2567 matio
539 2537 662 2576 magnis
689 2536 805 2567 animis
831 2539 929 2574 atque
955 2535 1091 2575 ingeniis

416 2579 579 2618 indigeret.
625 2580 797 2610 Pensitare
821 2577 906 2608 enim
931 2581 977 2607 est
1000 2578 1090 2616 quasi

413 2622 454 2651 ad
466 2622 609 2660 regulam
622 2625 653 2651 et
664 2621 809 2651 libellam
820 2619 943 2658 aliquid
955 2619 1090 2659 exigere.

416 2664 540 2693 RAscn.

459 2715 474 2735 2
499 2706 596 2736 Aeris
609 2706 737 2744 yravis]
768 2704 897 2734 Assium
914 2705 1089 2741 libraliam,

414 2747 469 2784 qni
496 2747 527 2776 in
555 2747 707 2776 solvendo
734 2757 798 2777 11011
825 2747 1090 2783 numerabantur,

416 2788 528 2817 saltem
554 2789 607 2817 ubi
630 2789 779 2827 grandior
797 2799 923 2818 summa
940 2792 1018 2825 erat,
1034 2789 1090 2818 sed

417 2831 693 2867 appendebantur.
750 2831 832 2861 Inde
861 2834 931 2860 orta
957 2834 1005 2860 est
1033 2840 1090 2869 ap-

419 2870 550 2908 pellatio
567 2874 651 2901 (teris
663 2874 774 2911 yravis
789 2873 875 2911 quod
893 2872 1090 2912 distinguen-

419 2912 495 2941 dum
523 2916 568 2942 est
595 2914 636 2942 ab
663 2924 735 2944 aere
760 2915 846 2951 rudi,
869 2924 932 2953 quo
960 2913 1090 2944 nomine

1135 2461 1190 2481 aes
1212 2461 1276 2480 non
1300 2450 1459 2490 signatum
1475 2450 1677 2490 intelligitur.
1701 2450 1809 2481 Cama

1136 2493 1275 2523 Necnon
1288 2494 1328 2522 ab
1341 2494 1465 2523 assibus
1481 2493 1671 2532 simpliciter
1686 2492 1810 2532 positis,

1135 2535 1189 2574 qui
1215 2545 1342 2573 semper
1365 2546 1450 2566 asses
1472 2537 1613 2574 signatos
1640 2534 1809 2565 cuiuscun-

1135 2587 1197 2616 que
1220 2577 1381 2616 ponderis,
1410 2581 1505 2616 prout
1528 2577 1636 2616 pondo
1659 2577 1810 2607 diminuti

1134 2619 1265 2655 fuerint,
1282 2619 1471 2658 significant.

1184 2671 1200 2700 3
1227 2663 1312 2698 ans
1335 2666 1366 2692 et
1392 2672 1454 2701 pro
1479 2662 1721 2692 centurionibus
1749 2662 1810 2691 sibi

1130 2705 1383 2743 praefecerant.
1401 2727 1408 2734 .
1427 2727 1434 2734 .
1451 2705 1588 2743 equites]
1621 2704 1661 2733 In
1685 2703 1742 2733 illa
1764 2702 1808 2732 ni-

1134 2745 1251 2775 mirum
1264 2749 1370 2781 nocte,
1381 2756 1477 2784 quam
1494 2745 1659 2776 interclusi
1672 2756 1692 2775 a
1703 2748 1809 2775 cetero

1134 2787 1277 2818 exercitu
1301 2787 1333 2817 in
1357 2788 1484 2817 tumulo
1509 2789 1549 2817 ab
1580 2787 1726 2817 hostibus
1751 2786 1807 2816 cir-

1135 2840 1294 2860 cumsesso
1311 2829 1378 2859 sine
1400 2829 1495 2859 certis
1511 2829 1646 2859 ducibus
1668 2831 1807 2867 egerant.

1133 2874 1201 2902 Pro
1216 2873 1457 2903 centurionibus
1472 2875 1581 2901 autem
1595 2870 1672 2900 dicit
1686 2869 1807 2906 Livius,

1134 2923 1199 2944 non
1214 2915 1428 2951 centuriones,
1440 2913 1516 2952 quia
1530 2911 1612 2943 nulli
1628 2914 1718 2942 erant
1735 2921 1806 2942 cen—
