1934 3211
438 176 490 214 32
943 173 1090 216 ΤΙΤΙ
1132 174 1310 216 LIVII

224 272 322 304 Inius
332 283 422 304 voca-
435 263 631 305 horrendi
667 264 861 305 carminis
897 272 1010 305 erat:
1056 270 1067 288 ⁶
1084 264 1307 306 Duumviri
1343 263 1673 321 perduellionem
1712 263 1821 304 iudi-
1835 276 1852 306 5

220 319 281 347 tur.
437 327 572 363 ‘cent.
637 321 681 362 Si
717 337 741 362 a
775 322 1005 363 duumviris
1035 323 1278 378 provocarit,
1315 322 1607 379 provocatione
1638 329 1818 362 certato:

437 385 449 403 ‘
463 379 497 420 si
517 379 698 429 vincent,
716 388 841 435 caput
861 380 1081 421 obnubito:
1106 380 1262 422 infelici
1283 380 1418 421 arbori
1434 387 1540 421 reste
1557 379 1818 435 suspendito:

437 442 449 461 ‘
464 437 679 478 verberato
695 437 761 478 vel
776 437 885 478 intra
900 438 1173 493 pomoerium,
1191 438 1256 479 vel
1272 447 1391 478 extra
1405 437 1694 494 pomoerium.’
1726 435 1820 477 Hac

434 494 526 551 lege
543 495 754 536 duumviri
773 495 912 544 creati,
931 495 1004 550 qui
1025 510 1067 536 se
1089 495 1299 537 absolvere
1321 510 1407 536 non
1428 495 1626 536 rebantur
1645 509 1695 535 ea
1713 494 1819 550 lege,

434 568 488 594 ne
524 552 743 594 innoxium
776 552 960 608 quidem,
993 568 1125 609 posse,
1158 568 1288 608 quum
1321 552 1691 600 condemnassent3
1730 559 1851 592 tumss

434 610 538 651 alter
559 625 611 651 ex
631 610 708 660 his,
739 616 751 634 ‘
766 610 813 651 P.
840 610 1002 660 Horati,
1026 611 1101 651 tibi
1121 609 1451 666 perduellionem
1473 608 1639 657 iudico,’
1668 608 1818 664 inquit.

436 674 449 691 ‘
465 667 498 718 I,
521 667 653 717 lictor,
682 667 832 724 colliga
856 668 1028 709 manus)
1087 668 1335 709 Accesserat
1361 667 1493 715 lictor,
1524 665 1820 721 iniiciebatque

433 725 642 781 laqueum.
706 725 818 766 Tum
850 724 1064 775 Horatius,
1101 734 1268 766 auctore
1305 724 1444 774 Tullo,
1481 723 1688 765 clemente
1717 723 1821 779 legis

433 783 673 839 interprete,
704 783 944 832 ‘Provoco,'
974 783 1123 838 inquit.
1186 782 1251 823 Ita
1280 782 1332 823 de
1362 781 1657 838 provocatione
1689 789 1852 824 certa-7

433 850 523 881 tum
554 840 607 881 ad
633 839 836 896 populum
867 849 940 881 est.
1003 840 1114 881 Moti
1149 840 1341 881 homines
1370 847 1468 880 sunt
1497 839 1541 879 in
1572 853 1622 879 eo
1650 838 1819 888 iudicio,

432 898 612 938 maxime
629 897 676 938 P.
695 897 872 939 Horatio
892 906 1008 954 patre
1030 898 1324 954 proclamante,
1343 913 1384 938 se
1401 896 1529 938 filiam
1550 896 1639 937 iure
1656 911 1820 937 caesam

433 955 635 996 iudicare:
670 955 714 995 ni
735 955 793 996 ita
813 964 932 1005 esset,
954 956 1088 1011 patrio
1110 955 1197 996 iure
1220 956 1263 996 in
1284 955 1417 996 filium
1438 953 1821 995 animadversurum

431 1012 569 1053 fuisse.
606 1011 764 1054 Orabat
785 1013 951 1063 deinde,
969 1028 1022 1054 ne
1045 1028 1100 1062 se,
1119 1028 1245 1068 quem
1266 1012 1407 1069 paullo
1428 1021 1524 1053 ante
1542 1027 1637 1052 cum
1655 1012 1823 1068 egregia

432 1070 559 1126 stirpe
593 1071 918 1126 conspexissent,
951 1071 1099 1111 orbum
1134 1070 1273 1111 liberis
1308 1070 1504 1111 facerent.
1570 1068 1689 1110 Inter
1717 1068 1821 1110 haec

432 1142 573 1176 senex,
603 1127 798 1168 iuvenem
820 1127 1048 1183 amplexus,
1080 1127 1211 1183 spolia
1234 1127 1518 1169 Curiatiorum
1538 1126 1623 1168 fixa
1643 1142 1692 1168 eo
1713 1126 1819 1176 loco,

433 1185 507 1240 qui
537 1200 651 1226 nunc
679 1185 772 1226 Pila
800 1184 978 1226 Horatia
1007 1185 1251 1241 appellatur,
1285 1193 1510 1234 ostentans,
1541 1190 1553 1208 ⁶
1570 1184 1852 1234 Hunccine,'8

433 1243 580 1292 aiebat,
611 1248 623 1266 ‘
639 1258 766 1299 quem
787 1242 913 1283 modo
940 1242 1182 1283 decoratum
1211 1251 1489 1298 ovantemque
1509 1242 1682 1283 victoria
1707 1241 1821 1282 ince-

435 1300 633 1342 ‘dentem
655 1300 836 1350 vidistis,
874 1300 1073 1350 Quirites,
1111 1315 1208 1341 eum
1240 1300 1316 1341 sub
1347 1300 1463 1341 furca
1489 1299 1677 1340 vinctum
1711 1298 1822 1340 inter

435 1363 447 1381 ‘
462 1359 634 1399 verbera
654 1367 696 1399 et
718 1358 923 1399 cruciatus
943 1358 1084 1399 videre
1107 1358 1307 1414 potestis?
1338 1357 1452 1413 quod
1471 1357 1542 1398 vix
1559 1356 1821 1398 Albanorum

435 1415 571 1457 ‘oculi
598 1424 682 1457 tam
713 1415 896 1456 deforme
928 1415 1211 1471 spectaculum
1240 1415 1346 1456 ferre
1377 1422 1557 1471 possent.
1619 1413 1654 1464 I,
1685 1413 1819 1464 lictor,

434 1479 446 1497 ‘
461 1473 610 1529 colliga
630 1488 789 1523 manus,
813 1488 919 1528 quae
940 1472 1081 1529 paullo
1102 1481 1199 1513 ante
1221 1481 1402 1514 armatae
1423 1472 1646 1528 imperium
1665 1471 1822 1528 populo

433 1537 444 1555 ‘
463 1531 656 1572 Romano
685 1539 950 1587 pepererunt.
1013 1529 1047 1580 I,
1079 1539 1205 1586 caput
1234 1531 1401 1571 obnube
1436 1529 1672 1571 liberatoris
1707 1529 1822 1570 urbis

433 1595 445 1612 ⁶
460 1589 606 1630 huius:
638 1589 774 1630 arbori
794 1588 950 1629 infelici
971 1588 1195 1644 suspende:
1223 1588 1407 1637 verbera,
1430 1587 1497 1628 vel
1516 1587 1626 1628 intra
1649 1601 1820 1643 pomoe-

433 1647 581 1696 ‘rium,
618 1646 743 1688 modo
778 1646 889 1687 inter
920 1645 991 1686 illa
1021 1645 1107 1702 pila
1138 1654 1181 1686 ct
1211 1645 1342 1701 spolia
1371 1644 1574 1694 hostium3
1611 1643 1679 1685 vel
1703 1652 1822 1685 extra

433 1710 445 1728 ‘
460 1704 732 1760 pomoerium,
750 1703 876 1745 modo
896 1703 1006 1744 inter
1026 1703 1214 1759 sepulcra
1233 1702 1527 1744 Curiatiorum.
1587 1701 1685 1750 Quo
1707 1701 1820 1743 enim

432 1768 445 1786 ‘
461 1762 613 1803 ducere
635 1762 748 1803 hunc
776 1761 972 1802 iuvenem
993 1760 1177 1817 potestis,
1204 1761 1276 1802 ubi
1297 1776 1383 1801 non
1404 1775 1478 1801 sua
1497 1760 1649 1801 decora
1673 1774 1770 1800 eum
1797 1774 1823 1800 a

433 1825 577 1861 ‘tanta
605 1819 805 1860 foeditate
838 1818 1030 1875 supplicii
1060 1818 1318 1859 vindicent?'
1379 1817 1480 1858 Non
1511 1817 1608 1858 tulit
1641 1816 1822 1873 populus

430 1893 508 1919 nec
530 1877 656 1934 patris
676 1877 877 1926 lacrimas,
906 1891 984 1917 nec
1006 1876 1133 1932 ipsius
1154 1891 1296 1932 parem
1317 1875 1362 1916 in
1383 1875 1498 1916 omni
1518 1874 1704 1930 periculo
1732 1874 1821 1915 ani-

431 1950 564 1976 mum:
589 1935 936 1990 absolveruntque
953 1934 1226 1974 admiratione
1244 1933 1374 1989 magis
1389 1932 1565 1981 virtutis,
1583 1947 1709 1987 quam
1730 1932 1820 1973 iure

432 2008 590 2035 causae.
653 1993 816 2048 Itaque,
838 2001 886 2032 ut
906 1991 1054 2032 caedes
1079 1991 1297 2032 manifesta
1323 1990 1463 2046 aliquo
1488 1998 1629 2031 tamen
1655 1989 1821 2045 piaculo

431 2050 628 2099 lueretur,
650 2051 901 2106 imperatum
922 2049 1042 2105 patri,
1072 2058 1119 2089 nt
1140 2049 1272 2089 filium
1300 2048 1489 2104 expiaret
1511 2047 1692 2104 pecunia
1714 2047 1821 2103 pub-

431 2108 520 2150 lica.
595 2108 648 2158 Is,
686 2107 937 2164 quibusdam
976 2106 1254 2163 piacularibus
1293 2105 1502 2147 sacrificiis
1540 2104 1671 2154 factis,
1712 2119 1820 2160 quae

431 2166 585 2207 deinde
621 2166 739 2222 genti
771 2164 972 2206 Horatiae
1010 2164 1161 2205 tradita
1195 2172 1305 2213 sunt,
1338 2162 1575 2204 transmisso
1606 2177 1683 2218 per
1710 2162 1820 2203 viam

432 2224 577 2280 tigillo,
600 2223 735 2280 capite
757 2223 971 2279 adoperto,
985 2221 1100 2263 velut
1120 2222 1196 2263 sub
1217 2221 1362 2277 iugum
1383 2220 1496 2261 misit
1516 2220 1723 2261 iuvenem.
1768 2219 1821 2260 Id

216 1946 401 1977 Absolvitur

215 1999 234 2018 a
252 1990 288 2021 P.
307 1990 347 2021 R.

1145 2344 1179 2371 et
1195 2341 1280 2371 diem
1296 2339 1393 2370 alicui
1410 2338 1499 2376 dicit,
1514 2338 1548 2369 id
1568 2348 1633 2368 non
1648 2338 1693 2368 ita
1707 2340 1821 2368 notum

1147 2393 1215 2413 esse
1237 2383 1403 2413 arbitror.''
1449 2382 1543 2411 Haec
1558 2391 1608 2411 res
1623 2379 1647 2410 si
1664 2379 1709 2410 ita
1724 2379 1749 2410 si
1765 2380 1819 2410 ha-

1147 2427 1232 2463 beat,
1262 2424 1421 2455 duumviri
1445 2434 1509 2454 non
1535 2423 1595 2453 nisi
1620 2425 1822 2453 accusatores

1148 2468 1270 2507 publici
1292 2468 1333 2497 ad
1358 2467 1515 2507 populum
1539 2468 1649 2502 erant3
1675 2465 1772 2504 quod,
1794 2465 1820 2495 si

1148 2520 1220 2541 reus
1250 2520 1423 2549 provocare
1452 2507 1617 2545 noluisset,
1646 2511 1678 2538 et
1711 2507 1757 2538 ita
1787 2517 1821 2538 se

445 2368 447 2373 .
480 2352 497 2383 5
524 2343 699 2381 Carminis]
741 2342 806 2373 Hic
829 2342 910 2372 nihil
933 2341 1021 2372 aliud
1044 2344 1103 2378 est,

432 2397 528 2426 quam
545 2389 631 2416 ce1ta
646 2385 848 2424 solennisque
864 2385 1030 2415 verborum
1043 2384 1102 2413 for-

432 2429 530 2460 mula.
554 2429 659 2460 CREV.
711 2427 868 2458 Niebuhr.
889 2427 1008 2466 placet,
1024 2426 1104 2457 haec

431 2472 502 2511 ipsa
518 2473 613 2502 verba
633 2471 757 2510 antiqui
773 2469 922 2500 carminis
937 2479 1014 2500 esse.
1052 2469 1103 2500 Cf.

433 2516 579 2545 Macrob.
597 2514 723 2544 Saturn.
740 2513 772 2543 ii.
793 2511 839 2544 16.

475 2556 495 2588 6
516 2560 569 2588 Ne
590 2558 758 2587 innom'um
779 2555 921 2596 quidem]
956 2555 1105 2585 Muretus

433 2606 542 2630 autem
565 2599 598 2630 in
622 2600 699 2629 Var.
724 2599 813 2629 Lect.
837 2597 901 2627 xiv.
929 2596 976 2634 16,
1002 2598 1104 2627 “con-

433 2644 604 2673 ‹lemnandz'
620 2643 751 2672 verbum
764 2651 827 2671 non
838 2641 878 2670 de
890 2639 995 2670 iudice
1010 2640 1106 2669 modo

434 2685 489 2713 sed
502 2689 533 2714 et
546 2686 585 2715 de
597 2688 792 2720 accusatore,
804 2683 858 2722 qui
870 2693 959 2713 reum
973 2681 1106 2722 peragit,

434 2726 508 2763 dici,
537 2737 632 2757 nemo
660 2731 718 2764 est,
747 2726 871 2765 opinor,
899 2725 975 2764 quin
1004 2725 1104 2754 sciat:

433 2768 541 2807 idque,
557 2774 588 2798 et
608 2773 678 2808 post
698 2770 738 2799 ab
761 2769 842 2805 aliis,
859 2771 891 2798 et
913 2767 1104 2807 iampridem

434 2812 475 2840 ab
498 2811 710 2841 eruditissimo
728 2812 862 2841 Budaeo
884 2814 1031 2841 notatum
1047 2813 1104 2840 est.

435 2853 498 2883 Sed
524 2854 666 2883 iudicare
693 2864 819 2892 quoque
843 2853 917 2891 diei,
940 2863 1003 2883 non
1031 2862 1103 2882 eum

436 2895 542 2932 modo,
565 2895 619 2933 qui
644 2895 828 2934 pronuntiat
855 2900 886 2926 et
913 2895 1104 2925 sententiam

436 2938 506 2975 fert,
523 2947 629 2968 verum
651 2947 723 2967 eum
741 2947 866 2976 quoque
889 2937 943 2976 qui
966 2941 1106 2974 accusat,

1148 2552 1282 2583 noxium
1316 2553 1475 2592 professus
1503 2554 1597 2588 esset,
1625 2554 1695 2580 tum
1728 2550 1822 2580 lictor

1148 2606 1263 2625 manus
1285 2594 1468 2634 colligabat,
1490 2597 1522 2624 et
1544 2597 1697 2632 tanquam
1720 2592 1820 2623 mani-

1149 2639 1230 2669 festa
1255 2648 1351 2673 noxa,
1373 2636 1477 2667 arbori
1502 2635 1622 2666 infelici
1648 2636 1820 2675 suspende-

1149 2682 1213 2711 bat.
1245 2680 1296 2711 Cf.
1313 2680 1381 2711 Cic.
1400 2679 1510 2710 Rabir.
1527 2691 1555 2717 4.

1195 2731 1211 2763 7
1234 2725 1287 2753 Ita
1303 2724 1356 2760 de]
1382 2724 1436 2753 Ita
1450 2723 1585 2759 demum,
1601 2721 1672 2752 MS.
1686 2720 1776 2751 Leid.
1791 2729 1819 2751 2.

1149 2766 1234 2805 quod
1250 2766 1358 2805 plures
1372 2766 1561 2804 approbant.

1191 2809 1210 2839 8
1234 2809 1310 2838 Pila
1333 2808 1490 2845 Horatia]
1542 2807 1714 2842 Columna,
1737 2814 1819 2844 quae

1148 2851 1181 2881 in
1205 2855 1449 2881 monumentum
1472 2849 1667 2889 tergeminae
1690 2847 1819 2878 Horatii

1150 2893 1298 2924 victoriae
1314 2898 1431 2931 crecta,
1445 2892 1528 2924 Livii
1543 2891 1648 2922 adhuc
1663 2899 1742 2921 aevo
1758 2893 1819 2920 sta-

1149 2938 1213 2967 bat.
1238 2937 1342 2969 szv.
