1934 3211
529 147 568 188 L
577 147 598 188 I
607 146 655 187 Β.
689 144 813 186 VIII.
865 145 901 186 C
913 146 953 186 A
965 145 1012 187 P.
1046 151 1113 188 34.
1436 151 1519 195 491

129 240 141 260 ‘
151 236 272 292 gerit.
335 235 447 276 Nam
469 235 615 291 populi
635 234 822 290 quidem,
839 249 971 291 penes
987 250 1116 291 quem
1136 245 1321 292 potestas
1333 239 1523 280 omnium
1539 248 1582 280 U.
1600 247 1638 280 C.
1655 256 1729 287 430·

128 297 141 317 ‘
155 307 295 334 rerum
316 300 436 341 esset,
458 307 511 333 ne
533 292 637 332 iram
659 291 833 348 quidem
855 307 1043 348 unquam
1064 293 1311 335 atrociorem
1332 294 1457 337 fuisse
1479 296 1524 337 in
1539 292 1577 322 A.
1601 291 1638 322 C.
1657 298 1729 329 3²²·

128 354 237 398 ‘eOS‚
270 349 345 405 qui
386 349 620 391 temeritate
656 358 783 405 atque
822 349 988 391 inscitla
1026 351 1236 392 exercitus
1276 351 1523 403 amisissent,

129 413 142 431 ‘
155 421 283 462 quam
304 414 352 448 ut
371 407 553 462 pecunia
572 422 643 448 eos
665 406 885 448 multaret:
919 407 1055 463 capite
1082 409 1340 464 anquisitum
1361 409 1415 450 ob
1436 424 1525 451 rem

128 463 264 506 ‘bello
285 463 392 505 male
418 473 579 520 gestam
600 464 653 505 de
679 464 929 520 imperatore
951 464 1069 506 nullo
1090 465 1144 506 ad
1173 480 1265 507 eam
1287 466 1400 507 diem
1421 482 1522 508 esse.

128 526 141 546 ‘
153 519 198 562 N
201 536 283 562 unc
305 521 483 563 ducibus
503 521 649 578 populi
674 521 869 572 Romani,
885 538 993 578 quae
1016 538 1069 564 ne
1083 523 1202 565 victis
1219 523 1393 580 quidem
1413 523 1525 566 bello

128 583 140 603 ‘
151 577 212 620 fas
231 579 371 628 fuerit,
389 579 524 635 virgas
540 588 583 621 et
604 595 770 621 secures
787 579 1026 630 victoribus,
1045 590 1089 622 et
1104 581 1350 623 iustissimos
1365 581 1525 623 meritis

127 641 140 660 ‘
156 636 390 692 triumphos
411 637 620 678 intentari.
687 637 805 686 Quid
826 637 940 678 enim
962 638 1134 679 tandem
1159 654 1378 695 passurum
1397 639 1524 681 fuisse

128 699 141 718 ‘
155 693 290 735 filium
331 709 467 744 suum,
499 695 533 735 si
574 695 807 736 exercitum
843 695 1068 737 amisisset:
1111 696 1145 737 si
1184 697 1312 747 fusus,
1344 696 1524 753 fugatus,

129 755 141 775 ‘
155 751 298 792 castris
323 761 476 793 exutus
495 752 670 794 fuisset?
704 752 803 800 Quo
825 752 935 794 ultra
961 753 1064 794 iram
1085 753 1414 811 violentiamque
1437 754 1527 796 eius

128 813 141 832 ‘
155 823 419 850 excessuram
438 809 576 859 fuisse,
594 825 721 866 quam
744 818 791 850 ut
811 810 1046 851 verberaret
1064 813 1350 868 necaretque?
1384 812 1527 860 Quam

128 867 410 908 ‘conveniens
439 882 541 917 csse,
563 876 735 923 propter
768 867 821 915 Q.
841 867 1018 908 Fabium
1039 868 1251 910 civitatem
1281 870 1326 910 in
1353 869 1525 920 laetitia,

128 929 140 948 ‘
156 924 341 974 victoria,
375 924 764 981 supplicationibus,
799 939 846 965 ac
877 925 1226 980 gratulationibus
1258 941 1369 968 csse:
1413 942 1525 977 cum,

128 987 140 1005 ‘
155 990 328 1038 propter
339 996 467 1037 quem
481 981 608 1022 deum
622 981 797 1022 delubra
812 990 998 1038 pateant,
1013 997 1106 1024 arae
1123 983 1335 1025 sacrificiis
1347 984 1525 1034 sument,

128 1045 140 1063 ‘
155 1039 328 1088 honore,
351 1039 474 1080 donis
495 1039 778 1089 cumulentur,
795 1039 1004 1080 nudatum
1019 1039 1145 1096 virgis
1166 1040 1339 1082 lacerari
1360 1042 1405 1082 in
1426 1057 1527 1083 con-

128 1102 141 1121 ‘
156 1105 304 1153 spectu
350 1096 497 1153 populi
546 1096 751 1138 Romani:
806 1096 1045 1138 intuentem
1093 1097 1353 1154 Capitolium
1399 1107 1525 1155 atque

99 1172 111 1193 1
129 1159 141 1178 ‘
156 1168 308 1204 arcem,
331 1154 517 1210 deosque
547 1155 598 1195 ab
621 1169 663 1196 se
691 1153 856 1195 duobus
886 1154 1056 1210 proeliis
1087 1155 1202 1196 haud
1221 1156 1372 1197 frustra
1399 1156 1527 1198 advo-

129 1217 142 1236 ‘
155 1212 300 1253 catos?
334 1211 434 1260 Quo
455 1211 498 1253 id
520 1212 661 1253 animo
683 1212 929 1261 exercitum,
953 1213 1026 1268 qui
1048 1213 1138 1254 eius
1160 1213 1292 1255 ductu
1313 1213 1528 1270 auspiciis-

129 1275 239 1325 ‘que
268 1269 446 1318 vicisset,
473 1269 686 1310 laturum?
717 1285 845 1325 quem
873 1269 1035 1311 luctum
1063 1271 1107 1310 in
1135 1271 1279 1312 castris
1309 1271 1526 1321 Romanis,

130 1333 284 1382 ‘quam
316 1326 515 1368 laetitiam
546 1327 656 1368 inter
685 1326 826 1368 hostes
856 1327 992 1368 fore?'
1025 1327 1157 1377 Haec,
1190 1328 1313 1370 simul
1344 1329 1526 1385 iurganS,

159 1399 322 1433 uerens,
341 1384 469 1425 deum
492 1384 797 1440 hominumque
820 1384 947 1426 fidem
970 1386 1194 1435 obtestans,
1218 1395 1260 1427 et
1281 1386 1527 1443 complexus

127 1400 276 1492 lilium,
318 1441 508 1498 plurimis
549 1457 645 1483 cum
692 1442 872 1483 lacrimis
913 1444 1073 1500 agebat.
1140 1443 1285 1485 Stabat
1331 1459 1428 1485 cum
1475 1459 1526 1484 eo

128 1508 297 1541 senatus
348 1500 552 1549 maiestas,
603 1500 718 1540 favor
773 1500 931 1556 populi,
984 1501 1257 1542 tribunicium
1307 1501 1526 1551 auxilium,

98 1558 331 1598 2memoria
363 1558 545 1598 absentis
578 1557 798 1598 exercitus.
863 1557 930 1598 Ex
963 1567 1079 1614 parte
1113 1558 1243 1600 altera
1279 1559 1528 1615 ‘imperium

131 1615 360 1656 ‘invictum
383 1614 529 1671 populi
553 1614 750 1664 Romani,
768 1623 810 1655 et
830 1614 1053 1671 disciplina
1073 1616 1133 1656 rei
1156 1616 1359 1666 militaris,
1375 1625 1418 1658 et
1438 1616 1528 1658 dic-

130 1677 143 1696 ‘
159 1672 303 1713 tatoris
326 1672 512 1713 edictum
534 1687 609 1728 pro
632 1672 806 1713 numine
835 1687 1001 1729 semper
1027 1674 1307 1724 observatum,
1330 1683 1371 1715 et
1402 1674 1530 1715 Man-

130 1734 142 1754 ‘
157 1729 269 1771 liana
294 1730 481 1786 imperia,
505 1739 547 1771 et
568 1729 806 1786 posthabita
826 1729 901 1770 filii
927 1731 1076 1772 caritas
1105 1731 1298 1787 publicae
1331 1731 1529 1782 utilitati,’

1610 1448 1678 1486 34.

127 1787 401 1828 iactabantur.
466 1793 476 1811 ‘
495 1786 590 1829 Hoc
604 1787 731 1828 ctiam
754 1787 803 1828 L.
822 1787 1015 1838 Brutum,
1031 1789 1293 1831 conditorem
1310 1789 1528 1831 Romanae
1543 1799 1720 1847 Dic-tatoris

130 1844 372 1894 ‘libertatis‚
407 1854 530 1886 antea
562 1845 605 1885 in
639 1845 804 1886 duobus
836 1845 976 1886 liberis
1008 1846 1165 1888 fecisse.
1229 1847 1358 1889 Nunc
1391 1846 1652 1904 patres‘mnffl

131 1907 143 1927 ‘
159 1917 311 1951 comcs,
334 1911 377 1943 ct
404 1918 524 1944 scncs
545 1902 685 1943 faciles
706 1902 758 1944 dc
781 1902 918 1943 alicno
940 1903 1117 1959 imperio
1149 1914 1302 1960 spreto,
1326 1914 1528 1961 tanquam

131 1960 217 2001 ‘rci
244 1975 409 2015 parvae,
432 1959 678 2015 disciplinae
711 1960 899 2000 militaris
927 1975 1093 2001 eversae
1118 1961 1325 2002 iuventuti
1353 1963 1530 2017 gratiam

132 2022 144 2041 ‘
160 2016 307 2058 facere.
374 2016 426 2057 Sc
450 2026 589 2057 tamen
604 2025 885 2071 perstaturum
903 2017 944 2056 in
969 2017 1159 2073 incepto:
1194 2034 1272 2060 ncc
1294 2019 1345 2067 oi,
1361 2019 1433 2074 qui
1457 2018 1531 2059 ad-

133 2080 299 2115 ‘vcrsus
329 2073 489 2114 dictum
521 2089 656 2122 snum,
682 2073 855 2114 turbatis
887 2073 1158 2128 religionibus
1189 2091 1235 2116 ac
1267 2075 1406 2116 dubiis
1437 2090 1530 2116 aus-

133 2138 144 2156 ‘
175 2132 293 2181 ficiis,
327 2140 564 2187 pugnasset,
597 2131 825 2187 quicquain
857 2146 908 2171 cx
942 2131 1049 2172 iusta
1080 2147 1214 2188 poena
1245 2133 1526 2174 remissurum.

134 2196 145 2214 ‘
161 2147 365 2231 lllaiestas
389 2189 551 2245 imperii
582 2199 841 2244 perpetuanc
864 2198 984 2237 esset,
1009 2204 1092 2230 non
1122 2205 1210 2232 csse
1241 2190 1284 2230 in
1310 2206 1385 2232 sua
1411 2200 1530 2247 potc-

133 2253 289 2289 ‘statcz
327 2247 375 2287 L.
397 2246 612 2302 Papirium
636 2246 740 2287 nihil
763 2246 816 2287 (lc
839 2246 929 2287 cius
952 2247 1040 2287 inre
1062 2247 1392 2289 (lcniinuturiun.
1439 2249 1530 2305 Op-

133 2311 145 2330 ‘
163 2314 264 2354 tare,
287 2320 340 2346 nc
366 2313 548 2360 potestas·
572 2304 806 2352 tribunicia,
831 2304 1029 2345 inviolata
1062 2305 1160 2361 ipsa,
1183 2306 1309 2346 violet
1333 2305 1531 2347 interces-

101 2382 119 2413 3
134 2368 146 2387 ‘
161 2363 277 2404 sione
300 2378 374 2403 sua
397 2362 638 2403 Romanuin
662 2362 898 2418 imperium,
923 2377 1004 2403 neu
1027 2363 1205 2419 populus
1229 2363 1270 2404 in
1302 2378 1345 2404 sc
1366 2363 1530 2419 potissi-

134 2426 278 2461 ‘mum
310 2420 558 2461 dictatorcm
587 2428 629 2460 ct
661 2420 724 2460 ius
752 2419 983 2460 dictaturae
1015 2421 1265 2475 exstinguat.
1340 2421 1468 2468 Quod
1496 2421 1529 2462 si

135 2477 336 2527 ‘fecissct‚
359 2493 444 2518 non
468 2477 516 2518 L.
539 2477 768 2533 Papirium,
790 2477 863 2518 scd
887 2478 1087 2525 tribunos,
1106 2478 1178 2519 scd
1197 2494 1367 2535 pravum
1388 2478 1531 2535 populi

183 2613 191 2633 1
223 2602 355 2632 Drmbmt
377 2603 524 2640 procliis]
563 2602 657 2640 Supr.
681 2611 730 2638 30,
758 2612 809 2640 pu-
855 2603 983 2631 curium
1013 2602 1050 2631 (Ιυ
1080 2602 1212 2640 impert-in
1242 2600 1390 2630 dictatori
1421 2601 1532 2640 populi

135 2646 248 2676 tion-m
272 2644 420 2673 hnbuim·
439 2644 563 2673 vida-tur
585 2644 694 2673 Liuius
714 2645 808 2673 lida-111
857 2643 985 2673 nomine
1002 2644 1207 2673 conuulsum!
1226 2649 1301 2673 emt.
1333 2644 1370 2673 cs.
1389 2653 1474 2682 sript,
1493 2643 1531 2674 vi.

135 2698 244 2719 cornui
271 2692 452 2721 uncturum,
475 2686 528 2724 qui
556 2687 653 2715 munel
683 2691 808 2715 tuntum
862 2686 906 2716 16.
925 2685 976 2715 ubi
993 2687 1111 2715 invicta
1124 2687 1182 2714 sim·
1199 2687 1354 2725 qmuwlum
1372 2687 1531 2717 civitalem

138 2741 294 2770 pugna-ou·
315 2729 448 2759 Fuluium
467 2728 635 2758 tranum-ro.
680 2729 741 2757 sm!
761 2727 812 2757 liic
850 2729 968 2766 saviam·
988 2728 1130 2764 lvgimnn.

136 2774 322 2812 loqur-ntem
347 2771 467 2800 indm-it
496 2776 616 2809 patu-in
635 2781 671 2799 cx
692 2782 728 2799 vn
746 2770 810 2809 opi·
903 2781 919 2808 ,ς
945 2772 982 2800 ln
1001 2782 1032 2800 Μ·
1047 2772 1261 2809 lentissimum!
1291 2772 1413 2801 Contra
1428 2782 1461 2801 nc
1479 2781 1531 2811 po-

137 2815 244 2851 nionc,
257 2825 339 2854 qunc
357 2814 455 2850 :nugis
472 2824 587 2843 cain-cic
603 2824 678 2842 nuuc
696 2814 809 2843 (invent.
857 2812 1026 2848 tissimum,
1053 2824 1094 2843 κν.
1127 2814 1157 2843 iu
1192 2813 1302 2854 populi
1330 2814 1530 2855 potissimum

136 2859 242 2889 Cum.
857 2856 1022 2887 «laurinum.
1050 2856 1156 2887 nonu.

182 2910 196 2931 2
222 2901 397 2941 Imprre'nm
423 2901 594 2938 invictum]
623 2899 720 2935 Quod
745 2900 812 2938 Irae
