1934 3211
451 180 530 218 198
967 174 1113 214 TITI
1150 173 1329 214 LIVII

235 282 279 313 U.
296 282 333 312 C.
353 288 422 320 305·
450 276 575 322 atque
598 265 656 306 ibi
678 265 728 305 ab
746 264 856 305 lanio
877 263 1011 304 cultro
1028 273 1205 319 arrepto,
1232 270 1242 287 ⁶
1257 263 1352 304 Hoc
1372 271 1410 304 te
1428 278 1525 312 uno,
1544 278 1629 318 quo
1645 261 1838 318 possum‚’

234 324 273 354 A·
298 325 424 371 (ἶ-ς147·
451 324 522 373 ait,
561 322 726 371 ‘modo,
758 321 855 370 filia,
890 322 933 375 in
968 321 1204 361 libertatem
1246 320 1438 361 vindico.⁹
1497 320 1652 361 Pectus
1684 318 1838 359 deinde

236 366 434 438 ἑῇἓῗζᾞζῐί
451 379 614 436 puellae
636 379 868 434 transfigit3
902 387 1222 433 respectansque
1245 378 1297 418 ad
1320 377 1514 427 tribunal,
1549 383 1559 400 ⁶
1577 377 1666 426 Te,’
1688 375 1839 431 inquit,

236 451 292 482 dit.
454 443 466 461 ⁶
482 437 611 493 Appi,
635 445 837 491 tuumque
870 443 993 490 caput
1023 435 1222 490 sanguine
1252 435 1331 475 1100
1359 435 1581 475 consecro.⁹
1644 432 1840 474 Clamore

453 495 506 535 ad
542 502 626 534 tam
662 502 780 533 atrox
816 492 975 532 facinus
1012 500 1101 531 orto
1136 492 1295 532 excitus
1329 491 1507 546 Appius,
1542 489 1843 546 comprehendi

454 551 695 606 Virginium
716 550 843 590 iubet.
906 548 981 588 Ille
1003 548 1123 596 ferro,
1148 562 1399 602 quacunque
1430 548 1527 597 ibat,
1549 548 1658 588 viam
1678 547 1839 587 facere:

454 609 602 656 donec,
620 606 890 647 multitudine
913 605 1038 645 etiam
1060 604 1403 659 prosequentium
1425 613 1584 652 tuente,
1607 604 1657 644 ad
1679 612 1844 658 portam

455 664 650 720 perrexit.
730 662 870 702 Icilius
913 661 1262 716 Numitoriusque
1304 675 1514 716 exsangue
1556 675 1706 715 corpus
1747 659 1844 700 sub-

455 722 587 762 latum
623 727 833 760 ostentant
868 717 1049 773 populo:
1095 718 1228 758 5001115
1256 717 1401 773 Appii,
1433 716 1597 773 puellae
1633 716 1844 758 infelicem

455 779 642 825 formam,
660 776 949 816 necessitatem
963 775 1090 830 patris
1104 774 1334 830 deplorant.
1382 774 1614 830 chuentes
1631 773 1847 815 clamitant

456 843 682 882 matronae,
712 838 723 855 ⁶
738 832 898 872 Eamne
915 831 1141 872 liberorum
1157 831 1510 887 procreandorum
1527 830 1844 872 conditionem?

459 897 469 914 ⁶
486 906 535 931 ea
555 889 781 945 pudicitiae
802 889 989 944 praemia
1009 903 1095 929 csse
1110 889 1144 929 5²³
1166 898 1401 943 ceteraque,
1417 904 1523 943 quae
1541 888 1585 928 in
1599 888 1672 929 tali
1692 903 1736 928 re
1752 902 1844 927 mu-

457 947 598 988 liebris
620 946 751 995 dolor,
775 961 858 1001 quo
884 955 945 987 est
970 946 1164 986 maestior
1192 945 1401 986 imbecillo
1430 945 1582 994 animo,
1605 960 1655 986 eo
1676 945 1845 985 misera-

457 1003 559 1045 bilia
598 1003 729 1059 magis
769 1003 1041 1058 querentibus
1081 1003 1259 1043 subiicit.
1340 1002 1541 1042 Virorum
1581 1014 1624 1043 et
1663 1001 1844 1042 maxime

459 1060 568 1101 Icilii
600 1076 683 1101 vox
717 1068 815 1109 tota,
850 1060 1096 1101 tribuniciae
1129 1059 1345 1115 potestatis
1377 1074 1423 1100 ac
1459 1058 1763 1115 provocationis
1793 1057 1847 1098 ad

459 1117 663 1174 populum
713 1125 894 1173 ereptae,
945 1117 1291 1172 publicarumque
1342 1116 1693 1172 indignationum,
1745 1123 1844 1156 erat.

312 1188 379 1226 49,
463 1174 712 1216 Concitatur
732 1174 958 1215 multitudo
980 1174 1130 1229 partim
1153 1173 1366 1214 atrocitate
1395 1173 1572 1222 sceleris,
1594 1173 1745 1228 partim
1773 1187 1846 1227 spe

245 1244 323 1273 Orta
338 1242 412 1272 inde
459 1247 534 1287 per
556 1232 815 1273 occasionem
838 1231 1091 1286 repetendae
1113 1230 1325 1271 libertatis.
1390 1230 1554 1285 Appius
1575 1245 1687 1270 nunc
1707 1229 1848 1270 vocari

244 1284 429 1315 certamina.
460 1289 640 1338 Icilium,
663 1303 776 1328 nunc
809 1296 1102 1328 retractantem
1135 1287 1287 1342 arripi3
1320 1294 1543 1342 postremo,
1570 1301 1701 1342 quum
1732 1285 1878 1329 1001155

460 1346 645 1386 adeundi
675 1345 979 1400 apparitoribus
1009 1360 1096 1385 non
1126 1344 1307 1392 daretur,
1330 1344 1430 1399 ipse,
1453 1359 1549 1384 cum
1580 1343 1745 1398 agmine
1775 1357 1850 1398 pa-

460 1402 675 1442 triciorum
715 1402 914 1442 iuvenum
956 1417 1030 1457 per
1067 1402 1230 1442 turbam
1265 1400 1435 1449 vadens,
1469 1401 1514 1440 in
1548 1399 1717 1440 vincula
1750 1399 1849 1440 duci

460 1459 588 1499 iubet.
652 1458 741 1498 Iam
763 1459 873 1499 cirea
894 1458 1060 1499 Icilium
1088 1473 1174 1498 non
1202 1458 1337 1498 solum
1366 1457 1604 1507 multitudo,
1627 1457 1701 1498 sed
1721 1456 1850 1497 duces
1870 1463 1873 1464 ⁷

462 1530 630 1570 quoque
652 1515 934 1555 multitudinis
955 1524 1074 1555 erant
1096 1515 1143 1555 L.
1156 1514 1349 1555 Valerius
1371 1523 1413 1555 et
1430 1514 1492 1555 M.
1505 1513 1730 1555 Horatius:
1761 1513 1848 1568 qui,

461 1572 627 1627 repulso
662 1571 820 1619 lictore,
867 1577 877 1594 ⁶
897 1571 940 1612 Si
976 1572 1064 1612 iure
1107 1580 1259 1626 ageret,
1297 1571 1509 1612 vindicare
1551 1587 1593 1612 se
1631 1586 1655 1612 a
1688 1571 1849 1626 privato

463 1634 474 1651 ⁶
491 1628 676 1668 Icilium’
704 1628 894 1676 aiebant3
930 1633 940 1651 ⁶
954 1628 986 1668 si
1008 1628 1092 1667 vim
1114 1629 1259 1668 afferre
1281 1637 1514 1677 conaretur,
1536 1628 1594 1669 ibi
1616 1642 1789 1683 quoque
1806 1641 1849 1667 se

463 1685 603 1725 ‘haud
635 1685 814 1740 impares
841 1684 954 1725 fore.'
1016 1684 1130 1725 Hine
1159 1693 1276 1724 atrox
1305 1685 1395 1724 rixa
1427 1685 1569 1725 oritur.
1632 1683 1851 1724 Valerium

462 1741 773 1796 Horatiumque
802 1741 923 1794 lictor
949 1741 1176 1782 decemviri
1206 1741 1390 1781 invadit:
1423 1740 1674 1796 franguntur
1693 1756 1718 1781 a
1742 1740 1851 1780 mul-

463 1798 642 1838 titudine
663 1798 803 1838 fasces.
858 1798 908 1838 In
925 1798 1171 1838 concionem
1190 1797 1356 1852 Appius
1378 1797 1586 1838 ascendit:
1617 1807 1852 1852 sequuntur

464 1853 667 1895 Horatius
688 1854 977 1909 Valeriusque.
1042 1854 1127 1895 Eos
1157 1854 1303 1895 concio
1335 1854 1475 1895 audit:
1511 1854 1747 1895 decemviro
1777 1854 1852 1895 ob-

463 1912 671 1967 strepitur.
735 1911 824 1952 Iam
854 1927 929 1966 pro
960 1912 1136 1966 imperio
1167 1910 1360 1951 Valerius
1391 1911 1605 1951 discedere
1637 1926 1661 1951 a
1690 1911 1851 1966 privato

248 1978 450 2018 Appiuspul-
463 1967 629 2009 lictores
659 1968 853 2008 iubebat:
889 1984 1033 2023 quum,
1056 1968 1195 2008 fractis
1226 1968 1386 2016 animis,
1412 1967 1589 2023 Appius,
1622 1968 1730 2008 vitae
1764 1982 1852 2008 me-

247 2032 299 2052 sus
315 2023 391 2053 foro.
462 2034 595 2074 tuens,
630 2025 674 2064 in
703 2025 874 2064 domum
909 2040 951 2064 se
985 2025 1263 2080 propinquam
1290 2024 1393 2073 foro,
1423 2024 1562 2065 insciis
1595 2024 1849 2072 adversariis,

461 2082 596 2136 capite
628 2081 838 2130 obvoluto,
866 2082 1034 2136 recepit.
1101 2081 1169 2136 Sp.
1197 2081 1373 2136 Oppius,
1400 2089 1447 2122 ut
1478 2081 1635 2122 auxilio
1666 2081 1850 2136 collegae

460 2147 579 2187 esset,
595 2139 639 2178 in
661 2138 797 2178 forum
819 2154 872 2179 ex
894 2138 1023 2178 altera
1043 2147 1159 2193 parte
1182 2138 1400 2193 irrumpit:
1429 2137 1545 2178 videt
1561 2137 1786 2193 imperium
1805 2137 1848 2178 vi

460 2195 630 2235 vietum.
694 2194 891 2249 Agitatus
913 2195 1067 2235 deinde
1097 2194 1292 2242 consiliis,
1315 2195 1369 2234 ad
1390 2210 1496 2248 quae
1522 2209 1575 2234 ex
1597 2194 1712 2234 omni
1732 2203 1849 2250 parte
1863 2205 1883 2237 6

460 2251 726 2291 assentiendo
760 2252 902 2291 multis
943 2252 1180 2292 auctoribus
1213 2251 1506 2306 trepidaverat,
1543 2259 1735 2291 senatum
1774 2265 1850 2306 po-
1887 2263 1891 2266 ’

460 2316 613 2348 stremo
643 2308 779 2348 vocari
810 2308 939 2348 iussit.
981 2307 1067 2347 ‘Ea
1097 2323 1173 2356 res,
1197 2307 1313 2362 quod
1341 2322 1515 2362 magnae
1546 2308 1655 2362 parti
1675 2307 1849 2347 Patrum

459 2364 677 2419 displicere
708 2372 799 2404 acta
818 2364 1148 2404 decemvirorum
1170 2364 1432 2412 videbantur,
1456 2379 1527 2418 spe
1556 2378 1631 2419 per
1657 2371 1848 2404 senatum

460 2420 670 2461 finiendae
694 2421 908 2476 potestatis
930 2421 1019 2460 eius
1040 2420 1355 2460 multitudinem
1377 2420 1547 2460 sedavit.

520 2477 697 2518 Senatus
718 2492 795 2517 nec
816 2477 983 2533 plebem
1005 2476 1247 2517 irritandam
1269 2477 1459 2524 censuit3
1492 2485 1536 2517 et
1563 2475 1696 2517 multo
1717 2476 1849 2532 magis

505 2652 522 2681 5
560 2644 816 2679 Retractantem]
894 2643 1128 2671 Detrectantem
1177 2639 1419 2670 Drakenborch.
1432 2640 1557 2678 legend.
1569 2641 1647 2670 vult.
1675 2641 1850 2679 Trepidam

463 2685 532 2714 vult
554 2684 696 2715 Gronov.
718 2684 772 2714 sed
798 2682 878 2712 nihil
904 2692 985 2721 opus
1009 2686 1065 2713 cst.
1091 2682 1128 2712 cf.
1175 2681 1227 2710 hic
1246 2691 1310 2711 11011
1333 2681 1560 2720 accipiendum
1582 2685 1630 2711 est
1651 2691 1708 2720 pro
1729 2687 1849 2713 terrore

461 2724 531 2755 infr.
550 2735 598 2764 52.
646 2726 736 2764 Virg.
753 2726 834 2756 Aen.
852 2724 905 2755 xii.
924 2726 994 2764 889.
1175 2725 1311 2760 concuti,
1342 2724 1396 2754 sed
1428 2724 1467 2753 de
1500 2733 1537 2754 eo
1564 2723 1691 2761 dicitur,
1717 2723 1771 2762 qui
1801 2723 1847 2752 in-

504 2766 523 2797 6
546 2769 600 2796 Ad
629 2778 710 2806 quae
739 2778 779 2798 ω’
810 2768 894 2796 omni
923 2767 1033 2805 parte]
1076 2766 1127 2795 Ita
1173 2770 1277 2795 certus
1306 2765 1417 2802 animi,
1443 2766 1538 2794 modo
1566 2765 1652 2802 huic,
1675 2766 1771 2795 modo
1799 2763 1847 2794 illi

462 2817 588 2845 quoquc
614 2809 733 2838 Stroth.
768 2814 863 2848 atque
886 2831 916 2838 ..
935 2831 941 2837 .
959 2831 966 2838 .
989 2809 1127 2846 trepida·
1174 2807 1304 2836 consilio
1335 2807 1521 2841 assentiens
1547 2807 1580 2837 in
1612 2811 1717 2846 partes
1748 2805 1849 2835 varias

465 2854 561 2878 verat.
580 2848 718 2879 Bckker.
745 2856 840 2889 alque
857 2874 862 2880 .
881 2875 887 2880 .
906 2873 912 2880 .
931 2873 937 2879 .
955 2851 1079 2888 trepida
1096 2850 1128 2878 in
1176 2849 1306 2887 rapitur.
1361 2850 1591 2888 Trepidaverac
1628 2848 1660 2878 in
1699 2847 1847 2877 omnibus

462 2899 507 2925 re,
544 2890 592 2919 vol
628 2896 793 2929 postquam
813 2914 819 2922 .
838 2915 844 2922 .
863 2914 869 2923 ,
887 2915 893 2924 .
913 2892 1130 2929 trepidaverat
1176 2890 1271 2921 MSS.
