1934 3211
290 290 328 365 αφ

322 300 386 373 {aa

388 300 409 365 ου

226 1549 365 1580 Ardeam

225 1591 372 1622 obsident

226 1634 347 1666 Volsci.

443 194 526 233 236
948 191 1094 234 ΤΙΤΙ
1135 190 1313 233 LIVII

409 315 416 323 .
444 290 599 332 notam,
620 282 778 339 petiere
803 282 996 324 iuvenes:
1029 282 1131 323 alter
1157 281 1307 338 virgini
1330 295 1483 337 genere
1508 294 1594 336 par,
1616 279 1822 321 tutoribus

411 358 419 366 ·
444 339 586 391 fretus,
624 340 695 397 qui
733 349 776 381 et
807 340 885 396 ipsi
915 340 1102 381 eiusdem
1133 354 1314 396 corporls
1344 347 1484 387 erantg
1526 336 1675 379 nobilis
1704 336 1852 387 altena

444 397 560 438 nulla
598 413 655 448 re,
691 408 856 454 praete]
860 413 984 454 quam
1024 397 1166 447 forma,
1204 405 1358 453 eaptus.
1422 370 1692 437 Adiuvabant
1724 410 1821 436 eum

444 455 708 511 optimatium
743 455 892 520 studia,
925 469 1000 511 per
1032 470 1137 519 quae
1170 454 1216 495 in
1251 454 1422 495 domum
1455 468 1622 509 quoque
1657 451 1820 518 puellae

444 521 656 554 certamen
694 513 876 569 partium
915 512 1160 569 penetravit.
1242 511 1407 552 Nobilis
1441 510 1628 576 superior
1665 509 1821 551 iudicio

443 571 585 611 matris
606 585 706 620 esse,
725 585 830 626 quae
846 584 972 625 quam
985 568 1328 625 splendidissimis
1340 568 1497 632 nuptiis
1510 567 1624 624 iungl
1639 567 1821 624 puellam

442 627 628 669 volebat:
671 637 841 676 tutores,
875 627 920 666 in
955 641 1004 667 ea
1035 641 1203 681 quoque
1234 641 1277 666 re
1307 625 1487 690 partium
1521 639 1738 690 memores,
1768 624 1822 666 ad

443 700 564 726 suum
586 684 770 726 tendere.
836 684 979 731 Quum
1007 697 1072 723 res
1100 683 1241 738 peragi
1262 682 1371 723 intra
1396 682 1574 738 parietes
1594 682 1819 738 nequisset,

441 751 614 783 ventum
645 742 689 782 in
716 742 781 782 ius
811 749 883 781 est.
945 739 1165 781 Postulatu
1194 739 1337 781 audito
1364 739 1506 780 matris
1536 748 1820 805 tutorumque,

441 799 704 855 magistratus
729 797 961 839 secundum
985 797 1168 854 parentis
1194 797 1409 839 arbitrium
1436 797 1575 838 dant
1564 812 1628 838 lus
1654 797 1822 854 nuptia-

440 871 544 897 rum.
610 855 693 897 Sed
714 856 775 897 vis
795 855 1007 921 potentior
1025 855 1117 896 fuit.
1180 854 1376 911 Namque
1404 864 1572 904 tutoreS,
1593 854 1703 896 inter
1722 870 1819 896 suae

440 914 567 969 partis
588 913 778 954 homines
799 913 890 954 de
881 912 1034 954 miurla
1053 912 1210 954 decreti
1231 912 1399 978 palam
1390 928 1433 953 ln
1453 912 1542 954 foro
1570 912 1819 963 concionati,

441 986 569 1012 manu
583 971 691 1012 facta
702 971 907 1027 virginem
924 986 977 1012 ex
998 970 1123 1011 domo
1140 971 1280 1012 matris
1292 970 1476 1027 rapiunt:
1510 969 1704 1012 adversus
1717 985 1821 1036 quos

440 1029 628 1070 infestior
650 1037 790 1070 coorta
810 1028 1074 1085 optimatium
1095 1028 1202 1070 acies
1223 1028 1410 1084 sequitur
1430 1042 1650 1069 accensum
1669 1027 1822 1070 iniuria

440 1087 647 1128 iuvenem.
700 1086 768 1127 Fit
786 1086 990 1143 proelium
1006 1095 1135 1127 atrox.
1187 1085 1314 1127 Pulsa
1332 1085 1462 1142 plebs,
1478 1085 1583 1126 nihil
1605 1085 1820 1128 Romanae

441 1144 553 1210 plebi
575 1143 731 1194 similis,
754 1153 911 1185 armata
931 1159 984 1185 ex
1013 1144 1114 1185 urbe
1136 1143 1332 1200 profecta,
1355 1143 1459 1185 colle
1481 1142 1663 1208 quodam
1684 1151 1819 1199 capto,

440 1202 487 1242 in
516 1217 634 1258 agros
665 1202 928 1258 optimatium
957 1216 1052 1242 cum
1080 1201 1188 1242 ferro
1217 1201 1390 1257 ignique
1419 1200 1683 1242 excursiones
1708 1201 1818 1243 facit.

443 1259 603 1302 Urbem
637 1275 819 1316 quoque,
853 1259 988 1300 omnis
1023 1259 1148 1300 etiam
1185 1268 1400 1315 expertem
1437 1267 1533 1300 ante
1568 1258 1818 1308 certaminis,

441 1317 711 1358 multitudine
748 1317 943 1373 opificum
981 1317 1035 1358 ad
1064 1332 1181 1373 spem
1210 1316 1388 1373 praedae
1419 1325 1599 1366 evocata,
1631 1315 1820 1358 obsidere

440 1384 578 1430 parat:
618 1390 696 1416 nec
726 1374 812 1416 ulla
840 1375 997 1431 species
1027 1374 1246 1439 cladesque
1276 1374 1375 1416 belli
1405 1374 1542 1424 abest3
1579 1372 1693 1415 velut
1723 1389 1823 1415 con-

440 1441 549 1473 tacta
578 1432 742 1473 civitate
772 1432 884 1473 rabie
915 1432 1092 1473 duorum
1122 1447 1333 1482 iuvenum,
1364 1432 1545 1473 funestas
1574 1431 1739 1487 nuptias
1769 1446 1821 1473 ex

441 1505 588 1531 occasu
614 1491 769 1545 patriae
797 1490 1041 1545 petentium.
1104 1490 1259 1532 Parum
1288 1490 1394 1546 parti
1425 1489 1590 1546 utrique
1617 1489 1732 1530 domi
1759 1504 1823 1530 ar-

440 1562 603 1588 morum
631 1547 811 1602 bellique
839 1556 901 1588 est
927 1563 1071 1588 vlsum.
1135 1547 1369 1604 Optimates
1397 1547 1610 1588 Romanos
1639 1546 1692 1588 ad
1721 1562 1823 1588 aux-

440 1604 558 1645 ilium
580 1604 691 1645 urbis
712 1604 909 1654 obsessae,
926 1604 1043 1660 plebs
1063 1604 1116 1645 ad
1132 1605 1455 1661 expugnandam
1475 1620 1616 1646 secum
1637 1604 1822 1646 Ardeam

441 1661 615 1703 Volscos
645 1661 845 1702 excivere.
919 1661 1084 1702 Priores
1117 1661 1274 1712 Volsci,
1311 1663 1417 1703 duce
1453 1662 1606 1718 Aequo
1645 1661 1821 1712 Cloelio,

443 1719 629 1761 Ardeam
664 1734 827 1768 venere,
869 1728 911 1760 et
950 1719 1168 1760 moenibus
1207 1719 1386 1760 hostium
1426 1719 1581 1760 vallum
1620 1719 1819 1761 obiecere.

445 1777 574 1826 Quod
601 1776 672 1817 ubi
703 1776 881 1817 Romam
909 1785 971 1817 est
998 1777 1248 1826 nuntiatum,
1271 1776 1482 1833 extemplo
1509 1776 1572 1818 M.
1606 1775 1821 1833 Geganius

441 1834 597 1884 consul,
615 1849 710 1875 cum
732 1834 917 1875 exercitu
937 1833 1157 1890 profectus,
1180 1834 1257 1875 tria
1272 1833 1400 1874 millia
1418 1849 1613 1890 passuum
1633 1834 1684 1875 ab
1704 1834 1821 1876 hoste

441 1892 579 1933 locum
609 1891 749 1933 castris
780 1892 903 1947 cepit,
934 1891 1231 1948 praecipitique
1264 1891 1346 1932 iam
1378 1891 1445 1932 die
1481 1906 1621 1932 curare
1651 1907 1853 1948 corpora3

226 1953 255 1983 Α
273 1954 430 1985 Romanis
443 1949 593 1991 milites
622 1949 749 1990 iubet.
814 1949 974 1997 Quarta
1003 1948 1155 1989 deinde
1188 1948 1329 2005 vigilia
1362 1949 1480 2005 signa
1509 1949 1686 2005 profert.
1726 1964 1822 1991 coe-

226 1996 419 2029 obsidentur.

299 2236 362 2274 10.

441 2016 645 2063 ptumque
670 2021 774 2062 opus
801 2006 905 2047 adeo
930 2014 1249 2062 approperatum
1270 2015 1343 2056 est,
1366 2015 1424 2056 ut,
1447 2005 1530 2048 sole
1552 2014 1654 2056 orto,
1677 2006 1821 2049 Volsci

441 2065 620 2105 firmiore
641 2079 684 2104 se
712 2064 973 2104 munimento
994 2064 1044 2104 ab
1068 2063 1270 2105 Romanis
1290 2038 1630 2114 ciicumvallatos,
1652 2079 1778 2120 quam
1798 2079 1823 2106 a

440 2137 483 2163 se
516 2122 674 2172 urbem,
706 2121 905 2162 viderent.
969 2120 1025 2162 Et
1059 2121 1139 2162 alia
1171 2130 1287 2177 parte
1323 2121 1468 2162 consul
1501 2136 1620 2162 muro
1655 2121 1821 2163 Ardeae

441 2179 657 2220 brachium
677 2179 931 2228 iniunxerat3
965 2194 1048 2234 qua
1067 2194 1120 2219 ex
1141 2179 1295 2235 oppido
1316 2179 1379 2219 sui
1395 2193 1624 2220 commeare
1639 2187 1818 2236 possent.
1833 2200 1854 2228 4

445 2236 618 2278 Volscus
637 2237 870 2292 imperator,
893 2236 966 2292 qui
993 2235 1047 2277 ad
1073 2251 1165 2277 eam
1192 2236 1317 2286 diem,
1339 2251 1425 2277 non
1451 2245 1685 2278 commeatu
1704 2251 1822 2293 prae-

441 2303 596 2351 parato,
613 2294 686 2335 sed
706 2309 757 2334 ex
778 2293 1046 2350 populatione
1067 2309 1259 2349 agrorum
1279 2302 1396 2349 rapto
1416 2294 1460 2334 in
1481 2293 1593 2334 diem
1612 2294 1821 2335 frumento

442 2352 608 2393 aluisset
639 2351 826 2401 militem,
858 2359 1077 2407 postquam
1112 2360 1278 2407 saeptus
1311 2350 1418 2391 vallo
1452 2359 1622 2406 repente
1651 2351 1821 2416 inopem

443 2410 629 2451 omnium
660 2424 796 2450 rerum
825 2407 951 2458 videt,
982 2408 1036 2449 ad
1064 2408 1317 2464 colloquium
1348 2407 1515 2449 consule
1545 2416 1726 2458 evocato,
1760 2408 1821 2450 ‘si

444 2466 688 2508 ‘solvendae
716 2465 940 2507 obsidionis
967 2481 1090 2507 causa
1115 2466 1274 2506 venerit
1296 2465 1523 2515 Romanus,
1545 2465 1821 2507 abducturum

445 2531 456 2548 ‘
472 2540 514 2565 se
536 2524 634 2565 inde
662 2523 860 2572 Volscos,’
880 2523 946 2564 ait.
1009 2522 1222 2564 Adversus
1249 2538 1298 2563 ea
1324 2522 1481 2572 consul,
1505 2528 1516 2546 ⁶
1531 2522 1649 2564 victis
1676 2523 1821 2565 condi-

445 2588 455 2606 ‘
473 2582 604 2623 tiones
628 2580 887 2637 accipiendas
907 2595 1006 2630 esse,
1029 2596 1115 2621 non
1141 2580 1354 2629 ferendas,’
1374 2580 1608 2635 respondit3
1643 2585 1655 2604 ‘
1669 2596 1819 2637 neque,

445 2646 519 2680 ‘ut
549 2639 740 2680 venerint
770 2637 823 2679 ad
859 2637 1159 2694 oppugnandos
1194 2637 1325 2678 socios
1354 2637 1497 2693 populi
1530 2637 1711 2679 Romani
1746 2653 1821 2680 suo

446 2702 457 2720 ‘
473 2696 651 2746 arbitrio,
688 2696 745 2737 ita
779 2695 959 2737 abituros
994 2694 1167 2736 Volscos
1202 2710 1300 2736 esse.
1363 2694 1477 2736 Dedi
1517 2695 1818 2751 imperatorem,

491 2829 508 2849 ἰ
536 2821 689 2851 Eiusdem
714 2820 869 2868 cor-ports]
909 2829 951 2850 sc.
975 2819 1109 2850 Generis
1153 2819 1231 2850 Tac.
1251 2819 1336 2850 Hist.
1353 2818 1397 2849 iii.
1414 2817 1464 2849 86.

442 2861 507 2891 sive
525 2862 652 2892 ordinis,
670 2863 707 2893 cf.
724 2863 795 2893 infr.
813 2863 852 2893 vi.
870 2871 918 2901 34.
943 2862 1029 2893 xxvi.
1046 2872 1096 2902 49.
1195 2873 1214 2901 4
1237 2862 1430 2898 Brachium]
1453 2861 1586 2891 Vallum
1604 2860 1784 2900 pertingens
1799 2870 1819 2890 a

490 2905 768 2943 Praecipitique
793 2906 857 2934 iam
883 2905 951 2942 die]
996 2905 1108 2940 Quum
1153 2904 1262 2934 castris
1276 2903 1431 2934 Romanis
1443 2904 1483 2934 ad
1496 2904 1616 2934 urbem
1642 2901 1717 2932 Vid.
1730 2901 1816 2942 Lips.

443 2933 506 2976 iarii
522 2946 807 2984 adwesperasceret
833 2947 871 2976 cf.
888 2946 958 2976 infr.
970 2957 1043 2976 xxv.
1059 2956 1108 2986 34.
1155 2946 1324 2976 Poliorcet.
1342 2945 1372 2975 ii.
1391 2955 1418 2975 2.
