1934 3211
574 178 700 220 LIB.
734 178 815 220 III.
867 179 1014 220 CAP.
1050 184 1117 221 20.
1472 181 1550 222 167

334 259 338 262 .
1046 259 1049 262 «
1107 249 1113 265 l

149 267 290 324 ‘regia
318 267 490 308 licentia
518 267 671 310 vivere.
734 268 806 310 A!
823 268 977 325 inquit,
1001 274 1013 292 ‘
1029 268 1098 310 ille
1113 267 1353 324 Virginius,
1377 269 1480 324 quia
1500 269 1545 310 in
1561 278 1605 311 U.
1623 278 1662 310 C.
1679 287 1751 319 294·

149 329 162 348 ‘
177 323 391 381 Capitolio
412 339 499 365 non
519 325 611 376 fuit,
634 325 774 367 minus
795 325 1003 382 supplicii,
1027 341 1154 382 quam
1177 325 1261 381 Ap.
1282 325 1543 376 Herdonius,
1559 322 1598 353 A·
1622 321 1661 354 Ο·
1678 321 1751 362 458.

150 381 356 422 ‘meruit?
386 382 481 438 plus
511 382 683 424 hercule
716 383 946 440 aliquanto,
977 384 1051 439 qui
1076 398 1173 424 vere
1205 398 1294 424 rem
1325 382 1544 425 aestimare

149 437 284 479 ‘velit.
349 438 607 490 Herdonius,
630 440 664 481 si
686 440 793 481 nihil
819 440 946 490 aliud,
970 441 1135 482 hostem
1156 455 1199 482 se
1220 440 1392 481 fatendo
1413 454 1544 496 prope

148 495 452 546 ‘denuntiavit,
475 505 523 538 ut
553 513 668 539 arma
698 498 925 554 caperetis:
961 498 1044 548 hic,
1074 498 1270 554 negando
1299 497 1412 539 bella
1441 512 1545 548 esse,

148 557 288 594 ‘arma
315 554 433 596 vobis
464 554 635 605 ademit,
668 556 889 612 nudosque
923 556 1050 597 servis
1080 555 1227 596 vestris
1259 563 1301 596 et
1332 554 1548 596 exsulibus

148 611 339 652 ‘obiecit.
403 611 460 653 Et
489 628 562 654 vos
589 613 663 668 (C.
698 612 869 655 Claudii
899 629 1015 669 pace,
1049 621 1092 654 et
1122 613 1169 654 P.
1198 612 1360 654 Valerii
1390 611 1549 654 mortui

148 672 160 691 ‘
173 667 342 725 loquar)
361 669 477 726 prius
498 670 543 711 in
564 671 719 711 clivum
739 669 1029 727 Capitolinum
1051 671 1170 727 signa
1190 670 1401 720 intulistis,
1420 685 1549 726 quam

148 725 249 768 ‘hos
278 726 421 768 hostes
448 727 501 768 de
533 728 622 770 foro
655 728 887 770 tolleretis?
946 728 1089 770 Pudet
1109 728 1285 770 deorum
1306 728 1549 770 hominum-

149 787 269 840 ‘que.
337 784 483 833 Quum
505 785 646 827 hostes
667 787 712 826 in
734 801 841 836 aree,
864 786 908 826 in
934 785 1147 842 Capitolio
1179 793 1331 835 essent,
1355 785 1549 827 exsulum

149 844 162 864 ‘
175 851 219 883 et
239 857 454 883 servorum
476 842 577 893 dux,
601 844 829 900 profanatis
850 844 1057 893 omnibus,
1076 844 1120 884 in
1141 843 1246 885 cella
1266 842 1379 884 Iovis
1400 843 1549 899 optimi

149 900 349 940 ‘maximi
385 900 603 950 habitaret,
642 901 819 942 Tusculi
855 910 966 951 ante,
1005 916 1132 957 quam
1170 901 1345 950 Romae,
1383 908 1551 957 sumpta

150 960 273 998 ‘sunt
304 972 428 999 arma.
492 957 544 999 In
575 958 705 1000 dubio
736 958 827 1008 fuit,
858 968 1000 999 utrum
1025 958 1074 999 L.
1100 957 1318 999 Mamilius
1343 958 1384 999 T
1387 957 1550 999 uscula-

150 1019 254 1056 ‘nus
281 1014 382 1065 duX,
409 1030 463 1056 an
492 1015 540 1056 P.
564 1015 759 1057 Valerius
784 1025 826 1057 et
850 1015 900 1057 C.
928 1016 1135 1058 Claudius
1166 1015 1358 1057 consules
1390 1015 1550 1056 Roma-

150 1075 162 1094 ‘
175 1087 273 1113 nam
295 1087 434 1114 arcem
457 1072 705 1115 liberarent:
740 1082 783 1115 et
804 1073 878 1129 qui
899 1082 997 1114 ante
1015 1073 1203 1123 Latinos,
1221 1089 1275 1114 ne
1297 1088 1373 1130 pro
1394 1088 1437 1114 se
1455 1072 1550 1128 qui-

150 1133 162 1152 ‘
175 1129 274 1171 dem
305 1130 416 1186 ipsis,
450 1145 582 1186 quum
619 1131 664 1171 in
699 1131 855 1172 finibus
890 1131 1054 1172 hostem
1090 1131 1308 1180 haberent,
1342 1131 1548 1186 attingere

150 1191 290 1229 ‘arma
324 1187 432 1244 passi
468 1202 635 1237 sumus,
678 1204 805 1238 nunc,
843 1188 923 1229 nisi
960 1188 1104 1229 Latini
1139 1204 1214 1229 sua
1249 1197 1398 1244 sponte
1435 1203 1551 1229 arma

151 1245 461 1301 ‘sumpsissent,
495 1246 609 1302 capti
646 1255 688 1287 et
723 1246 852 1287 deleti
886 1261 1060 1287 eramus.
1136 1245 1232 1288 Hoc
1266 1254 1341 1295 est,
1377 1245 1548 1295 tribuni,

152 1302 382 1344 ‘auxilium
410 1302 523 1358 plebi
544 1304 665 1353 ferre,
688 1303 893 1345 inermem
915 1319 1007 1344 eam
1030 1303 1139 1344 hosti
1161 1303 1454 1344 trucidandam
1477 1303 1551 1344 ob-

153 1364 164 1382 ‘
178 1360 334 1401 iicere?
397 1359 579 1411 Scilicet,
602 1361 635 1402 si
658 1361 751 1417 quis
772 1361 888 1402 vobis
910 1360 1170 1401 humillimus
1191 1360 1318 1401 homo
1339 1360 1392 1401 de
1414 1368 1552 1401 vestra

152 1417 312 1474 ‘plebe,
347 1418 495 1474 (quam
536 1427 711 1475 partem,
745 1418 861 1459 velut
897 1418 1117 1474 abruptam
1151 1433 1176 1458 a
1206 1426 1347 1458 cetero
1377 1416 1549 1473 populo,

153 1479 356 1517 ‘vestram
389 1476 567 1532 patriam
600 1475 939 1533 peculiaremque
971 1475 1273 1532 rempublicam
1309 1473 1486 1530 fecistis)
1517 1474 1552 1515 si

153 1533 273 1589 ‘quis
293 1548 346 1574 ex
367 1532 431 1574 his
453 1533 626 1575 domum
654 1548 770 1574 suam
793 1533 1001 1574 obsessam
1030 1548 1054 1573 a
1081 1532 1240 1573 familia
1261 1540 1420 1573 armata
1441 1547 1553 1573 nun-

154 1594 166 1613 ‘
180 1591 313 1641 tiaret,
328 1591 548 1632 ferendum
567 1591 771 1632 auxilium
788 1591 1002 1647 putaretis.
1042 1589 1205 1647 Iupiter
1217 1591 1401 1647 optimus
1418 1589 1552 1630 maxi-

154 1652 166 1670 ‘
178 1663 283 1698 mus,
301 1648 494 1690 exsulum
511 1657 638 1706 atque
659 1663 873 1690 servorum
891 1656 1058 1705 saeptus
1075 1648 1212 1697 armis,
1231 1647 1347 1689 nulla
1367 1647 1554 1688 humana

154 1709 258 1763 ‘ope
290 1706 444 1762 dignus
475 1707 594 1748 erat?
655 1706 711 1747 Et
739 1706 783 1747 hi
812 1706 1040 1763 postulant,
1067 1714 1114 1747 ut
1144 1705 1393 1747 sacrosancti
1424 1705 1554 1746 habe-

126 1789 138 1810 1
155 1767 166 1786 ‘
180 1772 318 1814 antur,
339 1764 492 1820 quibus
512 1764 591 1821 ipsi
613 1764 673 1805 dii
694 1779 834 1821 neque
855 1764 972 1814 sacri,
995 1779 1135 1820 neque
1158 1763 1291 1805 sancti
1311 1763 1440 1804 sunt?
1492 1763 1554 1804 At

123 1846 141 1868 2
156 1825 168 1844 ‘
181 1822 308 1871 enim,
326 1821 479 1863 divinis
500 1822 780 1879 humanisque
803 1822 941 1863 obruti
963 1822 1203 1871 sceleribus,
1220 1821 1358 1877 legem
1380 1835 1452 1862 vos
1472 1820 1554 1862 hoc

156 1882 292 1921 ‘anno
343 1879 545 1921 erlaturos
565 1880 798 1921 dictitatis?
842 1880 956 1921 Tum
977 1879 1150 1921 hercule
1172 1879 1245 1920 illo
1267 1879 1349 1928 die,
1368 1894 1453 1934 quo
1475 1893 1555 1934 ego

157 1895 441 1978 ‘consquum
462 1946 638 1987 creatus,
661 1938 768 1979 male
800 1947 918 1994 gesta
948 1937 1184 1994 respublica
1204 1946 1278 1986 est,
1301 1936 1422 1993 peius
1447 1936 1556 1977 mul-

158 1998 170 2018 ‘
183 2003 240 2045 to,
258 2010 385 2051 quam
403 2011 535 2051 quum
554 1995 601 2036 P.
618 1994 814 2036 Valerius
835 1994 981 2035 consul
1002 1995 1139 2051 periit,
1163 1995 1196 2035 si
1219 1994 1410 2036 tuleritis.
1464 1993 1555 2036 Iam

159 2052 367 2109 ‘primum
389 2052 606 2102 omnium,’
628 2053 779 2108 inquit,
805 2058 816 2076 ‘
836 2052 1038 2100 Quirites,
1058 2052 1102 2092 in
1119 2051 1294 2092 Volscos
1315 2061 1359 2092 et
1381 2051 1557 2107 Aequos

160 2114 171 2133 ‘
185 2110 287 2150 mihi
309 2119 435 2165 atque
458 2110 642 2165 collegae
664 2109 851 2165 legiones
872 2108 1026 2149 ducere
1050 2109 1092 2149 in
1115 2109 1255 2149 animo
1277 2116 1351 2148 est.
1399 2107 1556 2150 Nescio

161 2170 173 2190 ‘
217 2182 271 2208 uo
292 2167 378 2208 fato
400 2167 532 2223 magis
560 2167 776 2215 bellantes,
800 2181 926 2223 quam
949 2166 1099 2224 pacati,
1122 2165 1324 2229 propitios
1354 2164 1558 2206 habemus

161 2183 298 2266 ‘ileos
364 2224 584 2273 Quantum
610 2224 844 2280 periculum
872 2224 923 2264 ab
956 2223 1035 2264 illis
1066 2222 1232 2280 populis
1253 2222 1392 2272 fuerit,
1414 2222 1449 2263 si
1474 2221 1558 2263 Ca-

162 2287 173 2305 ‘
187 2282 380 2338 pitolium
403 2283 454 2323 ab
475 2282 690 2324 exsulibus
711 2283 922 2323 obsessum
945 2282 1130 2330 scissent,
1149 2281 1348 2336 suspicari
1365 2280 1417 2321 de
1439 2295 1560 2336 prae-

162 2346 173 2364 ‘
188 2341 324 2389 terito,
347 2356 474 2396 quam
496 2356 539 2381 re
563 2341 652 2397 ipsa
672 2340 867 2396 experiri,
891 2348 953 2380 est
975 2339 1150 2380 melius.’

220 2397 415 2439 Moverat
436 2397 602 2454 plebem
625 2398 756 2439 oratio
778 2397 981 2438 consulis:
1011 2397 1137 2438 erecti
1159 2396 1304 2437 Patres
1325 2395 1559 2436 restitutam
1644 2396 1710 2433 20.

162 2456 389 2498 credebant
430 2455 730 2512 rempublicam
748 2472 756 2496 :
801 2454 947 2496 consul
989 2454 1105 2503 alter,
1142 2469 1281 2495 eomes
1323 2453 1560 2502 animosior,

163 2528 289 2569 quam
327 2522 484 2562 auctor,
516 2514 744 2569 suscepisse
779 2513 982 2568 collegam
1018 2512 1198 2568 priorem
1233 2511 1443 2552 actionem
1478 2518 1560 2551 tam

133 2570 299 2627 3gravis
320 2571 379 2612 rei
402 2570 521 2612 facilc
545 2586 699 2627 passus,
727 2571 770 2611 in
802 2570 1052 2627 peragendis
1073 2569 1301 2611 consularis
1323 2568 1448 2608 officii
1470 2583 1564 2624 par-

215 2692 222 2712 ι
252 2684 365 2722 Neque
380 2682 476 2718 sacri,
498 2693 599 2722 neque
621 2684 724 2712 sancti
747 2684 840 2721 mm]
889 2682 948 2712 hoe
965 2682 1130 2715 differunt,
1145 2682 1229 2720 quud
1254 2680 1279 2710 is
1290 2681 1362 2718 ser!
1379 2682 1494 2719 legem,
1509 2681 1562 2720 qui

165 2726 300 2754 Sacrum
324 2728 371 2754 ost
396 2723 425 2754 id
451 2724 534 2762 quud
553 2724 663 2762 religio
680 2735 841 2755 consecra·
888 2735 957 2755 eum
997 2724 1145 2763 proponit
1184 2724 1305 2763 pupulo
1342 2723 1565 2760 scis001111an13

169 2767 232 2798 vit:
257 2772 414 2803 sam-tum,
431 2767 514 2805 quod
534 2777 573 2796 ne
592 2766 738 2801 violetur.
754 2778 842 2797 sanc-
886 2767 1011 2807 perse-rt
1035 2767 1059 2795 is
1083 2766 1135 2805 qui
1162 2766 1221 2795 hue
1244 2765 1434 2804 aim-quitur,
1450 2770 1485 2796 ut
1508 2766 1566 2797 illa

167 2809 254 2840 tione
286 2815 416 2839 cautum
453 2814 509 2839 ent.
564 2809 679 2847 ltuque
714 2814 844 2840 sanctus
888 2821 906 2839 u
925 2808 1419 2848 pupuloucvipiutur,iubentur.
1444 2809 1551 2840 CREV.

168 2851 275 2882 minus
293 2852 387 2886 valet,
403 2862 498 2890 (pium
515 2862 613 2881 sacer.
638 2853 744 2882 (Ὶικν.
934 2861 950 2890 3
977 2853 1014 2881 ln
1032 2852 1240 2891 Jwruycmle’s]
1270 2851 1306 2881 ln
1331 2850 1370 2881 iis
1391 2861 1474 2891 quae
1499 2862 1566 2892 per-

215 2904 230 2925 2
255 2897 369 2934 lmyrm
394 2906 444 2925 ros
462 2919 468 2926 .
488 2918 494 2925 .
512 2918 518 2924 .
535 2895 718 2934 pnrlaturns
736 2917 842 2926 .....
889 2895 1011 2932 agenda
1025 2899 1113 2924 cmnt
1128 2905 1133 2924 :
1161 2893 1212 2924 uhi
1233 2903 1381 2934 peragere
1394 2904 1476 2934 opus
1488 2895 1569 2925 foret

170 2938 197 2967 ,η’
213 2938 369 2975 tuleritis}
397 2938 495 2968 Ferre
519 2938 620 2975 legem
645 2942 675 2968 et
697 2937 845 2976 perferre
890 2947 938 2971 ea,
952 2947 1087 2976 quorum
1104 2941 1217 2967 auctor
1229 2936 1387 2973 Quintius
1403 2941 1483 2975 erat,
1495 2947 1567 2968 con-
