1934 3211
210 297 254 327 U.
272 297 309 327 C.
328 295 398 335 365.

208 340 247 370 A.
273 340 311 370 C.
329 339 400 378 387.

279 398 348 438 47.

211 453 368 492 Capitolii

212 496 401 535 periculum.

217 921 361 949 Anseres.

215 1034 263 1063 Μ.
278 1032 394 1063 Manlii

219 1076 322 1106 virtus

424 198 506 236 338

935 191 1083 232 ΤΙΤΙ
1124 191 1302 232 LIVII

426 284 581 325 finibus
601 291 752 339 posset,
775 297 865 330 nec,
888 281 967 321 nisi
989 281 1167 322 dictator
1191 281 1339 330 dictus,
1362 283 1548 338 auspicia
1568 283 1613 323 in
1634 282 1823 324 exercitu

427 340 603 395 habere)
624 340 692 380 lex
714 339 872 380 curiata
891 338 975 379 lata
995 347 1069 388 est,
1092 338 1356 394 dictatorque
1373 340 1520 380 absens
1541 340 1690 381 dictus.

486 398 605 439 Dum
626 397 729 437 haec
748 396 866 438 Veiis
894 396 1136 452 agebantur,
1155 395 1324 436 interim
1355 411 1429 437 arx
1453 397 1614 438 Romae
1648 396 1823 453 Capito-

428 456 616 511 liumque
658 455 702 494 in
742 453 905 508 ingenti
954 453 1137 508 periculo
1178 452 1268 493 fuit.

1344 453 1542 510 Namque
1582 453 1708 503 Galli,
1750 469 1824 494 seu
1877 474 1882 477 ·

428 513 604 568 vestigio
625 519 768 552 notato
784 511 982 559 humano,
1001 525 1085 564 qua
1104 510 1278 550 nuntius
1299 526 1322 550 a
1338 510 1456 551 Veiis
1476 519 1735 566 pervenerat,
1749 525 1824 551 seu

431 586 505 611 sua
533 577 680 625 sponte
703 567 991 607 animadverso
1014 566 1067 606 ad
1091 566 1329 607 Carmentis
1350 582 1449 608 saxo
1475 583 1649 608 ascensu
1674 582 1822 623 aequo,

432 635 554 668 nocte
586 624 795 672 sublustri,
819 638 951 678 quum
980 623 1116 677 primo
1147 623 1364 672 inermem,
1397 625 1470 678 qui
1495 632 1676 665 tentaret
1699 624 1823 674 viam,

431 683 752 740 praemisissent,
784 680 995 720 tradentes
1026 679 1125 719 inde
1159 693 1285 728 arma,
1309 680 1381 720 ubi
1402 680 1506 735 quid
1536 681 1673 736 iniqui
1703 691 1823 731 esset,

432 739 580 782 alterni
595 737 734 785 innisi,
752 736 1099 790 sublevantesque
1116 736 1160 775 in
1177 736 1313 776 vicem
1334 744 1377 776 et
1392 736 1604 778 trahentes
1619 737 1689 778 alii
1709 737 1824 787 alios,

431 804 556 853 prout
582 794 812 850 postularet
831 793 973 842 locus3
1007 800 1123 833 tanto
1152 792 1316 833 silentio
1338 793 1380 833 in
1413 808 1624 834 summum
1644 801 1858 843 evasere,6

432 862 479 894 ut
511 867 597 893 non
637 851 831 892 custodes
866 850 1000 890 solum
1039 849 1241 899 fallerent,
1279 850 1353 890 sed
1392 865 1445 891 ne
1478 866 1602 892 canes
1637 851 1824 906 quidem,

433 910 655 951 sollicitum
684 907 838 949 animal
859 907 912 948 ad
940 916 1167 948 nocturnos
1195 907 1403 962 strepitus,
1427 908 1669 949 excitarent.

1732 908 1826 949 An·
1841 919 1858 951 7

433 983 541 1008 seres
573 982 659 1007 non
689 965 884 1013 fefellere,
908 964 1060 1020 quibus
1091 965 1215 1004 sacris
1241 964 1396 1005 Iunoni
1427 965 1470 1005 in
1492 979 1655 1005 summa
1684 965 1827 1021 inopia

433 1025 515 1066 cibi
547 1033 689 1065 tamen
717 1022 1012 1063 abstinebatur.

1080 1021 1201 1069 Quae
1233 1037 1297 1062 res
1328 1021 1451 1062 saluti
1471 1022 1561 1063 fuit.

1625 1021 1824 1078 Namque

433 1082 626 1137 clangore
648 1095 792 1121 eorum
814 1079 1056 1134 alarumque
1079 1079 1240 1134 crepitu
1261 1079 1423 1119 excitus
1445 1078 1507 1120 M.
1528 1079 1729 1129 Manlius,
1752 1079 1825 1135 qui
1838 1089 1857 1118 8

433 1139 614 1180 triennio
632 1146 727 1178 ante
742 1136 887 1177 consul
907 1136 1054 1185 fuerat,
1072 1136 1135 1176 vir
1149 1136 1259 1176 bello
1276 1136 1479 1191 egregius,
1493 1136 1618 1177 armis
1638 1136 1824 1195 arreptis,

433 1196 556 1236 simul
578 1195 631 1236 ad
647 1210 760 1235 arma
774 1202 932 1234 ceteros
949 1194 1075 1241 ciens,
1092 1192 1229 1241 vadit3
1263 1201 1317 1242 et,
1336 1193 1438 1233 dum
1455 1194 1583 1234 ceteri
1599 1193 1823 1249 trepidant,

436 1253 620 1302 Gallum,
655 1252 728 1307 qui
769 1252 851 1291 iam
893 1251 937 1290 in
977 1265 1141 1290 summo
1182 1250 1436 1299 constiterat,
1470 1251 1653 1291 umbone
1693 1250 1825 1291 ictum

432 1311 637 1351 deturbat.

704 1308 838 1349 Cuius
866 1322 984 1348 casus
1003 1307 1184 1363 prolapsi
1213 1322 1345 1363 quum
1372 1307 1585 1363 proximos
1607 1315 1823 1357 sterneret,

432 1367 688 1423 trepidantes
702 1366 815 1415 alios,
834 1365 1041 1420 armisque
1059 1365 1219 1405 omissls
1236 1379 1346 1413 saxa,
1365 1365 1517 1419 quibus
1530 1364 1824 1413 adhaerebant,

432 1425 623 1465 manibus
645 1423 872 1479 amplexos,
894 1422 1085 1463 trucidat.
1120 1420 1295 1477 Iamque
1317 1430 1359 1462 et
1380 1421 1449 1462 alii
1470 1421 1712 1477 congregati
1733 1421 1826 1462 telis

432 1481 738 1536 missilibusque
753 1481 861 1520 saxis
874 1480 1118 1535 proturbare
1140 1478 1292 1527 hostes,
1309 1479 1515 1534 ruinaque
1532 1486 1620 1519 tota
1634 1478 1826 1534 prolapsa

432 1538 539 1578 acies
553 1538 597 1577 in
618 1552 816 1593 praeceps
829 1537 991 1577 deferri.

1058 1535 1211 1577 Sedato
1228 1535 1382 1576 deinde
1404 1535 1600 1586 tumultu,
1615 1535 1825 1592 reliquum

430 1595 564 1635 noctis
590 1594 605 1643 (
610 1602 815 1649 quantum
844 1594 887 1632 in
910 1593 1083 1633 turbatis
1114 1593 1325 1633 mentibus
1352 1601 1527 1648 poterat,
1550 1608 1682 1649 quum
1706 1607 1826 1649 prae-

432 1652 600 1692 teritum
639 1665 808 1705 quoque
844 1649 1077 1705 periculum
1108 1650 1368 1704 sollicitaret)
1403 1650 1536 1705 quieti
1566 1650 1712 1691 datum
1748 1657 1821 1690 est.

432 1709 548 1749 Luce
597 1716 697 1756 orta,
739 1707 894 1747 vocatis
940 1706 1108 1746 classico
1149 1706 1202 1746 ad
1247 1707 1471 1747 concilium
1519 1707 1720 1747 militibus
1769 1706 1824 1747 ad

430 1766 631 1812 tribunos,
655 1779 786 1819 quum
818 1771 859 1804 et
889 1771 1000 1803 recte
1032 1772 1074 1803 et
1094 1778 1313 1818 perperam
1343 1763 1452 1803 facto
1482 1763 1664 1818 pretium
1695 1763 1824 1804 deb‘e-

431 1832 563 1871 retur3
598 1821 785 1861 Manlius
816 1820 997 1876 primum
1020 1820 1073 1860 ob
1098 1820 1296 1860 virtutem
1324 1819 1516 1860 laudatus
1543 1820 1820 1875 donatusque,

431 1895 517 1919 non
539 1880 589 1920 ab
607 1878 783 1918 tribunis
799 1877 932 1917 solum
953 1876 1146 1925 militum,
1164 1876 1237 1916 sed
1258 1891 1465 1917 consensu
1481 1876 1606 1916 etiam
1627 1876 1818 1918 militari:

430 1937 498 1976 cui
523 1935 705 1976 universi
726 1934 894 1974 selibras
914 1933 1031 1973 farris
1062 1942 1104 1973 et
1125 1933 1354 1988 quartarios
1375 1933 1461 1973 vini
1492 1933 1545 1973 ad
1566 1933 1689 1974 aedes
1717 1933 1819 1983 eius,
1833 1951 1853 1981 9

430 2008 536 2048 quae
559 1993 603 2032 in
621 2007 712 2032 arce
727 1998 857 2039 erant,
872 1990 1162 2031 contulerunt:
1196 2005 1285 2030 rem
1306 1990 1423 2030 dictu
1434 2005 1617 2046 parvam,
1635 1998 1822 2031 ceterum

429 2049 572 2105 inopia
595 2049 749 2088 fecerat
770 2062 861 2088 eam
893 2055 1187 2102 argumentum
1216 2047 1364 2101 ingens
1395 2047 1588 2097 caritatis,
1611 2062 1756 2102 quum,
1778 2062 1821 2088 se

429 2107 607 2162 quisque
628 2105 741 2146 victu
763 2119 838 2145 suo
859 2103 1068 2153 fraudans,
1091 2103 1325 2144 detractum
1347 2104 1509 2159 corpori
1530 2111 1656 2159 atque
1678 2104 1821 2146 usibus

428 2251 557 2283 Dicitur
579 2250 665 2281 enim
690 2250 811 2279 mutari
833 2250 897 2279 Ioco
918 2251 950 2277 et
973 2252 1099 2278 mutare

426 2297 537 2325 locum.
561 2293 599 2323 cf.
615 2293 756 2322 Gronov.
774 2291 907 2321 observ.
924 2289 965 2320 iii.
985 2299 1012 2319 2.

469 2350 487 2375 4
511 2339 536 2366 Α
545 2337 565 2366 d
580 2335 776 2370 Carmentis]
799 2333 925 2362 Fanum
944 2332 993 2361 vel
1010 2341 1097 2360 aram

425 2377 620 2410 Carmentis,
650 2376 715 2405 sive
745 2376 950 2409 Carmentae,
988 2373 1099 2403 matris

426 2420 565 2457 Evadni,
588 2418 685 2448 fuisse
710 2418 768 2447 sub
793 2416 967 2455 Capitolio,
992 2416 1040 2445 rel
1065 2414 1097 2444 in

424 2463 490 2492 imo
511 2461 642 2500 Tarpeii
666 2459 785 2488 montis
807 2458 940 2487 tradunt
963 2457 1096 2495 antiqui.

425 2505 522 2535 Dion.
540 2504 558 2534 i.
577 2512 626 2540 32.
659 2502 798 2531 Necnon
815 2510 885 2530 eam
899 2498 1098 2530 Carmentali

423 2551 534 2586 portae
564 2543 731 2575 imminere
760 2545 916 2572 memorat
950 2541 1037 2571 Plut.
1064 2541 1099 2570 in*

421 2590 513 2620 Cam.

465 2641 481 2670 5
499 2633 585 2661 Samo
600 2638 735 2659 ascensu
750 2627 867 2666 aequo]
898 2625 1008 2664 Vulgo
1023 2636 1096 2655 sam-

420 2684 510 2703 orum
539 2681 672 2702 ascensu
701 2680 812 2709 aequo,
836 2668 891 2698 sed
915 2671 980 2706 opt.
1004 2668 1095 2697 codd.

421 2725 493 2744 cum
520 2711 707 2752 Kreyssigio
731 2711 864 2741 faciunt.
909 2711 1022 2749 Aequo
1044 2708 1097 2738 hic

421 2755 503 2785 idem
517 2751 977 2794 vultquodfacilz',scilicet,ut
987 2761 1095 2781 ascen-

419 2798 568 2827 dentibus
584 2797 760 2827 videbatur.

1144 2256 1196 2277 sus
1212 2251 1390 2278 narrantur.

1195 2296 1211 2327 7
1238 2290 1380 2320 Anseres
1409 2299 1475 2320 non
1497 2291 1666 2328 fefellere]
1712 2290 1819 2321 Docet

1145 2331 1232 2360 Plut.
1250 2332 1308 2360 sub
1333 2332 1429 2361 finem
1453 2331 1525 2360 libri
1546 2332 1587 2361 de
1608 2332 1736 2362 fortuna
1752 2333 1817 2362 Ro-

1142 2382 1323 2409 manorum,
1339 2383 1396 2402 suo
1412 2373 1519 2402 adhue
1534 2382 1626 2410 aevo,
1641 2373 1673 2402 in
1697 2383 1818 2404 memo-

1142 2414 1221 2444 riam
1241 2415 1308 2445 eius
1326 2414 1383 2451 rei,
1399 2414 1536 2444 sollenni
1560 2424 1681 2454 pompa
1700 2415 1818 2454 gestari

1142 2456 1272 2486 solitum
1286 2466 1353 2486 esse
1369 2466 1482 2486 canem
1498 2456 1531 2486 in
1547 2456 1638 2486 furca
1653 2457 1817 2495 suffixum,

1143 2508 1288 2528 anserem
1306 2508 1379 2528 vero
1402 2498 1434 2527 in
1458 2498 1575 2528 lectica
1590 2502 1621 2529 et
1639 2502 1725 2529 veste
1740 2502 1817 2530 stra-

1141 2541 1217 2579 gula
1233 2541 1322 2570 velut
1337 2540 1601 2579 triumphantem.
1626 2541 1732 2572 Cssssv.
1763 2541 1817 2572 De

1142 2593 1293 2613 anserum
1319 2584 1502 2620 vislilantia,
1521 2583 1560 2613 cf.
1577 2583 1752 2614 Columell.
1776 2584 1816 2614 de

1143 2624 1195 2654 Re
1212 2625 1305 2654 Rust.
1323 2624 1386 2655 viii.
1408 2634 1453 2664 ¹3-

1184 2666 1203 2696 8
1226 2667 1276 2697 M.
1292 2668 1462 2704 Manlius]
1492 2667 1560 2702 Qui
1583 2670 1696 2697 auctor
1717 2666 1814 2706 Capi-

1141 2707 1256 2738 tolium
1280 2709 1461 2747 occupandi
1482 2709 1595 2739 fuerat.
1620 2709 1706 2740 Flor.
1724 2708 1745 2740 i.
1765 2718 1812 2748 13.

1141 2751 1179 2780 A.
1196 2750 1311 2780 Victor
1326 2751 1365 2780 de
1384 2751 1451 2781 Vir.
1470 2751 1523 2782 111.
1543 2760 1592 2790 ²3-

1183 2802 1202 2832 9
1227 2794 1435 2831 Quartarios]
1473 2792 1540 2828 Qui
1566 2795 1711 2831 quartam
1741 2801 1811 2830 par-

462 2838 480 2867 6
504 2841 524 2868 Ι
526 2850 546 2867 n
561 2849 718 2868 summum
733 2837 878 2874 evasere]
905 2835 943 2866 cf.
961 2835 1039 2865 Sall.
1052 2836 1092 2865 de
1137 2838 1202 2864 tem
1216 2834 1357 2872 sextarii,
1374 2835 1422 2865 vel
1441 2838 1505 2866 tres
1520 2834 1654 2874 cyathos
1669 2833 1810 2863 continc-

421 2879 505 2908 Bcll.
530 2881 597 2917 lug.
623 2889 690 2917 131.
714 2882 746 2908 ct
771 2879 894 2908 Herod.
918 2877 937 2907 i.
962 2878 1012 2915 84.
1036 2877 1091 2906 ubi
1137 2878 1224 2907 bant.

419 2920 594 2958 singulares
610 2920 737 2958 rupium
755 2923 787 2950 et
804 2928 967 2949 murorum
981 2928 1089 2949 ascen-
