1934 3211
617 393 876 450 EPITO
899 395 1022 449 ME
1080 395 1329 450 LIBRI
1390 394 1525 448 VII.

943 528 984 530 c„
1052 518 1199 540 ,ψ

369 611 512 652 DUO
535 614 626 651 novi
645 613 907 665 ma'qistratus
928 611 1073 650 adiecti
1091 617 1196 658 sunt,
1212 617 1412 664 praetura
1434 617 1472 650 et
1490 610 1641 650 curulis
1661 609 1771 649 aedi-

369 670 474 708 litas.
536 669 771 708 Pestilentia
808 669 948 707 civitas
989 667 1198 715 laboravit,
1241 682 1404 721 eamque
1445 669 1636 721 insiqnem
1664 668 1773 720 jecit

369 741 475 765 mors
496 725 620 765 Furii
647 725 836 766 Camilli:
870 726 983 764 cuius
1003 725 1217 763 remedium
1238 731 1277 764 et
1287 725 1395 776 finis
1416 739 1537 778 quum
1551 740 1629 778 per
1649 739 1771 764 novas

369 783 575 836 reliqiones
607 788 877 836 quaereretur,
911 782 998 820 ludi
1028 782 1172 821 scenici
1202 788 1297 821 tune
1322 782 1502 835 primum
1520 783 1635 834 facti
1664 787 1768 821 sunt.

378 840 512 889 Quum
535 840 616 878 dies
637 839 688 879 L.
709 839 871 878 ffIanlio
892 839 1000 878 dicta
1021 845 1118 878 esset
1137 853 1162 877 a
1184 839 1247 878 M.
1264 839 1485 892 Pomponio
1513 839 1669 878 tribuno
1682 839 1771 892 ple-

368 897 427 935 bis
448 903 616 950 propter
643 897 833 936 delectum
854 896 990 935 acerbe
1017 902 1164 944 actum,
1187 902 1225 935 et
1259 896 1308 936 T.
1324 895 1682 948 Manliumfilium
1702 911 1772 936 rus

370 954 587 1008 releqatum
618 955 701 994 sine
732 954 812 993 ullo
842 955 1035 1001 crimine,·
1067 953 1290 993 adolescens
1321 955 1414 1007 ipse,
1442 954 1555 993 cuius
1586 953 1772 1007 releqatio

364 1013 484 1065 patri
503 1012 769 1059 obiiciebatur,
788 1013 893 1050 venit
914 1013 954 1050 in
980 1011 1202 1050 cubiculum
1224 1011 1386 1059 tribuni,
1408 1012 1619 1065 strictoque
1634 1010 1773 1064 yladio

371 1070 495 1122 coeqit
514 1083 601 1108 eum
623 1070 665 1108 in
690 1069 808 1108 verba
835 1083 910 1107 sua
932 1070 1080 1116 iurare,
1105 1083 1181 1108 non
1199 1075 1550 1122 perseveraturum
1581 1083 1621 1107 se
1642 1069 1684 1108 in
1704 1082 1773 1107 ac-

371 1127 582 1166 cusatione.
655 1125 791 1175 Quum
808 1126 960 1165 telluris
981 1127 1094 1165 biatu
1111 1132 1193 1165 tota
1207 1126 1263 1165 ad
1277 1126 1460 1165 ultimum
1481 1127 1621 1165 territa
1629 1126 1774 1179 patria

358 1184 487 1236 foret,
510 1189 605 1223 tunc
626 1185 758 1223 omnia
773 1185 952 1237 pretiosa
973 1185 1094 1222 missa
1115 1189 1209 1223 sunt
1228 1185 1269 1223 in
1290 1183 1521 1237 praealtam
1546 1184 1773 1236 vorayinem

373 1241 482 1280 urbis
519 1241 753 1280 Romanae:
797 1243 838 1280 in
871 1255 955 1280 eam
998 1240 1163 1281 Curtius
1196 1247 1391 1288 armatus,
1425 1240 1560 1280 sedens
1594 1254 1703 1294 equo,
1734 1254 1775 1279 se

365 1299 664 1351 praecipitavit,
691 1312 813 1352 eaque
840 1298 992 1351 expleta
1020 1304 1086 1337 est.
1159 1298 1207 1337 Τ.
1228 1298 1415 1337 Manlius
1445 1297 1680 1346 adolescens,
1706 1297 1777 1351 qui

366 1362 527 1408 patrem
563 1370 589 1394 a
622 1356 836 1394 tribunicia
868 1357 1069 1394 vexatione
1101 1356 1384 1403 vindicaverat,
1417 1360 1555 1394 contra
1592 1354 1773 1403 Gallum,

369 1419 649 1465 provocantem
679 1413 850 1467 aliquem
878 1427 923 1451 ex
951 1413 1140 1452 militibus
1168 1413 1375 1461 Romanis,
1398 1414 1440 1452 in
1463 1412 1668 1466 sinyulare
1691 1426 1775 1451 cer-

376 1476 507 1509 tamen
529 1471 737 1517 descendit,
760 1472 869 1525 eique
890 1472 1014 1510 occiso
1036 1477 1211 1524 torquem
1233 1485 1399 1510 aureum
1427 1470 1602 1509 detraxit
1615 1485 1628 1509 .-
1661 1483 1775 1523 quem

376 1528 459 1580 ipse
480 1533 619 1580 postea
646 1528 748 1574 tulit,
772 1534 807 1566 et
835 1543 881 1565 ec
905 1542 946 1566 eo
985 1528 1217 1582 Torquatus
1241 1534 1299 1567 est
1322 1533 1588 1581 nuncupatus.
1650 1526 1776 1566 Duae

377 1584 502 1622 tribus
524 1585 696 1631 additae,
720 1584 937 1637 Pomptina
959 1591 996 1624 et
1024 1585 1216 1624 Publilia.
1279 1585 1464 1624 Licinius
1489 1584 1598 1624 Stolo
1619 1584 1699 1638 leye
1725 1584 1776 1623 ab

376 1643 462 1695 ipso
493 1641 577 1679 lata
608 1642 823 1680 damnatus
853 1648 920 1689 est,
951 1643 1057 1695 quod
1077 1643 1175 1695 plus
1205 1644 1427 1695 qzcz'iiqeiztis
1458 1642 1658 1695 iicqeribus
1685 1642 1779 1695 779νὶ

372 1699 600 1751 possideret.
665 1698 728 1737 bs.
765 1698 948 1737 Valerius
988 1699 1170 1737 tribunus
1206 1699 1375 1738 militum
1418 1698 1598 1746 Gallum,
1633 1713 1660 1737 a
1699 1712 1776 1752 quo

372 1761 613 1809 provocatus
638 1762 736 1803 erat,
760 1755 950 1794 insidente
976 1756 1117 1809 quleae
1139 1770 1264 1803 corvo,
1287 1762 1322 1794 et
1350 1756 1544 1809 unquibus
1574 1761 1777 1809 rostroque

378 1814 524 1851 bostem
553 1813 776 1865 infestante,
800 1813 952 1860 occidit,
975 1819 1010 1851 et
1031 1828 1076 1851 er
1101 1827 1142 1851 eo
1171 1812 1292 1852 Corvi
1318 1827 1454 1852 nomen
1475 1813 1653 1866 accepit,·
1685 1826 1777 1852 con-

377 1870 516 1924 sulque
529 1871 713 1923 proximo
734 1884 851 1917 anno,
875 1884 995 1923 quum
1018 1884 1143 1908 annos
1163 1871 1306 1923 viqznti
1332 1876 1370 1908 tl
1371 1884 1409 1908 es
1437 1870 1606 1918 haberet,
1629 1870 1674 1908 ob
1695 1871 1777 1909 vir-

378 1933 497 1966 tutem
531 1933 687 1966 cieatus
717 1933 783 1966 est.
846 1927 1038 1966 Amicitia
1070 1941 1158 1965 cum
1189 1926 1596 1980 Kartliaqiniensibus
1626 1928 1773 1966 iuncta.

386 1984 598 2038 Campani,
614 1998 735 2038 quum
750 1990 985 2037 urqerentur
998 1999 1023 2022 a
1042 1983 1290 2023 Samnitibus
1302 1984 1410 2031 bello,
1425 1984 1574 2023 auxilio
1587 1984 1778 2023 adversus

378 2056 440 2080 eos
470 2056 496 2080 a
528 2047 667 2080 senatu
693 2043 828 2094 petito,
863 2055 984 2095 quum
1017 2041 1061 2079 id
1089 2055 1165 2080 non
1195 2043 1466 2094 impetr,arent
1497 2041 1631 2080 urbem
1660 2047 1778 2095 atque

379 2113 498 2153 aqros
512 2098 663 2151 populo
692 2099 875 2137 Romano
903 2098 1162 2138 dediderunt:
1195 2099 1239 2137 ob
1261 2113 1381 2152 quam
1403 2112 1567 2137 eausam
1595 2113 1654 2146 ea,
1677 2112 1778 2152 quae

373 2157 518 2209 populi
546 2156 722 2194 Romani
739 2156 864 2208 facta
890 2161 1025 2203 essent,
1049 2156 1209 2208 defendi
1233 2156 1329 2195 bello
1356 2156 1547 2195 adversus
1579 2155 1779 2195 Samnites

373 2214 542 2267 placuit.
616 2212 750 2262 Quum
779 2213 829 2252 ab
850 2212 902 2252 Α.
931 2212 1111 2253 Cornelio
1140 2213 1294 2252 consule
1325 2214 1515 2252 exercitus
1535 2214 1577 2252 in
1597 2214 1777 2267 iniquum

380 2271 507 2309 locum
542 2270 731 2309 deductus
764 2271 806 2309 in
837 2284 981 2323 nia-qno
1011 2270 1237 2310 discrimine
1268 2276 1376 2318 esset,
1410 2270 1460 2309 P.
1484 2270 1608 2309 Decii
1638 2270 1778 2309 Muris

379 2329 531 2367 tribuni
552 2328 719 2367 militum
742 2342 861 2380 opera
882 2333 1062 2366 servatus
1082 2333 1148 2366 est.
1220 2327 1314 2377 Qui,
1337 2333 1526 2380 occupato
1546 2327 1640 2366 colle
1659 2341 1779 2380 super

379 2386 423 2424 id
442 2387 591 2439 iuqum,
614 2386 656 2425 in
677 2399 752 2439 quo
785 2384 983 2423 Sanmites
1005 2385 1270 2433 consederant,
1294 2386 1532 2423 occasionem
1560 2383 1712 2423 consuli
1735 2385 1778 2423 in

379 2444 602 2496 aequiorem
625 2443 750 2481 locum
766 2442 958 2481 evadendi
976 2442 1107 2481 dedit:
1140 2443 1222 2494 ipse
1241 2441 1291 2480 ab
1313 2441 1486 2481 hostibus
1502 2442 1779 2480 circumsessus

379 2501 520 2553 erupit.
594 2500 728 2548 Quum
742 2499 882 2538 milites
904 2499 1092 2546 Romani,
1110 2500 1181 2552 qui
1207 2498 1372 2552 Capuae
1384 2500 1425 2538 in
1444 2498 1645 2552 praesidio
1665 2503 1781 2538 erant

380 2557 518 2605 relicti,
534 2557 581 2595 de
601 2571 647 2595 ea
668 2556 900 2609 occupanda
922 2556 1016 2595 urbe
1037 2557 1340 2609 conspirassent,
1364 2562 1411 2604 et,
1434 2556 1579 2595 detecto
1605 2556 1777 2603 consilio,

380 2620 483 2653 metu
505 2614 692 2667 supplicii
706 2629 732 2652 a
746 2613 897 2667 populo
914 2613 1098 2652 Romano
1111 2613 1361 2666 defecissent5
1386 2628 1463 2667 per
1484 2613 1548 2652 M.
1576 2613 1778 2653 Valerium

388 2671 560 2711 Corvum
581 2671 824 2719 dictatorem,
847 2672 918 2724 qui
943 2670 1103 2709 consilio
1123 2684 1193 2709 suo
1214 2685 1276 2709 eos
1297 2686 1323 2709 a
1341 2671 1492 2723 furore
1512 2675 1776 2716 revocaverat,

376 2730 538 2779 patriae
551 2729 724 2767 restituti
734 2734 837 2767 sunt.
872 2728 953 2766 Res
959 2733 1170 2781 praeterea
1185 2733 1324 2767 contra
1337 2727 1548 2775 Hernicos,
1564 2733 1602 2766 et
1622 2726 1776 2774 Gallos,

381 2791 419 2822 et
447 2785 644 2833 Tiburtes,
667 2791 704 2824 et
722 2785 995 2833 Privernates,
1018 2790 1056 2824 et
1095 2785 1416 2839 Tarquinienses,
1439 2790 1477 2824 et
1508 2784 1719 2830 Samnites,
1736 2787 1773 2820 et

396 2840 551 2879 Volscos
566 2856 756 2895 prospere
772 2848 905 2895 qestas
926 2843 1105 2881 continet.
