<?xml version="1.0" encoding="UTF-8"?>
<!DOCTYPE html PUBLIC "-//W3C//DTD XHTML 1.0 Transitional//EN"
    "http://www.w3.org/TR/xhtml1/DTD/xhtml1-transitional.dtd">
<html xmlns="http://www.w3.org/1999/xhtml" xml:lang="en" lang="en">
 <head>
  <title>
</title>
<meta http-equiv="Content-Type" content="text/html;charset=utf-8" />
  <meta name='ocr-system' content='tesseract 3.04.00' />
  <meta name='ocr-capabilities' content='ocr_page ocr_carea ocr_par ocr_line ocrx_word'/>
</head>
<body>
  <div class='ocr_page' id='page_1' title='image "./historiarumli01livyuoft_0620.png"; bbox 0 0 1934 3211; ppageno 0'>
   <div class='ocr_carea' id='block_1_1' title="bbox 153 233 344 317">
    <p class='ocr_par' dir='ltr' id='par_1_1' title="bbox 153 233 344 317">
     <span class='ocr_line' id='line_1_1' title="bbox 153 233 344 274; baseline 0 -9"><span class='ocrx_word' id='word_1_1' title='bbox 153 233 198 265; x_wconf 88' lang='lat' dir='ltr'>U.</span> <span class='ocrx_word' id='word_1_2' title='bbox 215 233 255 265; x_wconf 84' lang='lat' dir='ltr'>C.</span> <span class='ocrx_word' id='word_1_3' title='bbox 272 241 344 274; x_wconf 88' lang='lat'>459.</span> 
     </span>
     <span class='ocr_line' id='line_1_2' title="bbox 273 285 344 317; baseline 0.028 -11"><span class='ocrx_word' id='word_1_4' title='bbox 273 285 344 317; x_wconf 82' lang='lat'><strong>293.</strong></span> 
     </span>
    </p>
   </div>
   <div class='ocr_carea' id='block_1_2' title="bbox 151 278 254 309">
    <p class='ocr_par' dir='ltr' id='par_1_2' title="bbox 151 278 254 309">
     <span class='ocr_line' id='line_1_3' title="bbox 151 278 254 309; baseline 0.019 -2"><span class='ocrx_word' id='word_1_5' title='bbox 151 278 192 308; x_wconf 88' lang='lat' dir='ltr'>A.</span> <span class='ocrx_word' id='word_1_6' title='bbox 216 278 254 309; x_wconf 85' lang='lat' dir='ltr'>C.</span> 
     </span>
    </p>
   </div>
   <div class='ocr_carea' id='block_1_3' title="bbox 148 642 320 760">
    <p class='ocr_par' dir='ltr' id='par_1_3' title="bbox 148 642 320 760">
     <span class='ocr_line' id='line_1_4' title="bbox 152 642 315 674; baseline 0 -1"><span class='ocrx_word' id='word_1_7' title='bbox 152 642 315 674; x_wconf 88' lang='lat' dir='ltr'>Pocillum</span> 
     </span>
     <span class='ocr_line' id='line_1_5' title="bbox 150 685 314 716; baseline 0.006 -1"><span class='ocrx_word' id='word_1_8' title='bbox 150 685 246 716; x_wconf 90' lang='lat' dir='ltr'>mulsi</span> <span class='ocrx_word' id='word_1_9' title='bbox 263 696 314 716; x_wconf 83' lang='lat' dir='ltr'>vo-</span> 
     </span>
     <span class='ocr_line' id='line_1_6' title="bbox 148 728 320 760; baseline 0.012 -2"><span class='ocrx_word' id='word_1_10' title='bbox 148 731 220 758; x_wconf 84' lang='lat' dir='ltr'>tum</span> <span class='ocrx_word' id='word_1_11' title='bbox 238 728 320 760; x_wconf 88' lang='lat' dir='ltr'>Iovi.</span> 
     </span>
    </p>
   </div>
   <div class='ocr_carea' id='block_1_4' title="bbox 220 810 288 848">
    <p class='ocr_par' dir='ltr' id='par_1_4' title="bbox 220 810 288 848">
     <span class='ocr_line' id='line_1_7' title="bbox 220 810 288 848; baseline 0 0"><span class='ocrx_word' id='word_1_12' title='bbox 220 810 288 848; x_wconf 84' lang='lat'>43.</span> 
     </span>
    </p>
   </div>
   <div class='ocr_carea' id='block_1_5' title="bbox 148 1335 336 1461">
    <p class='ocr_par' dir='ltr' id='par_1_5' title="bbox 148 1335 336 1461">
     <span class='ocr_line' id='line_1_8' title="bbox 148 1335 336 1368; baseline -0.011 0"><span class='ocrx_word' id='word_1_13' title='bbox 148 1335 336 1368; x_wconf 87' lang='lat' dir='ltr'>Cominium</span> 
     </span>
     <span class='ocr_line' id='line_1_9' title="bbox 148 1379 326 1410; baseline -0.006 0"><span class='ocrx_word' id='word_1_14' title='bbox 148 1391 170 1410; x_wconf 79' lang='lat' dir='ltr'>a</span> <span class='ocrx_word' id='word_1_15' title='bbox 185 1379 326 1410; x_wconf 86' lang='lat' dir='ltr'>Carvilio</span> 
     </span>
     <span class='ocr_line' id='line_1_10' title="bbox 150 1426 294 1461; baseline 0 -9"><span class='ocrx_word' id='word_1_16' title='bbox 150 1426 294 1461; x_wconf 82' lang='lat' dir='ltr'>captum.</span> 
     </span>
    </p>
   </div>
   <div class='ocr_carea' id='block_1_6' title="bbox 375 134 1255 178">
    <p class='ocr_par' dir='ltr' id='par_1_6' title="bbox 375 134 1255 178">
     <span class='ocr_line' id='line_1_11' title="bbox 375 134 1255 178; baseline -0.001 0"><span class='ocrx_word' id='word_1_17' title='bbox 375 140 455 178; x_wconf 87' lang='grc'>606</span> <span class='ocrx_word' id='word_1_18' title='bbox 890 135 1036 178; x_wconf 92' lang='grc' dir='ltr'>ΤΙΤΙ</span> <span class='ocrx_word' id='word_1_19' title='bbox 1079 134 1255 178; x_wconf 84' lang='lat' dir='ltr'>LIVII</span> 
     </span>
    </p>
   </div>
   <div class='ocr_carea' id='block_1_7' title="bbox 366 226 1785 2181">
    <p class='ocr_par' dir='ltr' id='par_1_7' title="bbox 366 226 1785 2181">
     <span class='ocr_line' id='line_1_12' title="bbox 372 226 1757 283; baseline -0.003 -13"><span class='ocrx_word' id='word_1_20' title='bbox 372 228 626 270; x_wconf 85' lang='lat' dir='ltr'>Samnitium</span> <span class='ocrx_word' id='word_1_21' title='bbox 652 227 783 269; x_wconf 89' lang='lat' dir='ltr'>millia</span> <span class='ocrx_word' id='word_1_22' title='bbox 807 227 978 283; x_wconf 89' lang='lat' dir='ltr'>triginta</span> <span class='ocrx_word' id='word_1_23' title='bbox 1002 228 1177 269; x_wconf 80' lang='lat' dir='ltr'><strong>trecenti</strong></span> <span class='ocrx_word' id='word_1_24' title='bbox 1199 226 1498 283; x_wconf 83' lang='lat' dir='ltr'>quadraginta:</span> <span class='ocrx_word' id='word_1_25' title='bbox 1533 234 1653 282; x_wconf 89' lang='lat' dir='ltr'>capta</span> <span class='ocrx_word' id='word_1_26' title='bbox 1680 226 1757 267; x_wconf 84' lang='lat' dir='ltr'>tria</span> 
     </span>
     <span class='ocr_line' id='line_1_13' title="bbox 371 283 1759 342; baseline -0.002 -15"><span class='ocrx_word' id='word_1_27' title='bbox 371 286 503 327; x_wconf 83' lang='lat' dir='ltr'>millia</span> <span class='ocrx_word' id='word_1_28' title='bbox 523 286 753 341; x_wconf 82' lang='lat' dir='ltr'>octingenti</span> <span class='ocrx_word' id='word_1_29' title='bbox 779 294 820 327; x_wconf 90' lang='lat' dir='ltr'>et</span> <span class='ocrx_word' id='word_1_30' title='bbox 844 285 1131 342; x_wconf 79' lang='lat' dir='ltr'>septuaginta:</span> <span class='ocrx_word' id='word_1_31' title='bbox 1165 286 1284 341; x_wconf 88' lang='lat' dir='ltr'>signa</span> <span class='ocrx_word' id='word_1_32' title='bbox 1310 284 1503 325; x_wconf 84' lang='lat' dir='ltr'>militaria</span> <span class='ocrx_word' id='word_1_33' title='bbox 1529 283 1759 339; x_wconf 76' lang='lat' dir='ltr'>nonaginta</span> 
     </span>
     <span class='ocr_line' id='line_1_14' title="bbox 371 342 1755 400; baseline -0.002 -15"><span class='ocrx_word' id='word_1_34' title='bbox 371 352 543 400; x_wconf 88' lang='lat' dir='ltr'>septem.</span> <span class='ocrx_word' id='word_1_35' title='bbox 623 343 824 385; x_wconf 87' lang='lat' dir='ltr'>Ceterum</span> <span class='ocrx_word' id='word_1_36' title='bbox 864 343 969 384; x_wconf 83' lang='lat' dir='ltr'>illud</span> <span class='ocrx_word' id='word_1_37' title='bbox 1010 343 1232 384; x_wconf 83' lang='lat' dir='ltr'>memoriae</span> <span class='ocrx_word' id='word_1_38' title='bbox 1274 342 1462 392; x_wconf 84' lang='lat' dir='ltr'>traditur,</span> <span class='ocrx_word' id='word_1_39' title='bbox 1504 357 1591 383; x_wconf 90' lang='lat' dir='ltr'>non</span> <span class='ocrx_word' id='word_1_40' title='bbox 1624 342 1755 382; x_wconf 90' lang='lat' dir='ltr'>ferme</span> 
     </span>
     <span class='ocr_line' id='line_1_15' title="bbox 370 399 1754 455; baseline -0.002 -12"><span class='ocrx_word' id='word_1_41' title='bbox 370 401 498 443; x_wconf 89' lang='lat' dir='ltr'>alium</span> <span class='ocrx_word' id='word_1_42' title='bbox 519 402 671 443; x_wconf 91' lang='lat' dir='ltr'>ducem</span> <span class='ocrx_word' id='word_1_43' title='bbox 698 401 912 442; x_wconf 85' lang='lat' dir='ltr'>laetiorem</span> <span class='ocrx_word' id='word_1_44' title='bbox 941 401 984 441; x_wconf 92' lang='lat' dir='ltr'>in</span> <span class='ocrx_word' id='word_1_45' title='bbox 1012 401 1098 441; x_wconf 85' lang='lat' dir='ltr'>acie</span> <span class='ocrx_word' id='word_1_46' title='bbox 1121 400 1266 449; x_wconf 91' lang='lat' dir='ltr'>visum,</span> <span class='ocrx_word' id='word_1_47' title='bbox 1296 415 1369 440; x_wconf 88' lang='lat' dir='ltr'>seu</span> <span class='ocrx_word' id='word_1_48' title='bbox 1396 408 1541 455; x_wconf 89' lang='lat' dir='ltr'>suopte</span> <span class='ocrx_word' id='word_1_49' title='bbox 1570 399 1754 455; x_wconf 89' lang='lat' dir='ltr'>ingenio,</span> 
     </span>
     <span class='ocr_line' id='line_1_16' title="bbox 370 456 1756 515; baseline -0.003 -14"><span class='ocrx_word' id='word_1_50' title='bbox 370 474 444 500; x_wconf 86' lang='lat' dir='ltr'>seu</span> <span class='ocrx_word' id='word_1_51' title='bbox 468 459 622 501; x_wconf 88' lang='lat' dir='ltr'>fiducia</span> <span class='ocrx_word' id='word_1_52' title='bbox 651 459 758 500; x_wconf 91' lang='lat' dir='ltr'>bene</span> <span class='ocrx_word' id='word_1_53' title='bbox 790 458 1002 515; x_wconf 83' lang='lat' dir='ltr'>gerundae</span> <span class='ocrx_word' id='word_1_54' title='bbox 1033 457 1104 498; x_wconf 86' lang='lat' dir='ltr'>rei.</span> <span class='ocrx_word' id='word_1_55' title='bbox 1168 457 1237 497; x_wconf 89' lang='lat' dir='ltr'>Ab</span> <span class='ocrx_word' id='word_1_56' title='bbox 1269 457 1417 498; x_wconf 89' lang='lat' dir='ltr'>eodem</span> <span class='ocrx_word' id='word_1_57' title='bbox 1449 457 1595 498; x_wconf 91' lang='lat' dir='ltr'>robore</span> <span class='ocrx_word' id='word_1_58' title='bbox 1626 456 1756 498; x_wconf 87' lang='lat' dir='ltr'>animi</span> 
     </span>
     <span class='ocr_line' id='line_1_17' title="bbox 370 513 1755 573; baseline -0.002 -15"><span class='ocrx_word' id='word_1_59' title='bbox 370 532 508 573; x_wconf 92' lang='lat' dir='ltr'>neque</span> <span class='ocrx_word' id='word_1_60' title='bbox 531 525 795 558; x_wconf 89' lang='lat' dir='ltr'>controverso</span> <span class='ocrx_word' id='word_1_61' title='bbox 817 515 1000 571; x_wconf 88' lang='lat' dir='ltr'>auspicio</span> <span class='ocrx_word' id='word_1_62' title='bbox 1022 514 1204 555; x_wconf 87' lang='lat' dir='ltr'>revocari</span> <span class='ocrx_word' id='word_1_63' title='bbox 1224 529 1248 554; x_wconf 91' lang='lat' dir='ltr'>a</span> <span class='ocrx_word' id='word_1_64' title='bbox 1267 514 1426 569; x_wconf 87' lang='lat' dir='ltr'>proelio</span> <span class='ocrx_word' id='word_1_65' title='bbox 1446 514 1608 570; x_wconf 82' lang='lat' dir='ltr'>potuit3</span> <span class='ocrx_word' id='word_1_66' title='bbox 1641 522 1684 555; x_wconf 92' lang='lat' dir='ltr'>et</span> <span class='ocrx_word' id='word_1_67' title='bbox 1710 513 1755 554; x_wconf 91' lang='lat' dir='ltr'>in</span> 
     </span>
     <span class='ocr_line' id='line_1_18' title="bbox 370 571 1754 631; baseline -0.001 -17"><span class='ocrx_word' id='word_1_68' title='bbox 370 574 459 631; x_wconf 90' lang='lat' dir='ltr'>ipso</span> <span class='ocrx_word' id='word_1_69' title='bbox 488 575 740 623; x_wconf 82' lang='lat' dir='ltr'>discrimine,</span> <span class='ocrx_word' id='word_1_70' title='bbox 763 588 847 629; x_wconf 91' lang='lat' dir='ltr'>quo</span> <span class='ocrx_word' id='word_1_71' title='bbox 875 571 1032 628; x_wconf 89' lang='lat' dir='ltr'>templa</span> <span class='ocrx_word' id='word_1_72' title='bbox 1059 571 1138 611; x_wconf 85' lang='lat' dir='ltr'>diis</span> <span class='ocrx_word' id='word_1_73' title='bbox 1168 571 1469 612; x_wconf 85' lang='lat' dir='ltr'>immortalibus</span> <span class='ocrx_word' id='word_1_74' title='bbox 1495 572 1635 613; x_wconf 90' lang='lat' dir='ltr'>voveri</span> <span class='ocrx_word' id='word_1_75' title='bbox 1665 586 1754 612; x_wconf 91' lang='lat' dir='ltr'>mos</span> 
     </span>
     <span class='ocr_line' id='line_1_19' title="bbox 370 628 1785 685; baseline -0.003 -11"><span class='ocrx_word' id='word_1_76' title='bbox 370 640 469 682; x_wconf 86' lang='lat' dir='ltr'>erat,</span> <span class='ocrx_word' id='word_1_77' title='bbox 491 640 659 673; x_wconf 88' lang='lat' dir='ltr'>voverat</span> <span class='ocrx_word' id='word_1_78' title='bbox 680 630 770 671; x_wconf 92' lang='lat' dir='ltr'>Iovi</span> <span class='ocrx_word' id='word_1_79' title='bbox 792 630 967 679; x_wconf 84' lang='lat' dir='ltr'>Victori,</span> <span class='ocrx_word' id='word_1_80' title='bbox 989 629 1023 670; x_wconf 87' lang='lat' dir='ltr'>si</span> <span class='ocrx_word' id='word_1_81' title='bbox 1050 628 1235 684; x_wconf 83' lang='lat' dir='ltr'>legiones</span> <span class='ocrx_word' id='word_1_82' title='bbox 1262 628 1444 669; x_wconf 89' lang='lat' dir='ltr'>hostium</span> <span class='ocrx_word' id='word_1_83' title='bbox 1467 628 1652 678; x_wconf 87' lang='lat' dir='ltr'>fudisset,</span> <span class='ocrx_word' id='word_1_84' title='bbox 1678 643 1785 685; x_wconf 92' lang='lat' dir='ltr'>p0-9</span> 
     </span>
     <span class='ocr_line' id='line_1_20' title="bbox 370 685 1782 744; baseline -0.002 -14"><span class='ocrx_word' id='word_1_85' title='bbox 370 690 510 730; x_wconf 90' lang='lat' dir='ltr'>cillum</span> <span class='ocrx_word' id='word_1_86' title='bbox 539 689 662 730; x_wconf 88' lang='lat' dir='ltr'>mulsi</span> <span class='ocrx_word' id='word_1_87' title='bbox 689 688 816 744; x_wconf 87' lang='lat' dir='ltr'>prius,</span> <span class='ocrx_word' id='word_1_88' title='bbox 840 702 965 743; x_wconf 90' lang='lat' dir='ltr'>quam</span> <span class='ocrx_word' id='word_1_89' title='bbox 996 694 1196 727; x_wconf 86' lang='lat' dir='ltr'>temetum</span> <span class='ocrx_word' id='word_1_90' title='bbox 1224 686 1396 735; x_wconf 87' lang='lat' dir='ltr'>biberet,</span> <span class='ocrx_word' id='word_1_91' title='bbox 1418 700 1505 727; x_wconf 88' lang='lat' dir='ltr'>sese</span> <span class='ocrx_word' id='word_1_92' title='bbox 1533 685 1750 727; x_wconf 88' lang='lat' dir='ltr'>facturum.</span> <span class='ocrx_word' id='word_1_93' title='bbox 1770 700 1782 720; x_wconf 94' lang='lat'>1</span> 
     </span>
     <span class='ocr_line' id='line_1_21' title="bbox 370 743 1712 800; baseline -0.003 -12"><span class='ocrx_word' id='word_1_94' title='bbox 370 746 421 788; x_wconf 83' lang='lat' dir='ltr'>Id</span> <span class='ocrx_word' id='word_1_95' title='bbox 441 756 584 788; x_wconf 91' lang='lat' dir='ltr'>votum</span> <span class='ocrx_word' id='word_1_96' title='bbox 607 746 685 786; x_wconf 88' lang='lat' dir='ltr'>diis</span> <span class='ocrx_word' id='word_1_97' title='bbox 706 745 820 786; x_wconf 88' lang='lat' dir='ltr'>cordi</span> <span class='ocrx_word' id='word_1_98' title='bbox 841 745 944 786; x_wconf 88' lang='lat' dir='ltr'>fuit:</span> <span class='ocrx_word' id='word_1_99' title='bbox 979 752 1021 785; x_wconf 91' lang='lat' dir='ltr'>et</span> <span class='ocrx_word' id='word_1_100' title='bbox 1041 744 1224 800; x_wconf 88' lang='lat' dir='ltr'>auspicia</span> <span class='ocrx_word' id='word_1_101' title='bbox 1243 743 1287 784; x_wconf 93' lang='lat' dir='ltr'>in</span> <span class='ocrx_word' id='word_1_102' title='bbox 1308 744 1465 785; x_wconf 88' lang='lat' dir='ltr'>bonum</span> <span class='ocrx_word' id='word_1_103' title='bbox 1486 752 1712 785; x_wconf 87' lang='lat' dir='ltr'>verterunt.</span> 
     </span>
     <span class='ocr_line' id='line_1_22' title="bbox 428 801 1751 858; baseline -0.002 -13"><span class='ocrx_word' id='word_1_104' title='bbox 428 804 588 845; x_wconf 91' lang='lat' dir='ltr'>Eadem</span> <span class='ocrx_word' id='word_1_105' title='bbox 605 804 772 844; x_wconf 85' lang='lat' dir='ltr'>fortuna</span> <span class='ocrx_word' id='word_1_106' title='bbox 792 803 843 844; x_wconf 89' lang='lat' dir='ltr'>ab</span> <span class='ocrx_word' id='word_1_107' title='bbox 865 802 994 844; x_wconf 86' lang='lat' dir='ltr'>altero</span> <span class='ocrx_word' id='word_1_108' title='bbox 1015 801 1183 842; x_wconf 91' lang='lat' dir='ltr'>consule</span> <span class='ocrx_word' id='word_1_109' title='bbox 1206 801 1258 842; x_wconf 89' lang='lat' dir='ltr'>ad</span> <span class='ocrx_word' id='word_1_110' title='bbox 1278 801 1520 842; x_wconf 88' lang='lat' dir='ltr'>Cominium</span> <span class='ocrx_word' id='word_1_111' title='bbox 1540 809 1656 858; x_wconf 87' lang='lat' dir='ltr'>gesta</span> <span class='ocrx_word' id='word_1_112' title='bbox 1675 816 1751 842; x_wconf 86' lang='lat' dir='ltr'>res.</span> 
     </span>
     <span class='ocr_line' id='line_1_23' title="bbox 368 858 1755 915; baseline -0.002 -12"><span class='ocrx_word' id='word_1_113' title='bbox 368 862 511 903; x_wconf 87' lang='lat' dir='ltr'>Prima</span> <span class='ocrx_word' id='word_1_114' title='bbox 545 861 652 911; x_wconf 90' lang='lat' dir='ltr'>luce,</span> <span class='ocrx_word' id='word_1_115' title='bbox 690 861 743 902; x_wconf 88' lang='lat' dir='ltr'>ad</span> <span class='ocrx_word' id='word_1_116' title='bbox 783 860 950 902; x_wconf 92' lang='lat' dir='ltr'>moenia</span> <span class='ocrx_word' id='word_1_117' title='bbox 985 859 1178 901; x_wconf 89' lang='lat' dir='ltr'>omnibus</span> <span class='ocrx_word' id='word_1_118' title='bbox 1212 859 1342 915; x_wconf 90' lang='lat' dir='ltr'>copiis</span> <span class='ocrx_word' id='word_1_119' title='bbox 1377 858 1566 908; x_wconf 85' lang='lat' dir='ltr'>admotis,</span> <span class='ocrx_word' id='word_1_120' title='bbox 1600 873 1755 900; x_wconf 89' lang='lat' dir='ltr'>corona</span> 
     </span>
     <span class='ocr_line' id='line_1_24' title="bbox 366 916 1751 973; baseline -0.003 -12"><span class='ocrx_word' id='word_1_121' title='bbox 366 920 502 961; x_wconf 86' lang='lat' dir='ltr'>cinxit</span> <span class='ocrx_word' id='word_1_122' title='bbox 533 919 703 967; x_wconf 82' lang='lat' dir='ltr'>urbem3</span> <span class='ocrx_word' id='word_1_123' title='bbox 745 918 1012 973; x_wconf 85' lang='lat' dir='ltr'>subsidiaque</span> <span class='ocrx_word' id='word_1_124' title='bbox 1049 917 1180 966; x_wconf 86' lang='lat' dir='ltr'>firma,</span> <span class='ocrx_word' id='word_1_125' title='bbox 1217 932 1270 958; x_wconf 89' lang='lat' dir='ltr'>ne</span> <span class='ocrx_word' id='word_1_126' title='bbox 1307 932 1390 972; x_wconf 90' lang='lat' dir='ltr'>qua</span> <span class='ocrx_word' id='word_1_127' title='bbox 1425 916 1588 973; x_wconf 90' lang='lat' dir='ltr'>eruptio</span> <span class='ocrx_word' id='word_1_128' title='bbox 1619 916 1751 965; x_wconf 90' lang='lat' dir='ltr'>fieret,</span> 
     </span>
     <span class='ocr_line' id='line_1_25' title="bbox 367 973 1753 1033; baseline -0.004 -14"><span class='ocrx_word' id='word_1_129' title='bbox 367 977 497 1033; x_wconf 88' lang='lat' dir='ltr'>portis</span> <span class='ocrx_word' id='word_1_130' title='bbox 522 976 728 1033; x_wconf 90' lang='lat' dir='ltr'>opposuit.</span> <span class='ocrx_word' id='word_1_131' title='bbox 791 975 881 1017; x_wconf 88' lang='lat' dir='ltr'>Iam</span> <span class='ocrx_word' id='word_1_132' title='bbox 902 975 1067 1032; x_wconf 91' lang='lat' dir='ltr'>signum</span> <span class='ocrx_word' id='word_1_133' title='bbox 1096 974 1266 1016; x_wconf 84' lang='lat' dir='ltr'>dantem</span> <span class='ocrx_word' id='word_1_134' title='bbox 1297 990 1393 1015; x_wconf 90' lang='lat' dir='ltr'>eum</span> <span class='ocrx_word' id='word_1_135' title='bbox 1415 975 1588 1015; x_wconf 90' lang='lat' dir='ltr'>nuntius</span> <span class='ocrx_word' id='word_1_136' title='bbox 1615 989 1639 1015; x_wconf 87' lang='lat' dir='ltr'>a</span> <span class='ocrx_word' id='word_1_137' title='bbox 1668 973 1753 1016; x_wconf 91' lang='lat' dir='ltr'>col-</span> 
     </span>
     <span class='ocr_line' id='line_1_26' title="bbox 367 1031 1753 1091; baseline -0.002 -15"><span class='ocrx_word' id='word_1_138' title='bbox 367 1035 460 1091; x_wconf 84' lang='lat' dir='ltr'>lega</span> <span class='ocrx_word' id='word_1_139' title='bbox 490 1034 677 1091; x_wconf 90' lang='lat' dir='ltr'>trepidus</span> <span class='ocrx_word' id='word_1_140' title='bbox 707 1034 760 1075; x_wconf 91' lang='lat' dir='ltr'>de</span> <span class='ocrx_word' id='word_1_141' title='bbox 789 1033 939 1090; x_wconf 87' lang='lat' dir='ltr'>viginti</span> <span class='ocrx_word' id='word_1_142' title='bbox 969 1032 1203 1073; x_wconf 89' lang='lat' dir='ltr'>cohortium</span> <span class='ocrx_word' id='word_1_143' title='bbox 1228 1031 1411 1073; x_wconf 81' lang='lat' dir='ltr'>adventu</span> <span class='ocrx_word' id='word_1_144' title='bbox 1441 1040 1483 1073; x_wconf 92' lang='lat' dir='ltr'>et</span> <span class='ocrx_word' id='word_1_145' title='bbox 1513 1032 1564 1073; x_wconf 87' lang='lat' dir='ltr'>ab</span> <span class='ocrx_word' id='word_1_146' title='bbox 1591 1032 1753 1088; x_wconf 90' lang='lat' dir='ltr'>impetu</span> 
     </span>
     <span class='ocr_line' id='line_1_27' title="bbox 368 1089 1752 1148; baseline -0.003 -14"><span class='ocrx_word' id='word_1_147' title='bbox 368 1101 549 1134; x_wconf 88' lang='lat' dir='ltr'>moratus</span> <span class='ocrx_word' id='word_1_148' title='bbox 570 1102 644 1141; x_wconf 86' lang='lat' dir='ltr'>est,</span> <span class='ocrx_word' id='word_1_149' title='bbox 659 1101 702 1133; x_wconf 88' lang='lat' dir='ltr'>et</span> <span class='ocrx_word' id='word_1_150' title='bbox 722 1100 881 1148; x_wconf 89' lang='lat' dir='ltr'>partem</span> <span class='ocrx_word' id='word_1_151' title='bbox 904 1090 1117 1147; x_wconf 88' lang='lat' dir='ltr'>copiarum</span> <span class='ocrx_word' id='word_1_152' title='bbox 1138 1104 1329 1131; x_wconf 87' lang='lat' dir='ltr'>revocare</span> <span class='ocrx_word' id='word_1_153' title='bbox 1350 1089 1594 1131; x_wconf 85' lang='lat' dir='ltr'>instructam</span> <span class='ocrx_word' id='word_1_154' title='bbox 1614 1089 1752 1131; x_wconf 89' lang='lat' dir='ltr'>inten-</span> 
     </span>
     <span class='ocr_line' id='line_1_28' title="bbox 368 1146 1752 1207; baseline -0.003 -15"><span class='ocrx_word' id='word_1_155' title='bbox 368 1160 536 1207; x_wconf 82' lang='lat' dir='ltr'>tamque</span> <span class='ocrx_word' id='word_1_156' title='bbox 577 1150 630 1191; x_wconf 90' lang='lat' dir='ltr'>ad</span> <span class='ocrx_word' id='word_1_157' title='bbox 670 1148 1000 1206; x_wconf 88' lang='lat' dir='ltr'>oppugnandum</span> <span class='ocrx_word' id='word_1_158' title='bbox 1040 1148 1187 1204; x_wconf 87' lang='lat' dir='ltr'>coegit.</span> <span class='ocrx_word' id='word_1_159' title='bbox 1251 1147 1305 1188; x_wconf 92' lang='lat' dir='ltr'>D.</span> <span class='ocrx_word' id='word_1_160' title='bbox 1340 1147 1519 1188; x_wconf 89' lang='lat' dir='ltr'>Brutum</span> <span class='ocrx_word' id='word_1_161' title='bbox 1554 1146 1752 1189; x_wconf 88' lang='lat' dir='ltr'>Scaevam</span> 
     </span>
     <span class='ocr_line' id='line_1_29' title="bbox 367 1204 1751 1265; baseline -0.002 -17"><span class='ocrx_word' id='word_1_162' title='bbox 367 1208 550 1265; x_wconf 83' lang='lat' dir='ltr'>legatum</span> <span class='ocrx_word' id='word_1_163' title='bbox 582 1223 677 1249; x_wconf 90' lang='lat' dir='ltr'>cum</span> <span class='ocrx_word' id='word_1_164' title='bbox 717 1207 881 1263; x_wconf 84' lang='lat' dir='ltr'>legione</span> <span class='ocrx_word' id='word_1_165' title='bbox 917 1206 1051 1262; x_wconf 88' lang='lat' dir='ltr'>prima</span> <span class='ocrx_word' id='word_1_166' title='bbox 1086 1215 1128 1247; x_wconf 92' lang='lat' dir='ltr'>et</span> <span class='ocrx_word' id='word_1_167' title='bbox 1163 1206 1309 1246; x_wconf 86' lang='lat' dir='ltr'>decem</span> <span class='ocrx_word' id='word_1_168' title='bbox 1344 1204 1582 1246; x_wconf 88' lang='lat' dir='ltr'>cohortibus</span> <span class='ocrx_word' id='word_1_169' title='bbox 1617 1204 1751 1246; x_wconf 88' lang='lat' dir='ltr'>alariis</span> 
     </span>
     <span class='ocr_line' id='line_1_30' title="bbox 368 1262 1752 1322; baseline -0.004 -14"><span class='ocrx_word' id='word_1_170' title='bbox 368 1267 642 1322; x_wconf 83' lang='lat' dir='ltr'>equitatuque</span> <span class='ocrx_word' id='word_1_171' title='bbox 656 1266 715 1307; x_wconf 92' lang='lat' dir='ltr'>ire</span> <span class='ocrx_word' id='word_1_172' title='bbox 738 1265 933 1306; x_wconf 89' lang='lat' dir='ltr'>adversus</span> <span class='ocrx_word' id='word_1_173' title='bbox 949 1263 1178 1305; x_wconf 88' lang='lat' dir='ltr'>subsidium</span> <span class='ocrx_word' id='word_1_174' title='bbox 1192 1263 1374 1304; x_wconf 85' lang='lat' dir='ltr'>hostium</span> <span class='ocrx_word' id='word_1_175' title='bbox 1390 1262 1529 1304; x_wconf 90' lang='lat' dir='ltr'>iussit:</span> <span class='ocrx_word' id='word_1_176' title='bbox 1563 1278 1752 1319; x_wconf 90' lang='lat' dir='ltr'>quocun-</span> 
     </span>
     <span class='ocr_line' id='line_1_31' title="bbox 368 1321 1752 1380; baseline -0.003 -15"><span class='ocrx_word' id='word_1_177' title='bbox 368 1339 449 1380; x_wconf 89' lang='lat' dir='ltr'>que</span> <span class='ocrx_word' id='word_1_178' title='bbox 472 1324 515 1364; x_wconf 94' lang='lat' dir='ltr'>in</span> <span class='ocrx_word' id='word_1_179' title='bbox 536 1323 627 1365; x_wconf 85' lang='lat' dir='ltr'>loco</span> <span class='ocrx_word' id='word_1_180' title='bbox 640 1323 783 1364; x_wconf 90' lang='lat' dir='ltr'>fuisset</span> <span class='ocrx_word' id='word_1_181' title='bbox 804 1322 960 1371; x_wconf 89' lang='lat' dir='ltr'>obvius,</span> <span class='ocrx_word' id='word_1_182' title='bbox 977 1321 1192 1363; x_wconf 89' lang='lat' dir='ltr'>obsisteret</span> <span class='ocrx_word' id='word_1_183' title='bbox 1207 1336 1254 1362; x_wconf 88' lang='lat' dir='ltr'>ac</span> <span class='ocrx_word' id='word_1_184' title='bbox 1276 1329 1506 1362; x_wconf 89' lang='lat' dir='ltr'>moraretur</span> <span class='ocrx_word' id='word_1_185' title='bbox 1518 1336 1528 1370; x_wconf 85' lang='lat'><em>3</em></span> <span class='ocrx_word' id='word_1_186' title='bbox 1561 1335 1752 1361; x_wconf 90' lang='lat' dir='ltr'>manum-</span> 
     </span>
     <span class='ocr_line' id='line_1_32' title="bbox 367 1377 1751 1438; baseline -0.003 -15"><span class='ocrx_word' id='word_1_187' title='bbox 367 1397 462 1438; x_wconf 89' lang='lat' dir='ltr'>que,</span> <span class='ocrx_word' id='word_1_188' title='bbox 485 1382 518 1422; x_wconf 87' lang='lat' dir='ltr'>si</span> <span class='ocrx_word' id='word_1_189' title='bbox 534 1381 639 1423; x_wconf 89' lang='lat' dir='ltr'>forte</span> <span class='ocrx_word' id='word_1_190' title='bbox 661 1381 719 1422; x_wconf 88' lang='lat' dir='ltr'>ita</span> <span class='ocrx_word' id='word_1_191' title='bbox 738 1395 803 1421; x_wconf 91' lang='lat' dir='ltr'>res</span> <span class='ocrx_word' id='word_1_192' title='bbox 824 1389 1026 1436; x_wconf 83' lang='lat' dir='ltr'>posceret,</span> <span class='ocrx_word' id='word_1_193' title='bbox 1045 1379 1273 1420; x_wconf 84' lang='lat' dir='ltr'>conferret:</span> <span class='ocrx_word' id='word_1_194' title='bbox 1307 1378 1432 1420; x_wconf 91' lang='lat' dir='ltr'>modo</span> <span class='ocrx_word' id='word_1_195' title='bbox 1453 1393 1507 1420; x_wconf 88' lang='lat' dir='ltr'>ne</span> <span class='ocrx_word' id='word_1_196' title='bbox 1529 1377 1583 1419; x_wconf 89' lang='lat' dir='ltr'>ad</span> <span class='ocrx_word' id='word_1_197' title='bbox 1606 1377 1751 1419; x_wconf 89' lang='lat' dir='ltr'>Comi-</span> 
     </span>
     <span class='ocr_line' id='line_1_33' title="bbox 366 1435 1751 1495; baseline -0.003 -15"><span class='ocrx_word' id='word_1_198' title='bbox 366 1440 483 1480; x_wconf 89' lang='lat' dir='ltr'>nium</span> <span class='ocrx_word' id='word_1_199' title='bbox 515 1455 586 1481; x_wconf 90' lang='lat' dir='ltr'>eae</span> <span class='ocrx_word' id='word_1_200' title='bbox 618 1439 761 1495; x_wconf 87' lang='lat' dir='ltr'>copiae</span> <span class='ocrx_word' id='word_1_201' title='bbox 798 1437 1008 1479; x_wconf 88' lang='lat' dir='ltr'>admoveri</span> <span class='ocrx_word' id='word_1_202' title='bbox 1037 1445 1217 1493; x_wconf 71' lang='lat' dir='ltr'>possent.</span> <span class='ocrx_word' id='word_1_203' title='bbox 1280 1435 1374 1492; x_wconf 92' lang='lat' dir='ltr'>Ipse</span> <span class='ocrx_word' id='word_1_204' title='bbox 1406 1435 1532 1477; x_wconf 89' lang='lat' dir='ltr'>scalas</span> <span class='ocrx_word' id='word_1_205' title='bbox 1566 1435 1664 1477; x_wconf 88' lang='lat' dir='ltr'>ferri</span> <span class='ocrx_word' id='word_1_206' title='bbox 1697 1435 1751 1477; x_wconf 88' lang='lat' dir='ltr'>ad</span> 
     </span>
     <span class='ocr_line' id='line_1_34' title="bbox 366 1493 1750 1552; baseline -0.003 -14"><span class='ocrx_word' id='word_1_207' title='bbox 366 1512 505 1537; x_wconf 90' lang='lat' dir='ltr'>muros</span> <span class='ocrx_word' id='word_1_208' title='bbox 535 1497 586 1538; x_wconf 90' lang='lat' dir='ltr'>ab</span> <span class='ocrx_word' id='word_1_209' title='bbox 617 1497 731 1538; x_wconf 91' lang='lat' dir='ltr'>omni</span> <span class='ocrx_word' id='word_1_210' title='bbox 761 1504 876 1552; x_wconf 91' lang='lat' dir='ltr'>parte</span> <span class='ocrx_word' id='word_1_211' title='bbox 907 1495 1019 1536; x_wconf 89' lang='lat' dir='ltr'>urbis</span> <span class='ocrx_word' id='word_1_212' title='bbox 1049 1495 1179 1544; x_wconf 90' lang='lat' dir='ltr'>iussit,</span> <span class='ocrx_word' id='word_1_213' title='bbox 1212 1509 1258 1535; x_wconf 88' lang='lat' dir='ltr'>ac</span> <span class='ocrx_word' id='word_1_214' title='bbox 1289 1494 1498 1535; x_wconf 87' lang='lat' dir='ltr'>testudine</span> <span class='ocrx_word' id='word_1_215' title='bbox 1529 1493 1582 1534; x_wconf 92' lang='lat' dir='ltr'>ad</span> <span class='ocrx_word' id='word_1_216' title='bbox 1612 1502 1750 1550; x_wconf 90' lang='lat' dir='ltr'>portas</span> 
     </span>
     <span class='ocr_line' id='line_1_35' title="bbox 366 1551 1749 1608; baseline -0.002 -13"><span class='ocrx_word' id='word_1_217' title='bbox 366 1554 571 1595; x_wconf 88' lang='lat' dir='ltr'>successit.</span> <span class='ocrx_word' id='word_1_218' title='bbox 637 1553 769 1594; x_wconf 87' lang='lat' dir='ltr'>Simul</span> <span class='ocrx_word' id='word_1_219' title='bbox 798 1562 840 1594; x_wconf 91' lang='lat' dir='ltr'>et</span> <span class='ocrx_word' id='word_1_220' title='bbox 869 1552 1202 1608; x_wconf 87' lang='lat' dir='ltr'>refringebantur</span> <span class='ocrx_word' id='word_1_221' title='bbox 1230 1560 1387 1608; x_wconf 90' lang='lat' dir='ltr'>portae,</span> <span class='ocrx_word' id='word_1_222' title='bbox 1409 1560 1452 1592; x_wconf 90' lang='lat' dir='ltr'>et</span> <span class='ocrx_word' id='word_1_223' title='bbox 1472 1551 1532 1592; x_wconf 89' lang='lat' dir='ltr'>vis</span> <span class='ocrx_word' id='word_1_224' title='bbox 1562 1551 1749 1607; x_wconf 82' lang='lat' dir='ltr'>undiquc</span> 
     </span>
     <span class='ocr_line' id='line_1_36' title="bbox 366 1608 1750 1664; baseline -0.002 -12"><span class='ocrx_word' id='word_1_225' title='bbox 366 1612 408 1652; x_wconf 91' lang='lat' dir='ltr'>in</span> <span class='ocrx_word' id='word_1_226' title='bbox 431 1626 570 1652; x_wconf 88' lang='lat' dir='ltr'>muros</span> <span class='ocrx_word' id='word_1_227' title='bbox 592 1611 727 1652; x_wconf 89' lang='lat' dir='ltr'>fiebat.</span> <span class='ocrx_word' id='word_1_228' title='bbox 793 1610 1012 1659; x_wconf 84' lang='lat' dir='ltr'>Samnites,</span> <span class='ocrx_word' id='word_1_229' title='bbox 1035 1610 1153 1659; x_wconf 90' lang='lat' dir='ltr'>sicut,</span> <span class='ocrx_word' id='word_1_230' title='bbox 1177 1618 1401 1664; x_wconf 87' lang='lat' dir='ltr'>antequam</span> <span class='ocrx_word' id='word_1_231' title='bbox 1422 1609 1465 1649; x_wconf 93' lang='lat' dir='ltr'>in</span> <span class='ocrx_word' id='word_1_232' title='bbox 1487 1608 1615 1649; x_wconf 87' lang='lat' dir='ltr'>muris</span> <span class='ocrx_word' id='word_1_233' title='bbox 1635 1608 1750 1650; x_wconf 91' lang='lat' dir='ltr'>vide-</span> 
     </span>
     <span class='ocr_line' id='line_1_37' title="bbox 366 1666 1750 1722; baseline -0.003 -12"><span class='ocrx_word' id='word_1_234' title='bbox 366 1679 460 1710; x_wconf 89' lang='lat' dir='ltr'>rent</span> <span class='ocrx_word' id='word_1_235' title='bbox 490 1677 681 1718; x_wconf 85' lang='lat' dir='ltr'>armatOS,</span> <span class='ocrx_word' id='word_1_236' title='bbox 703 1668 800 1709; x_wconf 88' lang='lat' dir='ltr'>satis</span> <span class='ocrx_word' id='word_1_237' title='bbox 830 1667 957 1707; x_wconf 89' lang='lat' dir='ltr'>animi</span> <span class='ocrx_word' id='word_1_238' title='bbox 979 1666 1216 1708; x_wconf 85' lang='lat' dir='ltr'>habuerunt</span> <span class='ocrx_word' id='word_1_239' title='bbox 1246 1667 1298 1707; x_wconf 90' lang='lat' dir='ltr'>ad</span> <span class='ocrx_word' id='word_1_240' title='bbox 1328 1666 1610 1722; x_wconf 90' lang='lat' dir='ltr'>prohibendos</span> <span class='ocrx_word' id='word_1_241' title='bbox 1636 1666 1750 1707; x_wconf 89' lang='lat' dir='ltr'>urbis</span> 
     </span>
     <span class='ocr_line' id='line_1_38' title="bbox 367 1723 1750 1781; baseline -0.004 -13"><span class='ocrx_word' id='word_1_242' title='bbox 367 1727 484 1768; x_wconf 87' lang='lat' dir='ltr'>aditu</span> <span class='ocrx_word' id='word_1_243' title='bbox 504 1726 665 1775; x_wconf 85' lang='lat' dir='ltr'>hostes;</span> <span class='ocrx_word' id='word_1_244' title='bbox 699 1726 768 1774; x_wconf 90' lang='lat' dir='ltr'>ita,</span> <span class='ocrx_word' id='word_1_245' title='bbox 785 1733 1005 1781; x_wconf 87' lang='lat' dir='ltr'>postquam</span> <span class='ocrx_word' id='word_1_246' title='bbox 1027 1724 1108 1764; x_wconf 90' lang='lat' dir='ltr'>iam</span> <span class='ocrx_word' id='word_1_247' title='bbox 1130 1739 1215 1764; x_wconf 90' lang='lat' dir='ltr'>non</span> <span class='ocrx_word' id='word_1_248' title='bbox 1243 1738 1296 1764; x_wconf 85' lang='lat' dir='ltr'>ex</span> <span class='ocrx_word' id='word_1_249' title='bbox 1318 1723 1533 1764; x_wconf 88' lang='lat' dir='ltr'>intervallo</span> <span class='ocrx_word' id='word_1_250' title='bbox 1553 1738 1632 1764; x_wconf 87' lang='lat' dir='ltr'>nec</span> <span class='ocrx_word' id='word_1_251' title='bbox 1652 1723 1750 1764; x_wconf 91' lang='lat' dir='ltr'>mis-</span> 
     </span>
     <span class='ocr_line' id='line_1_39' title="bbox 367 1781 1750 1837; baseline -0.004 -11"><span class='ocrx_word' id='word_1_252' title='bbox 367 1784 522 1834; x_wconf 89' lang='lat' dir='ltr'>silibus,</span> <span class='ocrx_word' id='word_1_253' title='bbox 545 1784 618 1825; x_wconf 90' lang='lat' dir='ltr'>sed</span> <span class='ocrx_word' id='word_1_254' title='bbox 648 1783 836 1824; x_wconf 88' lang='lat' dir='ltr'>cominus</span> <span class='ocrx_word' id='word_1_255' title='bbox 856 1782 1077 1837; x_wconf 86' lang='lat' dir='ltr'>gerebatur</span> <span class='ocrx_word' id='word_1_256' title='bbox 1101 1796 1188 1830; x_wconf 82' lang='lat' dir='ltr'>res3</span> <span class='ocrx_word' id='word_1_257' title='bbox 1222 1790 1276 1830; x_wconf 90' lang='lat' dir='ltr'>et,</span> <span class='ocrx_word' id='word_1_258' title='bbox 1299 1781 1372 1836; x_wconf 93' lang='lat' dir='ltr'>qui</span> <span class='ocrx_word' id='word_1_259' title='bbox 1400 1795 1521 1836; x_wconf 85' lang='lat' dir='ltr'>aegre</span> <span class='ocrx_word' id='word_1_260' title='bbox 1543 1795 1750 1822; x_wconf 87' lang='lat' dir='ltr'>successe-</span> 
     </span>
     <span class='ocr_line' id='line_1_40' title="bbox 368 1838 1747 1898; baseline -0.004 -15"><span class='ocrx_word' id='word_1_261' title='bbox 368 1851 461 1883; x_wconf 91' lang='lat' dir='ltr'>rant</span> <span class='ocrx_word' id='word_1_262' title='bbox 479 1857 532 1883; x_wconf 85' lang='lat' dir='ltr'>ex</span> <span class='ocrx_word' id='word_1_263' title='bbox 552 1841 676 1898; x_wconf 87' lang='lat' dir='ltr'>plano</span> <span class='ocrx_word' id='word_1_264' title='bbox 698 1841 741 1881; x_wconf 92' lang='lat' dir='ltr'>in</span> <span class='ocrx_word' id='word_1_265' title='bbox 762 1855 913 1888; x_wconf 89' lang='lat' dir='ltr'>muros,</span> <span class='ocrx_word' id='word_1_266' title='bbox 935 1839 1040 1888; x_wconf 85' lang='lat' dir='ltr'>loco,</span> <span class='ocrx_word' id='word_1_267' title='bbox 1063 1854 1188 1894; x_wconf 92' lang='lat' dir='ltr'>quem</span> <span class='ocrx_word' id='word_1_268' title='bbox 1214 1838 1343 1894; x_wconf 89' lang='lat' dir='ltr'>magis</span> <span class='ocrx_word' id='word_1_269' title='bbox 1364 1838 1603 1888; x_wconf 87' lang='lat' dir='ltr'>timuerant,</span> <span class='ocrx_word' id='word_1_270' title='bbox 1623 1839 1747 1888; x_wconf 87' lang='lat' dir='ltr'>victo,</span> 
     </span>
     <span class='ocr_line' id='line_1_41' title="bbox 368 1895 1749 1952; baseline -0.004 -11"><span class='ocrx_word' id='word_1_271' title='bbox 368 1900 485 1941; x_wconf 88' lang='lat' dir='ltr'>facile</span> <span class='ocrx_word' id='word_1_272' title='bbox 518 1900 562 1939; x_wconf 93' lang='lat' dir='ltr'>in</span> <span class='ocrx_word' id='word_1_273' title='bbox 598 1899 759 1940; x_wconf 87' lang='lat' dir='ltr'>hostem</span> <span class='ocrx_word' id='word_1_274' title='bbox 794 1897 997 1952; x_wconf 88' lang='lat' dir='ltr'>imparem</span> <span class='ocrx_word' id='word_1_275' title='bbox 1029 1911 1082 1937; x_wconf 86' lang='lat' dir='ltr'>ex</span> <span class='ocrx_word' id='word_1_276' title='bbox 1114 1911 1248 1952; x_wconf 88' lang='lat' dir='ltr'>aequo</span> <span class='ocrx_word' id='word_1_277' title='bbox 1285 1896 1552 1951; x_wconf 84' lang='lat' dir='ltr'>pugnabant3</span> <span class='ocrx_word' id='word_1_278' title='bbox 1596 1895 1749 1937; x_wconf 89' lang='lat' dir='ltr'>relictis</span> 
     </span>
     <span class='ocr_line' id='line_1_42' title="bbox 370 1952 1750 2011; baseline -0.003 -13"><span class='ocrx_word' id='word_1_279' title='bbox 370 1958 550 1999; x_wconf 84' lang='lat' dir='ltr'>turribus</span> <span class='ocrx_word' id='word_1_280' title='bbox 586 1956 810 2011; x_wconf 88' lang='lat' dir='ltr'>murisque,</span> <span class='ocrx_word' id='word_1_281' title='bbox 844 1955 888 1995; x_wconf 90' lang='lat' dir='ltr'>in</span> <span class='ocrx_word' id='word_1_282' title='bbox 928 1954 1062 1994; x_wconf 88' lang='lat' dir='ltr'>forum</span> <span class='ocrx_word' id='word_1_283' title='bbox 1103 1968 1246 1994; x_wconf 88' lang='lat' dir='ltr'>omnes</span> <span class='ocrx_word' id='word_1_284' title='bbox 1278 1952 1493 2009; x_wconf 88' lang='lat' dir='ltr'>compulsi,</span> <span class='ocrx_word' id='word_1_285' title='bbox 1526 1952 1750 2010; x_wconf 88' lang='lat' dir='ltr'>paullisper</span> 
     </span>
     <span class='ocr_line' id='line_1_43' title="bbox 368 2010 1747 2067; baseline -0.002 -12"><span class='ocrx_word' id='word_1_286' title='bbox 368 2015 467 2057; x_wconf 92' lang='lat' dir='ltr'>inde</span> <span class='ocrx_word' id='word_1_287' title='bbox 504 2022 770 2056; x_wconf 86' lang='lat' dir='ltr'>tentaverunt</span> <span class='ocrx_word' id='word_1_288' title='bbox 810 2020 1040 2053; x_wconf 86' lang='lat' dir='ltr'>extremam</span> <span class='ocrx_word' id='word_1_289' title='bbox 1079 2026 1244 2067; x_wconf 87' lang='lat' dir='ltr'>pugnae</span> <span class='ocrx_word' id='word_1_290' title='bbox 1284 2011 1503 2051; x_wconf 87' lang='lat' dir='ltr'>fortunam.</span> <span class='ocrx_word' id='word_1_291' title='bbox 1566 2010 1747 2060; x_wconf 89' lang='lat' dir='ltr'>Deinde,</span> 
     </span>
     <span class='ocr_line' id='line_1_44' title="bbox 368 2068 1749 2124; baseline -0.003 -10"><span class='ocrx_word' id='word_1_292' title='bbox 368 2073 537 2114; x_wconf 85' lang='lat' dir='ltr'>abiectis</span> <span class='ocrx_word' id='word_1_293' title='bbox 558 2071 693 2121; x_wconf 87' lang='lat' dir='ltr'>armis,</span> <span class='ocrx_word' id='word_1_294' title='bbox 716 2070 769 2112; x_wconf 88' lang='lat' dir='ltr'>ad</span> <span class='ocrx_word' id='word_1_295' title='bbox 790 2069 985 2110; x_wconf 88' lang='lat' dir='ltr'>undecim</span> <span class='ocrx_word' id='word_1_296' title='bbox 1008 2068 1137 2109; x_wconf 89' lang='lat' dir='ltr'>millia</span> <span class='ocrx_word' id='word_1_297' title='bbox 1157 2068 1375 2109; x_wconf 89' lang='lat' dir='ltr'>hominum</span> <span class='ocrx_word' id='word_1_298' title='bbox 1392 2076 1434 2109; x_wconf 91' lang='lat' dir='ltr'>et</span> <span class='ocrx_word' id='word_1_299' title='bbox 1454 2068 1749 2124; x_wconf 88' lang='lat' dir='ltr'>quadringenti</span> 
     </span>
     <span class='ocr_line' id='line_1_45' title="bbox 368 2125 1748 2181; baseline -0.004 -9"><span class='ocrx_word' id='word_1_300' title='bbox 368 2131 409 2171; x_wconf 87' lang='lat' dir='ltr'>in</span> <span class='ocrx_word' id='word_1_301' title='bbox 432 2131 558 2171; x_wconf 86' lang='lat' dir='ltr'>fidem</span> <span class='ocrx_word' id='word_1_302' title='bbox 580 2128 759 2171; x_wconf 89' lang='lat' dir='ltr'>consulis</span> <span class='ocrx_word' id='word_1_303' title='bbox 779 2135 1005 2169; x_wconf 91' lang='lat' dir='ltr'>venerunt:</span> <span class='ocrx_word' id='word_1_304' title='bbox 1039 2141 1158 2167; x_wconf 89' lang='lat' dir='ltr'>caesa</span> <span class='ocrx_word' id='word_1_305' title='bbox 1177 2126 1230 2167; x_wconf 89' lang='lat' dir='ltr'>ad</span> <span class='ocrx_word' id='word_1_306' title='bbox 1250 2134 1447 2181; x_wconf 90' lang='lat' dir='ltr'>quattuor</span> <span class='ocrx_word' id='word_1_307' title='bbox 1467 2125 1596 2166; x_wconf 86' lang='lat' dir='ltr'>millia</span> <span class='ocrx_word' id='word_1_308' title='bbox 1615 2126 1748 2168; x_wconf 91' lang='lat' dir='ltr'>octin-</span> 
     </span>
    </p>
   </div>
   <div class='ocr_carea' id='block_1_8' title="bbox 366 2187 724 2244">
    <p class='ocr_par' dir='ltr' id='par_1_8' title="bbox 366 2187 724 2244">
     <span class='ocr_line' id='line_1_46' title="bbox 366 2187 724 2244; baseline -0.006 -15"><span class='ocrx_word' id='word_1_309' title='bbox 366 2188 482 2244; x_wconf 88' lang='lat' dir='ltr'>genti</span> <span class='ocrx_word' id='word_1_310' title='bbox 504 2187 724 2244; x_wconf 87' lang='lat' dir='ltr'>octoginta.</span> 
     </span>
    </p>
   </div>
   <div class='ocr_carea' id='block_1_9' title="bbox 361 2299 1038 2935">
    <p class='ocr_par' dir='ltr' id='par_1_9' title="bbox 361 2299 1038 2935">
     <span class='ocr_line' id='line_1_47' title="bbox 409 2299 1032 2344; baseline -0.008 -11"><span class='ocrx_word' id='word_1_311' title='bbox 409 2312 428 2344; x_wconf 92' lang='lat'>9</span> <span class='ocrx_word' id='word_1_312' title='bbox 451 2303 608 2333; x_wconf 79' lang='lat' dir='ltr'>Poeillum</span> <span class='ocrx_word' id='word_1_313' title='bbox 630 2301 724 2331; x_wconf 83' lang='lat' dir='ltr'>mulsi</span> <span class='ocrx_word' id='word_1_314' title='bbox 747 2324 754 2330; x_wconf 96' lang='lat'>.</span> <span class='ocrx_word' id='word_1_315' title='bbox 772 2323 778 2330; x_wconf 91' lang='lat'>.</span> <span class='ocrx_word' id='word_1_316' title='bbox 795 2323 802 2330; x_wconf 94' lang='lat'>.</span> <span class='ocrx_word' id='word_1_317' title='bbox 821 2323 828 2330; x_wconf 97' lang='lat'>.</span> <span class='ocrx_word' id='word_1_318' title='bbox 844 2299 1032 2338; x_wconf 74' lang='lat' dir='ltr'>facturum]</span> 
     </span>
     <span class='ocr_line' id='line_1_48' title="bbox 368 2342 1036 2385; baseline -0.009 -9"><span class='ocrx_word' id='word_1_319' title='bbox 368 2344 474 2385; x_wconf 79' lang='lat' dir='ltr'>Magis</span> <span class='ocrx_word' id='word_1_320' title='bbox 497 2346 637 2384; x_wconf 83' lang='lat' dir='ltr'>placeret</span> <span class='ocrx_word' id='word_1_321' title='bbox 653 2353 726 2373; x_wconf 89' lang='lat' dir='ltr'>cum</span> <span class='ocrx_word' id='word_1_322' title='bbox 744 2342 899 2373; x_wconf 82' lang='lat' dir='ltr'>Douiatio</span> <span class='ocrx_word' id='word_1_323' title='bbox 920 2342 1036 2381; x_wconf 87' lang='lat' dir='ltr'>legere,</span> 
     </span>
     <span class='ocr_line' id='line_1_49' title="bbox 365 2385 1034 2427; baseline -0.007 -9"><span class='ocrx_word' id='word_1_324' title='bbox 365 2389 479 2427; x_wconf 77' lang='lat' dir='ltr'>pocillo</span> <span class='ocrx_word' id='word_1_325' title='bbox 494 2389 587 2417; x_wconf 74' lang='lat' dir='ltr'>mulsi</span> <span class='ocrx_word' id='word_1_326' title='bbox 596 2388 779 2425; x_wconf 77' lang='lat' dir='ltr'>facturum,</span> <span class='ocrx_word' id='word_1_327' title='bbox 794 2385 921 2424; x_wconf 79' lang='lat' dir='ltr'>supple,</span> <span class='ocrx_word' id='word_1_328' title='bbox 931 2393 1034 2414; x_wconf 82' lang='lat' dir='ltr'>sacra:</span> 
     </span>
     <span class='ocr_line' id='line_1_50' title="bbox 369 2425 1036 2470; baseline -0.007 -10"><span class='ocrx_word' id='word_1_329' title='bbox 369 2430 641 2470; x_wconf 76' lang='lat' dir='ltr'>quemadmodum</span> <span class='ocrx_word' id='word_1_330' title='bbox 669 2429 756 2468; x_wconf 84' lang='lat' dir='ltr'>apud</span> <span class='ocrx_word' id='word_1_331' title='bbox 778 2427 865 2467; x_wconf 87' lang='lat' dir='ltr'>Virg.</span> <span class='ocrx_word' id='word_1_332' title='bbox 893 2427 964 2457; x_wconf 89' lang='lat' dir='ltr'>Ecl.</span> <span class='ocrx_word' id='word_1_333' title='bbox 992 2425 1036 2456; x_wconf 88' lang='lat' dir='ltr'>iii.</span> 
     </span>
     <span class='ocr_line' id='line_1_51' title="bbox 369 2468 1036 2511; baseline -0.006 -9"><span class='ocrx_word' id='word_1_334' title='bbox 369 2475 474 2510; x_wconf 74' lang='lat' dir='ltr'>Quum</span> <span class='ocrx_word' id='word_1_335' title='bbox 483 2474 609 2511; x_wconf 76' lang='lat' dir='ltr'>faciam</span> <span class='ocrx_word' id='word_1_336' title='bbox 624 2472 737 2502; x_wconf 78' lang='lat' dir='ltr'>vitula.</span> <span class='ocrx_word' id='word_1_337' title='bbox 768 2471 915 2500; x_wconf 54' lang='lat' dir='ltr'>Mulsum</span> <span class='ocrx_word' id='word_1_338' title='bbox 932 2473 978 2499; x_wconf 83' lang='lat' dir='ltr'>est</span> <span class='ocrx_word' id='word_1_339' title='bbox 995 2468 1036 2498; x_wconf 89' lang='lat' dir='ltr'>vi-</span> 
     </span>
     <span class='ocr_line' id='line_1_52' title="bbox 370 2512 1036 2553; baseline -0.009 -7"><span class='ocrx_word' id='word_1_340' title='bbox 370 2526 446 2546; x_wconf 86' lang='lat' dir='ltr'>num</span> <span class='ocrx_word' id='word_1_341' title='bbox 477 2516 573 2545; x_wconf 89' lang='lat' dir='ltr'>melle</span> <span class='ocrx_word' id='word_1_342' title='bbox 602 2516 828 2553; x_wconf 83' lang='lat' dir='ltr'>temperatum,</span> <span class='ocrx_word' id='word_1_343' title='bbox 855 2512 942 2552; x_wconf 81' lang='lat' dir='ltr'>potio</span> <span class='ocrx_word' id='word_1_344' title='bbox 970 2512 1036 2541; x_wconf 83' lang='lat' dir='ltr'>lau-</span> 
     </span>
     <span class='ocr_line' id='line_1_53' title="bbox 369 2554 1038 2597; baseline -0.009 -8"><span class='ocrx_word' id='word_1_345' title='bbox 369 2559 532 2589; x_wconf 80' lang='lat' dir='ltr'>datissima</span> <span class='ocrx_word' id='word_1_346' title='bbox 555 2558 642 2597; x_wconf 88' lang='lat' dir='ltr'>apud</span> <span class='ocrx_word' id='word_1_347' title='bbox 666 2560 795 2586; x_wconf 84' lang='lat' dir='ltr'>veteres.</span> <span class='ocrx_word' id='word_1_348' title='bbox 820 2555 925 2586; x_wconf 74' lang='lat' dir='ltr'>CREv.</span> <span class='ocrx_word' id='word_1_349' title='bbox 971 2554 1038 2584; x_wconf 88' lang='lat' dir='ltr'>Aut</span> 
     </span>
     <span class='ocr_line' id='line_1_54' title="bbox 361 2596 1037 2640; baseline -0.01 -8"><span class='ocrx_word' id='word_1_350' title='bbox 361 2602 531 2639; x_wconf 72' lang='lat' dir='ltr'>facturum</span> <span class='ocrx_word' id='word_1_351' title='bbox 554 2600 681 2640; x_wconf 88' lang='lat' dir='ltr'>proprio</span> <span class='ocrx_word' id='word_1_352' title='bbox 704 2609 798 2629; x_wconf 87' lang='lat' dir='ltr'>sensu</span> <span class='ocrx_word' id='word_1_353' title='bbox 818 2598 849 2628; x_wconf 93' lang='lat' dir='ltr'>h.</span> <span class='ocrx_word' id='word_1_354' title='bbox 869 2598 890 2628; x_wconf 91' lang='lat' dir='ltr'>l.</span> <span class='ocrx_word' id='word_1_355' title='bbox 911 2596 1037 2635; x_wconf 82' lang='lat' dir='ltr'>capien-</span> 
     </span>
     <span class='ocr_line' id='line_1_55' title="bbox 369 2638 1038 2681; baseline -0.007 -8"><span class='ocrx_word' id='word_1_356' title='bbox 369 2645 458 2681; x_wconf 86' lang='lat' dir='ltr'>dum,</span> <span class='ocrx_word' id='word_1_357' title='bbox 473 2643 531 2673; x_wconf 81' lang='lat' dir='ltr'>etsi</span> <span class='ocrx_word' id='word_1_358' title='bbox 554 2653 617 2673; x_wconf 87' lang='lat' dir='ltr'>non</span> <span class='ocrx_word' id='word_1_359' title='bbox 637 2642 704 2672; x_wconf 85' lang='lat' dir='ltr'>sine</span> <span class='ocrx_word' id='word_1_360' title='bbox 720 2644 866 2680; x_wconf 82' lang='lat' dir='ltr'>respectu</span> <span class='ocrx_word' id='word_1_361' title='bbox 881 2638 1038 2675; x_wconf 81' lang='lat' dir='ltr'>sacrificii,</span> 
     </span>
     <span class='ocr_line' id='line_1_56' title="bbox 372 2683 1037 2716; baseline -0.009 0"><span class='ocrx_word' id='word_1_362' title='bbox 372 2687 420 2716; x_wconf 81' lang='lat' dir='ltr'>vel</span> <span class='ocrx_word' id='word_1_363' title='bbox 445 2696 517 2715; x_wconf 88' lang='lat' dir='ltr'>cum</span> <span class='ocrx_word' id='word_1_364' title='bbox 542 2685 644 2716; x_wconf 84' lang='lat' dir='ltr'>Drak.</span> <span class='ocrx_word' id='word_1_365' title='bbox 665 2684 865 2714; x_wconf 86' lang='lat' dir='ltr'>referendum</span> <span class='ocrx_word' id='word_1_366' title='bbox 889 2683 930 2712; x_wconf 87' lang='lat' dir='ltr'>ad</span> <span class='ocrx_word' id='word_1_367' title='bbox 953 2691 1037 2711; x_wconf 89' lang='lat' dir='ltr'>com-</span> 
     </span>
     <span class='ocr_line' id='line_1_57' title="bbox 372 2724 1038 2767; baseline -0.008 -9"><span class='ocrx_word' id='word_1_368' title='bbox 372 2728 560 2767; x_wconf 68' lang='lat' dir='ltr'>positionem</span> <span class='ocrx_word' id='word_1_369' title='bbox 589 2728 694 2764; x_wconf 77' lang='lat' dir='ltr'>mulsi,</span> <span class='ocrx_word' id='word_1_370' title='bbox 720 2726 805 2765; x_wconf 90' lang='lat' dir='ltr'>quod</span> <span class='ocrx_word' id='word_1_371' title='bbox 832 2736 871 2756; x_wconf 90' lang='lat' dir='ltr'>ex</span> <span class='ocrx_word' id='word_1_372' title='bbox 903 2724 976 2755; x_wconf 85' lang='lat' dir='ltr'>vino</span> <span class='ocrx_word' id='word_1_373' title='bbox 1006 2727 1038 2754; x_wconf 90' lang='lat' dir='ltr'>et</span> 
     </span>
     <span class='ocr_line' id='line_1_58' title="bbox 371 2765 1037 2804; baseline -0.006 -5"><span class='ocrx_word' id='word_1_374' title='bbox 371 2770 467 2800; x_wconf 84' lang='lat' dir='ltr'>melle</span> <span class='ocrx_word' id='word_1_375' title='bbox 482 2770 720 2803; x_wconf 82' lang='lat' dir='ltr'>conficiebatur,</span> <span class='ocrx_word' id='word_1_376' title='bbox 731 2769 817 2798; x_wconf 88' lang='lat' dir='ltr'>unde</span> <span class='ocrx_word' id='word_1_377' title='bbox 830 2768 886 2799; x_wconf 86' lang='lat' dir='ltr'>Gr.</span> <span class='ocrx_word' id='word_1_378' title='bbox 902 2765 1037 2804; x_wconf 83' lang='grc' dir='ltr'>οἰνόμελι</span> 
     </span>
     <span class='ocr_line' id='line_1_59' title="bbox 370 2809 1037 2845; baseline -0.003 -4"><span class='ocrx_word' id='word_1_379' title='bbox 370 2812 502 2842; x_wconf 84' lang='lat' dir='ltr'>dictum.</span> <span class='ocrx_word' id='word_1_380' title='bbox 534 2814 685 2843; x_wconf 80' lang='lat' dir='ltr'>Ceterum</span> <span class='ocrx_word' id='word_1_381' title='bbox 697 2811 815 2841; x_wconf 84' lang='lat' dir='ltr'>Stroth.</span> <span class='ocrx_word' id='word_1_382' title='bbox 826 2810 889 2840; x_wconf 88' lang='lat' dir='ltr'>iam</span> <span class='ocrx_word' id='word_1_383' title='bbox 902 2809 1037 2845; x_wconf 85' lang='lat' dir='ltr'>monuit,</span> 
     </span>
     <span class='ocr_line' id='line_1_60' title="bbox 370 2853 1037 2892; baseline -0.003 -9"><span class='ocrx_word' id='word_1_384' title='bbox 370 2854 430 2884; x_wconf 86' lang='lat' dir='ltr'>hoc</span> <span class='ocrx_word' id='word_1_385' title='bbox 456 2858 574 2890; x_wconf 76' lang='lat' dir='ltr'>votum,</span> <span class='ocrx_word' id='word_1_386' title='bbox 598 2855 682 2892; x_wconf 84' lang='lat' dir='ltr'>quod</span> <span class='ocrx_word' id='word_1_387' title='bbox 709 2864 771 2883; x_wconf 85' lang='lat' dir='ltr'>non</span> <span class='ocrx_word' id='word_1_388' title='bbox 799 2853 956 2892; x_wconf 87' lang='lat' dir='ltr'>templum</span> <span class='ocrx_word' id='word_1_389' title='bbox 981 2855 1037 2881; x_wconf 80' lang='lat' dir='ltr'>aut</span> 
     </span>
     <span class='ocr_line' id='line_1_61' title="bbox 371 2894 1037 2935; baseline -0.005 -9"><span class='ocrx_word' id='word_1_390' title='bbox 371 2897 435 2926; x_wconf 79' lang='lat' dir='ltr'>tale</span> <span class='ocrx_word' id='word_1_391' title='bbox 452 2896 527 2934; x_wconf 84' lang='lat' dir='ltr'>quid</span> <span class='ocrx_word' id='word_1_392' title='bbox 551 2896 655 2935; x_wconf 71' lang='lat' dir='ltr'>magni</span> <span class='ocrx_word' id='word_1_393' title='bbox 677 2895 850 2929; x_wconf 79' lang='lat' dir='ltr'>contineat,</span> <span class='ocrx_word' id='word_1_394' title='bbox 866 2895 919 2925; x_wconf 74' lang='lat' dir='ltr'>sed</span> <span class='ocrx_word' id='word_1_395' title='bbox 937 2895 976 2924; x_wconf 88' lang='lat' dir='ltr'>ad</span> <span class='ocrx_word' id='word_1_396' title='bbox 995 2894 1037 2924; x_wconf 76' lang='lat' dir='ltr'>vi-</span> 
     </span>
    </p>
   </div>
   <div class='ocr_carea' id='block_1_10' title="bbox 1080 2296 1750 2924">
    <p class='ocr_par' dir='ltr' id='par_1_10' title="bbox 1080 2296 1750 2720">
     <span class='ocr_line' id='line_1_62' title="bbox 1080 2296 1749 2336; baseline -0.001 -9"><span class='ocrx_word' id='word_1_397' title='bbox 1080 2308 1156 2327; x_wconf 89' lang='lat' dir='ltr'>num</span> <span class='ocrx_word' id='word_1_398' title='bbox 1187 2301 1219 2328; x_wconf 91' lang='lat' dir='ltr'>et</span> <span class='ocrx_word' id='word_1_399' title='bbox 1252 2296 1408 2327; x_wconf 76' lang='lat' dir='ltr'>laetitiam</span> <span class='ocrx_word' id='word_1_400' title='bbox 1441 2300 1576 2336; x_wconf 83' lang='lat' dir='ltr'>spectet,</span> <span class='ocrx_word' id='word_1_401' title='bbox 1604 2296 1749 2335; x_wconf 85' lang='lat' dir='ltr'>adeoque</span> 
     </span>
     <span class='ocr_line' id='line_1_63' title="bbox 1080 2338 1749 2378; baseline -0.003 -8"><span class='ocrx_word' id='word_1_402' title='bbox 1080 2340 1144 2370; x_wconf 85' lang='lat' dir='ltr'>fere</span> <span class='ocrx_word' id='word_1_403' title='bbox 1170 2340 1312 2370; x_wconf 87' lang='lat' dir='ltr'>iocosum</span> <span class='ocrx_word' id='word_1_404' title='bbox 1339 2339 1391 2377; x_wconf 88' lang='lat' dir='ltr'>sit,</span> <span class='ocrx_word' id='word_1_405' title='bbox 1413 2338 1516 2369; x_wconf 84' lang='lat' dir='ltr'>afferri</span> <span class='ocrx_word' id='word_1_406' title='bbox 1547 2339 1588 2368; x_wconf 86' lang='lat' dir='ltr'>ad</span> <span class='ocrx_word' id='word_1_407' title='bbox 1613 2339 1749 2378; x_wconf 86' lang='lat' dir='ltr'>proban-</span> 
     </span>
     <span class='ocr_line' id='line_1_64' title="bbox 1081 2381 1748 2421; baseline -0.001 -9"><span class='ocrx_word' id='word_1_408' title='bbox 1081 2384 1170 2419; x_wconf 84' lang='lat' dir='ltr'>dum,</span> <span class='ocrx_word' id='word_1_409' title='bbox 1185 2393 1249 2413; x_wconf 73' lang='lat' dir='ltr'>non</span> <span class='ocrx_word' id='word_1_410' title='bbox 1265 2383 1371 2421; x_wconf 80' lang='lat' dir='ltr'>ferme</span> <span class='ocrx_word' id='word_1_411' title='bbox 1391 2383 1492 2412; x_wconf 79' lang='lat' dir='ltr'>alium</span> <span class='ocrx_word' id='word_1_412' title='bbox 1512 2382 1673 2412; x_wconf 73' lang='lat' dir='ltr'>laetiorem</span> <span class='ocrx_word' id='word_1_413' title='bbox 1691 2381 1748 2411; x_wconf 82' lang='lat' dir='ltr'>du-</span> 
     </span>
     <span class='ocr_line' id='line_1_65' title="bbox 1081 2424 1750 2457; baseline -0.003 -1"><span class='ocrx_word' id='word_1_414' title='bbox 1081 2437 1144 2457; x_wconf 81' lang='lat' dir='ltr'>cem</span> <span class='ocrx_word' id='word_1_415' title='bbox 1160 2426 1195 2455; x_wconf 76' lang='lat' dir='ltr'>in</span> <span class='ocrx_word' id='word_1_416' title='bbox 1212 2426 1279 2455; x_wconf 75' lang='lat' dir='ltr'>acie</span> <span class='ocrx_word' id='word_1_417' title='bbox 1294 2426 1406 2455; x_wconf 83' lang='lat' dir='ltr'>visum.</span> <span class='ocrx_word' id='word_1_418' title='bbox 1440 2424 1540 2455; x_wconf 85' lang='lat' dir='ltr'>Mulsi</span> <span class='ocrx_word' id='word_1_419' title='bbox 1552 2427 1661 2454; x_wconf 85' lang='lat' dir='ltr'>autem</span> <span class='ocrx_word' id='word_1_420' title='bbox 1674 2433 1750 2454; x_wconf 90' lang='lat' dir='ltr'>usus</span> 
     </span>
     <span class='ocr_line' id='line_1_66' title="bbox 1082 2466 1748 2503; baseline -0.003 -5"><span class='ocrx_word' id='word_1_421' title='bbox 1082 2467 1239 2499; x_wconf 82' lang='lat' dir='ltr'>Romanis</span> <span class='ocrx_word' id='word_1_422' title='bbox 1261 2471 1330 2497; x_wconf 88' lang='lat' dir='ltr'>tum</span> <span class='ocrx_word' id='word_1_423' title='bbox 1354 2467 1387 2497; x_wconf 88' lang='lat' dir='ltr'>in</span> <span class='ocrx_word' id='word_1_424' title='bbox 1411 2466 1507 2497; x_wconf 84' lang='lat' dir='ltr'>sacris</span> <span class='ocrx_word' id='word_1_425' title='bbox 1528 2466 1600 2503; x_wconf 83' lang='lat' dir='ltr'>fuit,</span> <span class='ocrx_word' id='word_1_426' title='bbox 1623 2469 1692 2496; x_wconf 85' lang='lat' dir='ltr'>tum</span> <span class='ocrx_word' id='word_1_427' title='bbox 1715 2466 1748 2496; x_wconf 89' lang='lat' dir='ltr'>in</span> 
     </span>
     <span class='ocr_line' id='line_1_67' title="bbox 1082 2508 1749 2549; baseline -0.003 -8"><span class='ocrx_word' id='word_1_428' title='bbox 1082 2510 1204 2541; x_wconf 86' lang='lat' dir='ltr'>deliciis</span> <span class='ocrx_word' id='word_1_429' title='bbox 1222 2513 1255 2540; x_wconf 86' lang='lat' dir='ltr'>et</span> <span class='ocrx_word' id='word_1_430' title='bbox 1273 2509 1305 2539; x_wconf 90' lang='lat' dir='ltr'>in</span> <span class='ocrx_word' id='word_1_431' title='bbox 1326 2509 1497 2549; x_wconf 80' lang='lat' dir='ltr'>triumphis</span> <span class='ocrx_word' id='word_1_432' title='bbox 1510 2508 1749 2547; x_wconf 86' lang='lat' dir='ltr'>funeribusque,</span> 
     </span>
     <span class='ocr_line' id='line_1_68' title="bbox 1082 2552 1748 2592; baseline -0.005 -9"><span class='ocrx_word' id='word_1_433' title='bbox 1082 2553 1114 2584; x_wconf 91' lang='lat' dir='ltr'>in</span> <span class='ocrx_word' id='word_1_434' title='bbox 1130 2553 1244 2592; x_wconf 88' lang='lat' dir='ltr'>quibus</span> <span class='ocrx_word' id='word_1_435' title='bbox 1259 2552 1378 2582; x_wconf 87' lang='lat' dir='ltr'>milites</span> <span class='ocrx_word' id='word_1_436' title='bbox 1393 2555 1424 2582; x_wconf 89' lang='lat' dir='ltr'>et</span> <span class='ocrx_word' id='word_1_437' title='bbox 1440 2552 1535 2582; x_wconf 84' lang='lat' dir='ltr'>funus</span> <span class='ocrx_word' id='word_1_438' title='bbox 1558 2560 1748 2590; x_wconf 84' lang='lat' dir='ltr'>prosequen-</span> 
     </span>
     <span class='ocr_line' id='line_1_69' title="bbox 1082 2593 1748 2627; baseline -0.003 -1"><span class='ocrx_word' id='word_1_439' title='bbox 1082 2600 1130 2627; x_wconf 92' lang='lat' dir='ltr'>tes</span> <span class='ocrx_word' id='word_1_440' title='bbox 1156 2606 1192 2625; x_wconf 90' lang='lat' dir='ltr'>eo</span> <span class='ocrx_word' id='word_1_441' title='bbox 1219 2596 1429 2625; x_wconf 85' lang='lat' dir='ltr'>donabantur.</span> <span class='ocrx_word' id='word_1_442' title='bbox 1463 2594 1502 2626; x_wconf 85' lang='lat' dir='ltr'>cf.</span> <span class='ocrx_word' id='word_1_443' title='bbox 1524 2593 1595 2624; x_wconf 86' lang='lat' dir='ltr'>infr.</span> <span class='ocrx_word' id='word_1_444' title='bbox 1616 2593 1748 2625; x_wconf 87' lang='lat' dir='ltr'>xxxviii.</span> 
     </span>
     <span class='ocr_line' id='line_1_70' title="bbox 1083 2635 1748 2678; baseline -0.005 -9"><span class='ocrx_word' id='word_1_445' title='bbox 1083 2646 1132 2678; x_wconf 84' lang='lat'>55.</span> <span class='ocrx_word' id='word_1_446' title='bbox 1157 2638 1249 2668; x_wconf 84' lang='lat' dir='ltr'>Varr.</span> <span class='ocrx_word' id='word_1_447' title='bbox 1263 2638 1302 2668; x_wconf 86' lang='lat' dir='ltr'>de</span> <span class='ocrx_word' id='word_1_448' title='bbox 1316 2638 1357 2668; x_wconf 89' lang='lat' dir='ltr'>R.</span> <span class='ocrx_word' id='word_1_449' title='bbox 1371 2637 1412 2668; x_wconf 85' lang='lat' dir='ltr'>R.</span> <span class='ocrx_word' id='word_1_450' title='bbox 1425 2636 1467 2668; x_wconf 91' lang='lat' dir='ltr'>iii.</span> <span class='ocrx_word' id='word_1_451' title='bbox 1483 2635 1529 2667; x_wconf 91' lang='lat'>16.</span> <span class='ocrx_word' id='word_1_452' title='bbox 1550 2635 1634 2667; x_wconf 89' lang='lat' dir='ltr'>Plin.</span> <span class='ocrx_word' id='word_1_453' title='bbox 1646 2636 1691 2667; x_wconf 89' lang='lat' dir='ltr'>H.</span> <span class='ocrx_word' id='word_1_454' title='bbox 1704 2635 1748 2666; x_wconf 92' lang='lat' dir='ltr'>N.</span> 
     </span>
     <span class='ocr_line' id='line_1_71' title="bbox 1081 2681 1323 2720; baseline -0.004 -9"><span class='ocrx_word' id='word_1_455' title='bbox 1081 2681 1146 2712; x_wconf 88' lang='lat' dir='ltr'>xiv.</span> <span class='ocrx_word' id='word_1_456' title='bbox 1166 2688 1212 2720; x_wconf 91' lang='lat'>17.</span> <span class='ocrx_word' id='word_1_457' title='bbox 1238 2681 1323 2711; x_wconf 73' lang='lat' dir='ltr'>Rup.</span> 
     </span>
    </p>

    <p class='ocr_par' dir='ltr' id='par_1_11' title="bbox 1081 2720 1749 2924">
     <span class='ocr_line' id='line_1_72' title="bbox 1128 2720 1749 2761; baseline -0.006 -7"><span class='ocrx_word' id='word_1_458' title='bbox 1128 2733 1139 2754; x_wconf 87' lang='lat'>1</span> <span class='ocrx_word' id='word_1_459' title='bbox 1170 2723 1343 2760; x_wconf 82' lang='lat' dir='ltr'>Temetum]</span> <span class='ocrx_word' id='word_1_460' title='bbox 1370 2721 1492 2752; x_wconf 90' lang='lat' dir='ltr'>Vinum</span> <span class='ocrx_word' id='word_1_461' title='bbox 1516 2721 1618 2761; x_wconf 84' lang='lat' dir='ltr'>prisca</span> <span class='ocrx_word' id='word_1_462' title='bbox 1640 2720 1749 2760; x_wconf 86' lang='lat' dir='ltr'>lingua</span> 
     </span>
     <span class='ocr_line' id='line_1_73' title="bbox 1081 2764 1748 2804; baseline -0.004 -8"><span class='ocrx_word' id='word_1_463' title='bbox 1081 2769 1236 2796; x_wconf 83' lang='lat' dir='ltr'>temetum</span> <span class='ocrx_word' id='word_1_464' title='bbox 1259 2765 1452 2804; x_wconf 88' lang='lat' dir='ltr'>appellatur.</span> <span class='ocrx_word' id='word_1_465' title='bbox 1476 2764 1515 2795; x_wconf 92' lang='lat' dir='ltr'>A.</span> <span class='ocrx_word' id='word_1_466' title='bbox 1537 2764 1623 2794; x_wconf 88' lang='lat' dir='ltr'>Gell.</span> <span class='ocrx_word' id='word_1_467' title='bbox 1644 2774 1674 2793; x_wconf 90' lang='lat' dir='ltr'>x.</span> <span class='ocrx_word' id='word_1_468' title='bbox 1697 2772 1748 2802; x_wconf 82' lang='lat'>23.</span> 
     </span>
     <span class='ocr_line' id='line_1_74' title="bbox 1082 2804 1747 2846; baseline -0.006 -7"><span class='ocrx_word' id='word_1_469' title='bbox 1082 2809 1234 2839; x_wconf 88' lang='lat' dir='ltr'>Ceterum</span> <span class='ocrx_word' id='word_1_470' title='bbox 1256 2807 1404 2846; x_wconf 76' lang='lat' dir='ltr'>Paphius</span> <span class='ocrx_word' id='word_1_471' title='bbox 1430 2806 1528 2846; x_wconf 85' lang='lat' dir='ltr'>patris</span> <span class='ocrx_word' id='word_1_472' title='bbox 1552 2805 1692 2836; x_wconf 87' lang='lat' dir='ltr'>indolem</span> <span class='ocrx_word' id='word_1_473' title='bbox 1714 2804 1747 2834; x_wconf 86' lang='lat' dir='ltr'>in</span> 
     </span>
     <span class='ocr_line' id='line_1_75' title="bbox 1081 2847 1746 2890; baseline -0.005 -10"><span class='ocrx_word' id='word_1_474' title='bbox 1081 2862 1114 2881; x_wconf 86' lang='lat' dir='ltr'>re</span> <span class='ocrx_word' id='word_1_475' title='bbox 1137 2850 1269 2890; x_wconf 83' lang='lat' dir='ltr'>potandi</span> <span class='ocrx_word' id='word_1_476' title='bbox 1290 2849 1434 2880; x_wconf 85' lang='lat' dir='ltr'>retulisse</span> <span class='ocrx_word' id='word_1_477' title='bbox 1450 2849 1582 2879; x_wconf 86' lang='lat' dir='ltr'>videtur.</span> <span class='ocrx_word' id='word_1_478' title='bbox 1606 2847 1645 2878; x_wconf 86' lang='lat' dir='ltr'>cf.</span> <span class='ocrx_word' id='word_1_479' title='bbox 1662 2857 1746 2886; x_wconf 88' lang='lat' dir='ltr'>supr.</span> 
     </span>
     <span class='ocr_line' id='line_1_76' title="bbox 1082 2890 1543 2924; baseline -0.004 -1"><span class='ocrx_word' id='word_1_480' title='bbox 1082 2894 1123 2924; x_wconf 88' lang='lat' dir='ltr'>ix.</span> <span class='ocrx_word' id='word_1_481' title='bbox 1144 2892 1189 2923; x_wconf 78' lang='lat'>16.</span> <span class='ocrx_word' id='word_1_482' title='bbox 1215 2892 1348 2923; x_wconf 82' lang='lat' dir='ltr'>Niebhr.</span> <span class='ocrx_word' id='word_1_483' title='bbox 1366 2892 1408 2922; x_wconf 90' lang='lat' dir='ltr'>iii.</span> <span class='ocrx_word' id='word_1_484' title='bbox 1425 2902 1455 2922; x_wconf 88' lang='lat' dir='ltr'>n.</span> <span class='ocrx_word' id='word_1_485' title='bbox 1472 2890 1543 2922; x_wconf 90' lang='lat'>660.</span> 
     </span>
    </p>
   </div>
  </div>
 </body>
</html>
