<?xml version="1.0" encoding="UTF-8"?>
<!DOCTYPE html PUBLIC "-//W3C//DTD XHTML 1.0 Transitional//EN"
    "http://www.w3.org/TR/xhtml1/DTD/xhtml1-transitional.dtd">
<html xmlns="http://www.w3.org/1999/xhtml" xml:lang="en" lang="en">
 <head>
  <title>
</title>
<meta http-equiv="Content-Type" content="text/html;charset=utf-8" />
  <meta name='ocr-system' content='tesseract 3.04.00' />
  <meta name='ocr-capabilities' content='ocr_page ocr_carea ocr_par ocr_line ocrx_word'/>
</head>
<body>
  <div class='ocr_page' id='page_1' title='image "./historiarumli01livyuoft_0496.png"; bbox 0 0 1934 3211; ppageno 0'>
   <div class='ocr_carea' id='block_1_1' title="bbox 180 303 372 387">
    <p class='ocr_par' dir='ltr' id='par_1_1' title="bbox 180 303 371 387">
     <span class='ocr_line' id='line_1_1' title="bbox 181 303 371 345; baseline 0 -11"><span class='ocrx_word' id='word_1_1' title='bbox 181 303 225 334; x_wconf 90' lang='lat' dir='ltr'>U.</span> <span class='ocrx_word' id='word_1_2' title='bbox 243 303 281 335; x_wconf 84' lang='lat' dir='ltr'>C.</span> <span class='ocrx_word' id='word_1_3' title='bbox 299 313 371 345; x_wconf 82' lang='lat'><strong>429.</strong></span> 
     </span>
     <span class='ocr_line' id='line_1_2' title="bbox 180 347 372 387; baseline -0.006 -9"><span class='ocrx_word' id='word_1_4' title='bbox 180 347 219 378; x_wconf 83' lang='lat' dir='ltr'>A.</span> <span class='ocrx_word' id='word_1_5' title='bbox 244 348 282 379; x_wconf 90' lang='lat' dir='ltr'>C.</span> <span class='ocrx_word' id='word_1_6' title='bbox 302 357 372 387; x_wconf 79' lang='lat'><strong>3²3·</strong></span> 
     </span>
    </p>
   </div>
   <div class='ocr_carea' id='block_1_2' title="bbox 178 1216 369 1291">
    <p class='ocr_par' dir='ltr' id='par_1_2' title="bbox 178 1216 369 1291">
     <span class='ocr_line' id='line_1_3' title="bbox 181 1216 369 1257; baseline -0.005 -8"><span class='ocrx_word' id='word_1_7' title='bbox 181 1216 369 1257; x_wconf 74' lang='lat' dir='ltr'>Palaepolis</span> 
     </span>
     <span class='ocr_line' id='line_1_4' title="bbox 178 1260 306 1291; baseline 0.008 -1"><span class='ocrx_word' id='word_1_8' title='bbox 178 1260 306 1291; x_wconf 81' lang='lat' dir='ltr'>tradita.</span> 
     </span>
    </p>
   </div>
   <div class='ocr_carea' id='block_1_3' title="bbox 243 1905 311 1943">
    <p class='ocr_par' dir='ltr' id='par_1_3' title="bbox 243 1905 311 1943">
     <span class='ocr_line' id='line_1_5' title="bbox 243 1905 311 1943; baseline 0 0"><span class='ocrx_word' id='word_1_9' title='bbox 243 1905 311 1943; x_wconf 88' lang='grc'>26.</span> 
     </span>
    </p>
   </div>
   <div class='ocr_carea' id='block_1_4' title="bbox 395 200 1286 244">
    <p class='ocr_par' dir='ltr' id='par_1_4' title="bbox 395 200 1286 244">
     <span class='ocr_line' id='line_1_6' title="bbox 395 200 1286 244; baseline -0.002 0"><span class='ocrx_word' id='word_1_10' title='bbox 395 206 480 244; x_wconf 85' lang='grc'>482</span> <span class='ocrx_word' id='word_1_11' title='bbox 920 200 1068 242; x_wconf 88' lang='grc' dir='ltr'><strong>ΤΙΤΙ</strong></span> <span class='ocrx_word' id='word_1_12' title='bbox 1105 200 1286 242; x_wconf 90' lang='lat' dir='ltr'>LIVII</span> 
     </span>
    </p>
   </div>
   <div class='ocr_carea' id='block_1_5' title="bbox 397 288 1833 2531">
    <p class='ocr_par' dir='ltr' id='par_1_5' title="bbox 397 288 1833 2531">
     <span class='ocr_line' id='line_1_7' title="bbox 397 288 1798 347; baseline -0.002 -14"><span class='ocrx_word' id='word_1_13' title='bbox 397 291 522 341; x_wconf 88' lang='lat' dir='ltr'>bello,</span> <span class='ocrx_word' id='word_1_14' title='bbox 552 306 638 347; x_wconf 91' lang='lat' dir='ltr'>quo</span> <span class='ocrx_word' id='word_1_15' title='bbox 673 290 828 332; x_wconf 86' lang='lat' dir='ltr'>Graeci</span> <span class='ocrx_word' id='word_1_16' title='bbox 863 290 1174 340; x_wconf 80' lang='lat' dir='ltr'>obsidebantur,</span> <span class='ocrx_word' id='word_1_17' title='bbox 1207 291 1288 331; x_wconf 89' lang='lat' dir='ltr'>iam</span> <span class='ocrx_word' id='word_1_18' title='bbox 1325 289 1422 330; x_wconf 90' lang='lat' dir='ltr'>finis</span> <span class='ocrx_word' id='word_1_19' title='bbox 1453 289 1607 331; x_wconf 86' lang='lat' dir='ltr'>aderat.</span> <span class='ocrx_word' id='word_1_20' title='bbox 1670 288 1798 339; x_wconf 89' lang='lat' dir='ltr'>Nam,</span> 
     </span>
     <span class='ocr_line' id='line_1_8' title="bbox 399 347 1831 415; baseline -0.002 -24"><span class='ocrx_word' id='word_1_21' title='bbox 399 358 694 415; x_wconf 82' lang='lat' dir='ltr'>praeterquam</span> <span class='ocrx_word' id='word_1_22' title='bbox 723 348 851 405; x_wconf 90' lang='lat' dir='ltr'>quod,</span> <span class='ocrx_word' id='word_1_23' title='bbox 878 349 1144 404; x_wconf 85' lang='lat' dir='ltr'>intersaeptis</span> <span class='ocrx_word' id='word_1_24' title='bbox 1177 348 1451 389; x_wconf 89' lang='lat' dir='ltr'>munimentis</span> <span class='ocrx_word' id='word_1_25' title='bbox 1477 347 1676 398; x_wconf 88' lang='lat' dir='ltr'>hostium,</span> <span class='ocrx_word' id='word_1_26' title='bbox 1704 362 1831 403; x_wconf 80' lang='lat' dir='ltr'>pars3</span> 
     </span>
     <span class='ocr_line' id='line_1_9' title="bbox 398 405 1801 470; baseline -0.002 -22"><span class='ocrx_word' id='word_1_27' title='bbox 398 422 474 464; x_wconf 91' lang='lat' dir='ltr'>par</span> <span class='ocrx_word' id='word_1_28' title='bbox 477 407 508 448; x_wconf 89' lang='lat' dir='ltr'>ti</span> <span class='ocrx_word' id='word_1_29' title='bbox 530 407 687 448; x_wconf 87' lang='lat' dir='ltr'>abscisa</span> <span class='ocrx_word' id='word_1_30' title='bbox 707 415 809 456; x_wconf 84' lang='lat' dir='ltr'>erat,</span> <span class='ocrx_word' id='word_1_31' title='bbox 826 406 1015 447; x_wconf 88' lang='lat' dir='ltr'>foediora</span> <span class='ocrx_word' id='word_1_32' title='bbox 1035 407 1251 462; x_wconf 87' lang='lat' dir='ltr'>aliquanto</span> <span class='ocrx_word' id='word_1_33' title='bbox 1272 405 1383 446; x_wconf 86' lang='lat' dir='ltr'>intra</span> <span class='ocrx_word' id='word_1_34' title='bbox 1403 420 1544 446; x_wconf 88' lang='lat' dir='ltr'>muros</span> <span class='ocrx_word' id='word_1_35' title='bbox 1565 405 1628 455; x_wconf 89' lang='lat' dir='ltr'>iis,</span> <span class='ocrx_word' id='word_1_36' title='bbox 1647 405 1801 470; x_wconf 75' lang='lat' dir='ltr'>quibus</span> 
     </span>
     <span class='ocr_line' id='line_1_10' title="bbox 398 462 1833 528; baseline -0.002 -22"><span class='ocrx_word' id='word_1_37' title='bbox 398 465 529 506; x_wconf 91' lang='lat' dir='ltr'>hostis</span> <span class='ocrx_word' id='word_1_38' title='bbox 549 464 779 514; x_wconf 85' lang='lat' dir='ltr'>territabat,</span> <span class='ocrx_word' id='word_1_39' title='bbox 801 464 1095 528; x_wconf 78' lang='lat' dir='ltr'>patiebantur:</span> <span class='ocrx_word' id='word_1_40' title='bbox 1130 472 1173 504; x_wconf 92' lang='lat' dir='ltr'>et</span> <span class='ocrx_word' id='word_1_41' title='bbox 1192 463 1308 504; x_wconf 86' lang='lat' dir='ltr'>velut</span> <span class='ocrx_word' id='word_1_42' title='bbox 1329 463 1441 519; x_wconf 85' lang='lat' dir='ltr'>capti</span> <span class='ocrx_word' id='word_1_43' title='bbox 1462 479 1486 504; x_wconf 91' lang='lat' dir='ltr'>a</span> <span class='ocrx_word' id='word_1_44' title='bbox 1506 463 1680 504; x_wconf 82' lang='lat' dir='ltr'>suismet</span> <span class='ocrx_word' id='word_1_45' title='bbox 1700 462 1833 519; x_wconf 86' lang='lat' dir='ltr'>ipsis4</span> 
     </span>
     <span class='ocr_line' id='line_1_11' title="bbox 398 521 1803 579; baseline -0.002 -16"><span class='ocrx_word' id='word_1_46' title='bbox 398 522 628 579; x_wconf 83' lang='lat' dir='ltr'>praesidiis,</span> <span class='ocrx_word' id='word_1_47' title='bbox 665 522 841 577; x_wconf 88' lang='lat' dir='ltr'>indigna</span> <span class='ocrx_word' id='word_1_48' title='bbox 875 536 957 562; x_wconf 85' lang='grc'><strong>13111</strong></span> <span class='ocrx_word' id='word_1_49' title='bbox 994 521 1135 561; x_wconf 89' lang='lat' dir='ltr'>liberis</span> <span class='ocrx_word' id='word_1_50' title='bbox 1167 536 1337 576; x_wconf 88' lang='lat' dir='ltr'>quoque</span> <span class='ocrx_word' id='word_1_51' title='bbox 1374 536 1421 562; x_wconf 92' lang='lat' dir='ltr'>ac</span> <span class='ocrx_word' id='word_1_52' title='bbox 1458 521 1721 577; x_wconf 88' lang='lat' dir='ltr'>coniugibus,</span> <span class='ocrx_word' id='word_1_53' title='bbox 1758 527 1803 560; x_wconf 91' lang='lat' dir='ltr'>et</span> 
     </span>
     <span class='ocr_line' id='line_1_12' title="bbox 400 577 1800 636; baseline -0.002 -15"><span class='ocrx_word' id='word_1_54' title='bbox 400 595 508 636; x_wconf 87' lang='lat' dir='ltr'>quae</span> <span class='ocrx_word' id='word_1_55' title='bbox 531 588 746 636; x_wconf 82' lang='lat' dir='ltr'>captaium</span> <span class='ocrx_word' id='word_1_56' title='bbox 769 579 936 619; x_wconf 90' lang='lat' dir='ltr'>urbium</span> <span class='ocrx_word' id='word_1_57' title='bbox 962 586 1151 618; x_wconf 86' lang='lat' dir='ltr'>extrema</span> <span class='ocrx_word' id='word_1_58' title='bbox 1176 587 1285 626; x_wconf 88' lang='lat' dir='ltr'>sunt,</span> <span class='ocrx_word' id='word_1_59' title='bbox 1307 578 1585 633; x_wconf 83' lang='lat' dir='ltr'>patiebantur.</span> <span class='ocrx_word' id='word_1_60' title='bbox 1648 577 1800 634; x_wconf 90' lang='lat' dir='ltr'>Itaque</span> 
     </span>
     <span class='ocr_line' id='line_1_13' title="bbox 401 635 1802 693; baseline -0.001 -15"><span class='ocrx_word' id='word_1_61' title='bbox 401 653 546 693; x_wconf 90' lang='lat' dir='ltr'>quum,</span> <span class='ocrx_word' id='word_1_62' title='bbox 585 645 627 677; x_wconf 87' lang='lat' dir='ltr'>et</span> <span class='ocrx_word' id='word_1_63' title='bbox 662 652 687 677; x_wconf 91' lang='lat' dir='ltr'>a</span> <span class='ocrx_word' id='word_1_64' title='bbox 722 635 910 676; x_wconf 89' lang='lat' dir='ltr'>Tarento</span> <span class='ocrx_word' id='word_1_65' title='bbox 946 643 988 675; x_wconf 90' lang='lat' dir='ltr'>et</span> <span class='ocrx_word' id='word_1_66' title='bbox 1024 650 1048 675; x_wconf 85' lang='lat' dir='ltr'>a</span> <span class='ocrx_word' id='word_1_67' title='bbox 1087 635 1358 683; x_wconf 86' lang='lat' dir='ltr'>Samnitibus,</span> <span class='ocrx_word' id='word_1_68' title='bbox 1394 635 1505 676; x_wconf 84' lang='lat' dir='ltr'>fama</span> <span class='ocrx_word' id='word_1_69' title='bbox 1539 643 1659 685; x_wconf 90' lang='lat' dir='ltr'>esset,</span> <span class='ocrx_word' id='word_1_70' title='bbox 1693 650 1802 676; x_wconf 88' lang='lat' dir='ltr'>nova</span> 
     </span>
     <span class='ocr_line' id='line_1_14' title="bbox 400 691 1803 747; baseline -0.001 -12"><span class='ocrx_word' id='word_1_71' title='bbox 400 695 557 735; x_wconf 82' lang='lat' dir='ltr'>auxilia</span> <span class='ocrx_word' id='word_1_72' title='bbox 605 702 796 741; x_wconf 81' lang='lat' dir='ltr'>ventura,</span> <span class='ocrx_word' id='word_1_73' title='bbox 842 692 1094 733; x_wconf 84' lang='lat' dir='ltr'>Samnitium</span> <span class='ocrx_word' id='word_1_74' title='bbox 1144 691 1250 747; x_wconf 80' lang='lat' dir='ltr'>plus,</span> <span class='ocrx_word' id='word_1_75' title='bbox 1299 707 1427 746; x_wconf 88' lang='lat' dir='ltr'>quam</span> <span class='ocrx_word' id='word_1_76' title='bbox 1475 692 1645 742; x_wconf 84' lang='lat' dir='ltr'>vellent,</span> <span class='ocrx_word' id='word_1_77' title='bbox 1692 693 1803 733; x_wconf 88' lang='lat' dir='ltr'>intra</span> 
     </span>
     <span class='ocr_line' id='line_1_15' title="bbox 400 749 1802 799; baseline -0.001 -6"><span class='ocrx_word' id='word_1_78' title='bbox 400 752 568 793; x_wconf 87' lang='lat' dir='ltr'>moenia</span> <span class='ocrx_word' id='word_1_79' title='bbox 598 765 686 791; x_wconf 90' lang='lat' dir='ltr'>esse</span> <span class='ocrx_word' id='word_1_80' title='bbox 715 750 940 790; x_wconf 83' lang='lat' dir='ltr'>rebantui:</span> <span class='ocrx_word' id='word_1_81' title='bbox 976 749 1305 790; x_wconf 87' lang='lat' dir='ltr'>Tarentinorum</span> <span class='ocrx_word' id='word_1_82' title='bbox 1339 749 1615 799; x_wconf 89' lang='lat' dir='ltr'>iuventutem,</span> <span class='ocrx_word' id='word_1_83' title='bbox 1647 749 1802 791; x_wconf 88' lang='lat' dir='ltr'>Graeci</span> 
     </span>
     <span class='ocr_line' id='line_1_16' title="bbox 404 805 1803 863; baseline -0.001 -14"><span class='ocrx_word' id='word_1_84' title='bbox 404 808 601 857; x_wconf 87' lang='lat' dir='ltr'>Graecos,</span> <span class='ocrx_word' id='word_1_85' title='bbox 625 807 739 848; x_wconf 86' lang='lat' dir='ltr'>haud</span> <span class='ocrx_word' id='word_1_86' title='bbox 773 807 912 847; x_wconf 89' lang='lat' dir='ltr'>minus</span> <span class='ocrx_word' id='word_1_87' title='bbox 940 822 1016 862; x_wconf 92' lang='lat' dir='ltr'>per</span> <span class='ocrx_word' id='word_1_88' title='bbox 1041 822 1146 862; x_wconf 88' lang='lat' dir='ltr'>quos</span> <span class='ocrx_word' id='word_1_89' title='bbox 1178 806 1356 847; x_wconf 81' lang='lat' dir='ltr'>Samniti</span> <span class='ocrx_word' id='word_1_90' title='bbox 1382 805 1650 863; x_wconf 85' lang='lat' dir='ltr'>Nolanoque,</span> <span class='ocrx_word' id='word_1_91' title='bbox 1674 822 1803 863; x_wconf 90' lang='lat' dir='ltr'>quam</span> 
     </span>
     <span class='ocr_line' id='line_1_17' title="bbox 400 864 1802 920; baseline -0.001 -14"><span class='ocrx_word' id='word_1_92' title='bbox 400 874 447 906; x_wconf 91' lang='lat' dir='ltr'>ut</span> <span class='ocrx_word' id='word_1_93' title='bbox 475 865 680 906; x_wconf 86' lang='lat' dir='ltr'>Romanis</span> <span class='ocrx_word' id='word_1_94' title='bbox 707 864 896 905; x_wconf 89' lang='lat' dir='ltr'>hostibus</span> <span class='ocrx_word' id='word_1_95' title='bbox 926 864 1179 913; x_wconf 85' lang='lat' dir='ltr'>resisterent,</span> <span class='ocrx_word' id='word_1_96' title='bbox 1209 864 1519 920; x_wconf 83' lang='lat' dir='ltr'>exspectabant.</span> <span class='ocrx_word' id='word_1_97' title='bbox 1582 864 1802 906; x_wconf 90' lang='lat' dir='ltr'>Postremo</span> 
     </span>
     <span class='ocr_line' id='line_1_18' title="bbox 399 921 1802 964; baseline 0 -1"><span class='ocrx_word' id='word_1_98' title='bbox 399 923 656 964; x_wconf 83' lang='lat' dir='ltr'>levissimum</span> <span class='ocrx_word' id='word_1_99' title='bbox 686 921 890 963; x_wconf 86' lang='lat' dir='ltr'>malorum</span> <span class='ocrx_word' id='word_1_100' title='bbox 914 922 1075 963; x_wconf 88' lang='lat' dir='ltr'>deditio</span> <span class='ocrx_word' id='word_1_101' title='bbox 1101 922 1154 962; x_wconf 85' lang='lat' dir='ltr'>ad</span> <span class='ocrx_word' id='word_1_102' title='bbox 1178 921 1393 962; x_wconf 84' lang='lat' dir='ltr'>Romanos</span> <span class='ocrx_word' id='word_1_103' title='bbox 1415 922 1512 963; x_wconf 88' lang='lat' dir='ltr'>visa.</span> <span class='ocrx_word' id='word_1_104' title='bbox 1580 921 1802 963; x_wconf 84' lang='lat' dir='ltr'>Charilaus</span> 
     </span>
     <span class='ocr_line' id='line_1_19' title="bbox 402 979 1801 1036; baseline 0 -15"><span class='ocrx_word' id='word_1_105' title='bbox 402 989 444 1021; x_wconf 89' lang='lat' dir='ltr'>et</span> <span class='ocrx_word' id='word_1_106' title='bbox 480 980 738 1036; x_wconf 74' lang='lat' dir='ltr'>Nymphius,</span> <span class='ocrx_word' id='word_1_107' title='bbox 776 980 988 1035; x_wconf 87' lang='lat' dir='ltr'>principes</span> <span class='ocrx_word' id='word_1_108' title='bbox 1028 979 1218 1029; x_wconf 81' lang='lat' dir='ltr'>civitatis,</span> <span class='ocrx_word' id='word_1_109' title='bbox 1257 979 1568 1021; x_wconf 88' lang='lat' dir='ltr'>communicato</span> <span class='ocrx_word' id='word_1_110' title='bbox 1609 979 1719 1021; x_wconf 89' lang='lat' dir='ltr'>inter</span> <span class='ocrx_word' id='word_1_111' title='bbox 1757 994 1801 1021; x_wconf 89' lang='lat' dir='ltr'>se</span> 
     </span>
     <span class='ocr_line' id='line_1_20' title="bbox 400 1037 1803 1094; baseline 0 -16"><span class='ocrx_word' id='word_1_112' title='bbox 400 1038 586 1087; x_wconf 88' lang='lat' dir='ltr'>consilio,</span> <span class='ocrx_word' id='word_1_113' title='bbox 610 1047 747 1094; x_wconf 87' lang='lat' dir='ltr'>partes</span> <span class='ocrx_word' id='word_1_114' title='bbox 781 1037 834 1078; x_wconf 88' lang='lat' dir='ltr'>ad</span> <span class='ocrx_word' id='word_1_115' title='bbox 866 1053 955 1078; x_wconf 91' lang='lat' dir='ltr'>rem</span> <span class='ocrx_word' id='word_1_116' title='bbox 989 1037 1196 1093; x_wconf 81' lang='lat' dir='ltr'>agendam</span> <span class='ocrx_word' id='word_1_117' title='bbox 1221 1037 1411 1087; x_wconf 88' lang='lat' dir='ltr'>divisere,</span> <span class='ocrx_word' id='word_1_118' title='bbox 1435 1046 1482 1078; x_wconf 91' lang='lat' dir='ltr'>ut</span> <span class='ocrx_word' id='word_1_119' title='bbox 1509 1037 1614 1079; x_wconf 90' lang='lat' dir='ltr'>alter</span> <span class='ocrx_word' id='word_1_120' title='bbox 1640 1037 1694 1078; x_wconf 90' lang='lat' dir='ltr'>ad</span> <span class='ocrx_word' id='word_1_121' title='bbox 1723 1037 1803 1078; x_wconf 91' lang='lat' dir='ltr'>im-</span> 
     </span>
     <span class='ocr_line' id='line_1_21' title="bbox 399 1094 1803 1151; baseline 0 -15"><span class='ocrx_word' id='word_1_122' title='bbox 399 1105 635 1151; x_wconf 88' lang='lat' dir='ltr'>peratorem</span> <span class='ocrx_word' id='word_1_123' title='bbox 674 1095 965 1136; x_wconf 85' lang='lat' dir='ltr'>Romanorum</span> <span class='ocrx_word' id='word_1_124' title='bbox 1002 1095 1294 1151; x_wconf 83' lang='lat' dir='ltr'>transfugeret,</span> <span class='ocrx_word' id='word_1_125' title='bbox 1333 1095 1437 1136; x_wconf 88' lang='lat' dir='ltr'>alter</span> <span class='ocrx_word' id='word_1_126' title='bbox 1471 1095 1714 1136; x_wconf 88' lang='lat' dir='ltr'>subsisteret</span> <span class='ocrx_word' id='word_1_127' title='bbox 1748 1094 1803 1136; x_wconf 90' lang='lat' dir='ltr'>ad</span> 
     </span>
     <span class='ocr_line' id='line_1_22' title="bbox 399 1152 1800 1218; baseline 0.001 -25"><span class='ocrx_word' id='word_1_128' title='bbox 399 1153 684 1218; x_wconf 85' lang='lat' dir='ltr'>praebendam</span> <span class='ocrx_word' id='word_1_129' title='bbox 717 1162 997 1208; x_wconf 88' lang='lat' dir='ltr'>opportunam</span> <span class='ocrx_word' id='word_1_130' title='bbox 1031 1153 1206 1194; x_wconf 89' lang='lat' dir='ltr'>consilio</span> <span class='ocrx_word' id='word_1_131' title='bbox 1233 1153 1394 1194; x_wconf 87' lang='lat' dir='ltr'>urbem.</span> <span class='ocrx_word' id='word_1_132' title='bbox 1460 1152 1683 1194; x_wconf 86' lang='lat' dir='ltr'>Charilaus</span> <span class='ocrx_word' id='word_1_133' title='bbox 1706 1153 1800 1202; x_wconf 89' lang='lat' dir='ltr'>fuit,</span> 
     </span>
     <span class='ocr_line' id='line_1_23' title="bbox 401 1210 1800 1266; baseline 0.001 -15"><span class='ocrx_word' id='word_1_134' title='bbox 401 1211 476 1266; x_wconf 90' lang='lat' dir='ltr'>qui</span> <span class='ocrx_word' id='word_1_135' title='bbox 517 1211 572 1252; x_wconf 89' lang='lat' dir='ltr'>ad</span> <span class='ocrx_word' id='word_1_136' title='bbox 611 1210 845 1252; x_wconf 90' lang='lat' dir='ltr'>Publilium</span> <span class='ocrx_word' id='word_1_137' title='bbox 886 1210 1112 1252; x_wconf 87' lang='lat' dir='ltr'>Philonem</span> <span class='ocrx_word' id='word_1_138' title='bbox 1151 1211 1292 1251; x_wconf 84' lang='lat' dir='ltr'>venit:</span> <span class='ocrx_word' id='word_1_139' title='bbox 1341 1219 1396 1260; x_wconf 89' lang='lat' dir='ltr'>et,</span> <span class='ocrx_word' id='word_1_140' title='bbox 1445 1210 1588 1266; x_wconf 89' lang='lat' dir='ltr'>‘quod</span> <span class='ocrx_word' id='word_1_141' title='bbox 1626 1211 1800 1261; x_wconf 86' lang='lat' dir='ltr'>bonum,</span> 
     </span>
     <span class='ocr_line' id='line_1_24' title="bbox 403 1268 1800 1333; baseline -0.001 -23"><span class='ocrx_word' id='word_1_142' title='bbox 403 1268 625 1318; x_wconf 86' lang='lat' dir='ltr'>‘faustum,</span> <span class='ocrx_word' id='word_1_143' title='bbox 661 1268 763 1309; x_wconf 81' lang='lat' dir='ltr'>felix</span> <span class='ocrx_word' id='word_1_144' title='bbox 800 1268 1124 1333; x_wconf 83' lang='lat' dir='ltr'>Palaepolitanis</span> <span class='ocrx_word' id='word_1_145' title='bbox 1164 1268 1406 1324; x_wconf 91' lang='lat' dir='ltr'>populoque</span> <span class='ocrx_word' id='word_1_146' title='bbox 1444 1268 1640 1310; x_wconf 87' lang='lat' dir='ltr'>Romano</span> <span class='ocrx_word' id='word_1_147' title='bbox 1679 1276 1800 1318; x_wconf 90' lang='lat' dir='ltr'>esset,</span> 
     </span>
     <span class='ocr_line' id='line_1_25' title="bbox 402 1325 1801 1375; baseline -0.001 -8"><span class='ocrx_word' id='word_1_148' title='bbox 402 1331 414 1350; x_wconf 88' lang='lat'>‘</span> <span class='ocrx_word' id='word_1_149' title='bbox 431 1327 593 1367; x_wconf 86' lang='lat' dir='ltr'>tradere</span> <span class='ocrx_word' id='word_1_150' title='bbox 616 1326 686 1375; x_wconf 88' lang='lat' dir='ltr'>se,’</span> <span class='ocrx_word' id='word_1_151' title='bbox 706 1326 777 1375; x_wconf 89' lang='lat' dir='ltr'>ait,</span> <span class='ocrx_word' id='word_1_152' title='bbox 812 1331 823 1349; x_wconf 82' lang='lat'>‘</span> <span class='ocrx_word' id='word_1_153' title='bbox 839 1326 1006 1367; x_wconf 90' lang='lat' dir='ltr'>moenia</span> <span class='ocrx_word' id='word_1_154' title='bbox 1026 1326 1229 1367; x_wconf 89' lang='lat' dir='ltr'>statuisse.</span> <span class='ocrx_word' id='word_1_155' title='bbox 1294 1325 1358 1366; x_wconf 92' lang='lat' dir='ltr'>Eo</span> <span class='ocrx_word' id='word_1_156' title='bbox 1379 1325 1489 1367; x_wconf 87' lang='lat' dir='ltr'>facto</span> <span class='ocrx_word' id='word_1_157' title='bbox 1514 1334 1657 1367; x_wconf 90' lang='lat' dir='ltr'>utrum</span> <span class='ocrx_word' id='word_1_158' title='bbox 1681 1326 1733 1367; x_wconf 88' lang='lat' dir='ltr'>ab</span> <span class='ocrx_word' id='word_1_159' title='bbox 1757 1341 1801 1367; x_wconf 85' lang='lat' dir='ltr'>se</span> 
     </span>
     <span class='ocr_line' id='line_1_26' title="bbox 402 1383 1803 1440; baseline 0 -16"><span class='ocrx_word' id='word_1_160' title='bbox 402 1384 608 1440; x_wconf 80' lang='lat' dir='ltr'>‘prodita,</span> <span class='ocrx_word' id='word_1_161' title='bbox 651 1399 706 1425; x_wconf 90' lang='lat' dir='ltr'>an</span> <span class='ocrx_word' id='word_1_162' title='bbox 751 1393 924 1433; x_wconf 60' lang='lat' dir='ltr'>servata,</span> <span class='ocrx_word' id='word_1_163' title='bbox 966 1384 1102 1440; x_wconf 85' lang='lat' dir='ltr'>patria</span> <span class='ocrx_word' id='word_1_164' title='bbox 1140 1383 1347 1433; x_wconf 86' lang='lat' dir='ltr'>videatur,</span> <span class='ocrx_word' id='word_1_165' title='bbox 1389 1383 1434 1424; x_wconf 89' lang='lat' dir='ltr'>in</span> <span class='ocrx_word' id='word_1_166' title='bbox 1479 1383 1564 1425; x_wconf 83' lang='lat' dir='ltr'>fide</span> <span class='ocrx_word' id='word_1_167' title='bbox 1606 1383 1803 1425; x_wconf 84' lang='lat' dir='ltr'>Romana</span> 
     </span>
     <span class='ocr_line' id='line_1_27' title="bbox 401 1441 1801 1507; baseline 0 -25"><span class='ocrx_word' id='word_1_168' title='bbox 401 1442 613 1497; x_wconf 83' lang='lat' dir='ltr'>‘positum</span> <span class='ocrx_word' id='word_1_169' title='bbox 644 1457 745 1483; x_wconf 90' lang='lat' dir='ltr'>esse.</span> <span class='ocrx_word' id='word_1_170' title='bbox 812 1441 900 1483; x_wconf 84' lang='lat' dir='ltr'>Sibi</span> <span class='ocrx_word' id='word_1_171' title='bbox 931 1457 1021 1497; x_wconf 77' lang='lat' dir='ltr'>piw</span> <span class='ocrx_word' id='word_1_172' title='bbox 1025 1441 1126 1482; x_wconf 87' lang='lat' dir='ltr'>atim</span> <span class='ocrx_word' id='word_1_173' title='bbox 1156 1457 1235 1483; x_wconf 89' lang='grc'><strong>1100</strong></span> <span class='ocrx_word' id='word_1_174' title='bbox 1264 1441 1420 1506; x_wconf 81' lang='lat' dir='ltr'>pacisci</span> <span class='ocrx_word' id='word_1_175' title='bbox 1452 1441 1693 1507; x_wconf 81' lang='lat' dir='ltr'>quicquam,</span> <span class='ocrx_word' id='word_1_176' title='bbox 1722 1456 1801 1483; x_wconf 88' lang='lat' dir='ltr'>nec</span> 
     </span>
     <span class='ocr_line' id='line_1_28' title="bbox 402 1499 1803 1555; baseline 0.001 -16.02"><span class='ocrx_word' id='word_1_177' title='bbox 402 1504 598 1554; x_wconf 76' lang='lat' dir='ltr'>‘peterze</span> <span class='ocrx_word' id='word_1_178' title='bbox 633 1499 800 1555; x_wconf 90' lang='lat' dir='ltr'>publice</span> <span class='ocrx_word' id='word_1_179' title='bbox 833 1508 991 1555; x_wconf 88' lang='lat' dir='ltr'>petere,</span> <span class='ocrx_word' id='word_1_180' title='bbox 1022 1514 1149 1555; x_wconf 87' lang='lat' dir='ltr'>quam</span> <span class='ocrx_word' id='word_1_181' title='bbox 1181 1499 1349 1555; x_wconf 88' lang='lat' dir='ltr'>pacisci,</span> <span class='ocrx_word' id='word_1_182' title='bbox 1379 1499 1524 1555; x_wconf 91' lang='lat' dir='ltr'>magis,</span> <span class='ocrx_word' id='word_1_183' title='bbox 1553 1508 1612 1549; x_wconf 90' lang='lat' dir='ltr'>ut,</span> <span class='ocrx_word' id='word_1_184' title='bbox 1642 1499 1676 1540; x_wconf 91' lang='lat' dir='ltr'>si</span> <span class='ocrx_word' id='word_1_185' title='bbox 1709 1514 1803 1540; x_wconf 89' lang='lat' dir='ltr'>suc-</span> 
     </span>
     <span class='ocr_line' id='line_1_29' title="bbox 402 1556 1801 1613; baseline 0.001 -17"><span class='ocrx_word' id='word_1_186' title='bbox 402 1557 618 1596; x_wconf 84' lang='lat' dir='ltr'>‘cessisset</span> <span class='ocrx_word' id='word_1_187' title='bbox 658 1557 948 1612; x_wconf 90' lang='lat' dir='ltr'>inceptum,c</span> <span class='ocrx_word' id='word_1_188' title='bbox 927 1558 1129 1612; x_wconf 72' lang='lat' dir='ltr'>cogitaret</span> <span class='ocrx_word' id='word_1_189' title='bbox 1168 1556 1350 1613; x_wconf 88' lang='lat' dir='ltr'>populus</span> <span class='ocrx_word' id='word_1_190' title='bbox 1391 1557 1624 1606; x_wconf 84' lang='lat' dir='ltr'>Romanus,</span> <span class='ocrx_word' id='word_1_191' title='bbox 1660 1557 1801 1613; x_wconf 86' lang='lat' dir='ltr'>potius</span> 
     </span>
     <span class='ocr_line' id='line_1_30' title="bbox 402 1614 1801 1670; baseline 0.001 -17"><span class='ocrx_word' id='word_1_192' title='bbox 402 1618 526 1654; x_wconf 87' lang='lat' dir='ltr'>‘cum</span> <span class='ocrx_word' id='word_1_193' title='bbox 568 1622 727 1668; x_wconf 86' lang='lat' dir='ltr'>quanto</span> <span class='ocrx_word' id='word_1_194' title='bbox 768 1614 907 1654; x_wconf 89' lang='lat' dir='ltr'>studio</span> <span class='ocrx_word' id='word_1_195' title='bbox 947 1614 1221 1670; x_wconf 86' lang='lat' dir='ltr'>periculoque</span> <span class='ocrx_word' id='word_1_196' title='bbox 1264 1614 1447 1655; x_wconf 71' lang='lat' dir='ltr'>leditum</span> <span class='ocrx_word' id='word_1_197' title='bbox 1488 1615 1533 1655; x_wconf 89' lang='lat' dir='ltr'>in</span> <span class='ocrx_word' id='word_1_198' title='bbox 1573 1614 1801 1655; x_wconf 86' lang='lat' dir='ltr'>amicitiam</span> 
     </span>
     <span class='ocr_line' id='line_1_31' title="bbox 402 1672 1801 1726; baseline 0.001 -15"><span class='ocrx_word' id='word_1_199' title='bbox 402 1676 545 1711; x_wconf 81' lang='lat' dir='ltr'>‘suam</span> <span class='ocrx_word' id='word_1_200' title='bbox 583 1680 706 1720; x_wconf 91' lang='lat' dir='ltr'>esset,</span> <span class='ocrx_word' id='word_1_201' title='bbox 737 1686 864 1725; x_wconf 84' lang='lat' dir='ltr'>quam</span> <span class='ocrx_word' id='word_1_202' title='bbox 895 1687 979 1726; x_wconf 86' lang='lat' dir='ltr'>qua</span> <span class='ocrx_word' id='word_1_203' title='bbox 1015 1672 1190 1712; x_wconf 82' lang='lat' dir='ltr'>stultitia</span> <span class='ocrx_word' id='word_1_204' title='bbox 1226 1680 1268 1712; x_wconf 92' lang='lat' dir='ltr'>et</span> <span class='ocrx_word' id='word_1_205' title='bbox 1304 1672 1540 1713; x_wconf 88' lang='lat' dir='ltr'>temeritate</span> <span class='ocrx_word' id='word_1_206' title='bbox 1574 1672 1627 1713; x_wconf 91' lang='lat' dir='ltr'>de</span> <span class='ocrx_word' id='word_1_207' title='bbox 1664 1672 1801 1713; x_wconf 87' lang='lat' dir='ltr'>officio</span> 
     </span>
     <span class='ocr_line' id='line_1_32' title="bbox 402 1727 1800 1784; baseline 0.001 -16"><span class='ocrx_word' id='word_1_208' title='bbox 402 1734 413 1751; x_wconf 86' lang='lat'>‘</span> <span class='ocrx_word' id='word_1_209' title='bbox 429 1728 673 1769; x_wconf 86' lang='lat' dir='ltr'>decessum.&#39;</span> <span class='ocrx_word' id='word_1_210' title='bbox 722 1727 999 1769; x_wconf 89' lang='lat' dir='ltr'>Collaudatus</span> <span class='ocrx_word' id='word_1_211' title='bbox 1020 1729 1071 1769; x_wconf 90' lang='lat' dir='ltr'>ab</span> <span class='ocrx_word' id='word_1_212' title='bbox 1093 1729 1343 1784; x_wconf 87' lang='lat' dir='ltr'>imperatore</span> <span class='ocrx_word' id='word_1_213' title='bbox 1366 1729 1445 1769; x_wconf 90' lang='lat' dir='ltr'>tria</span> <span class='ocrx_word' id='word_1_214' title='bbox 1465 1729 1596 1770; x_wconf 91' lang='lat' dir='ltr'>millia</span> <span class='ocrx_word' id='word_1_215' title='bbox 1616 1728 1800 1769; x_wconf 87' lang='lat' dir='ltr'>militum</span> 
     </span>
     <span class='ocr_line' id='line_1_33' title="bbox 400 1785 1802 1850; baseline 0.001 -24"><span class='ocrx_word' id='word_1_216' title='bbox 400 1785 453 1826; x_wconf 90' lang='lat' dir='ltr'>ad</span> <span class='ocrx_word' id='word_1_217' title='bbox 482 1785 772 1841; x_wconf 86' lang='lat' dir='ltr'>occupandam</span> <span class='ocrx_word' id='word_1_218' title='bbox 800 1800 892 1826; x_wconf 89' lang='lat' dir='ltr'>eam</span> <span class='ocrx_word' id='word_1_219' title='bbox 921 1793 1084 1850; x_wconf 80' lang='lat' dir='ltr'>partem</span> <span class='ocrx_word' id='word_1_220' title='bbox 1113 1786 1239 1834; x_wconf 89' lang='lat' dir='ltr'>urbis,</span> <span class='ocrx_word' id='word_1_221' title='bbox 1263 1800 1390 1841; x_wconf 90' lang='lat' dir='ltr'>quam</span> <span class='ocrx_word' id='word_1_222' title='bbox 1415 1785 1624 1827; x_wconf 88' lang='lat' dir='ltr'>Samnites</span> <span class='ocrx_word' id='word_1_223' title='bbox 1644 1785 1802 1827; x_wconf 89' lang='lat' dir='ltr'>inside-</span> 
     </span>
     <span class='ocr_line' id='line_1_34' title="bbox 399 1842 1832 1899; baseline 0 -15"><span class='ocrx_word' id='word_1_224' title='bbox 399 1843 514 1892; x_wconf 90' lang='lat' dir='ltr'>bant,</span> <span class='ocrx_word' id='word_1_225' title='bbox 542 1843 727 1899; x_wconf 85' lang='lat' dir='ltr'>accepit:</span> <span class='ocrx_word' id='word_1_226' title='bbox 763 1843 973 1898; x_wconf 86' lang='lat' dir='ltr'>praesidio</span> <span class='ocrx_word' id='word_1_227' title='bbox 1001 1843 1040 1883; x_wconf 90' lang='lat' dir='ltr'>ei</span> <span class='ocrx_word' id='word_1_228' title='bbox 1070 1842 1119 1883; x_wconf 91' lang='lat' dir='ltr'>L.</span> <span class='ocrx_word' id='word_1_229' title='bbox 1140 1842 1368 1891; x_wconf 81' lang='lat' dir='ltr'>Quinctius</span> <span class='ocrx_word' id='word_1_230' title='bbox 1395 1843 1590 1884; x_wconf 86' lang='lat' dir='ltr'>tribunus</span> <span class='ocrx_word' id='word_1_231' title='bbox 1617 1843 1832 1893; x_wconf 82' lang='lat' dir='ltr'>militum5</span> 
     </span>
     <span class='ocr_line' id='line_1_35' title="bbox 398 1900 1800 1966; baseline 0.001 -26"><span class='ocrx_word' id='word_1_232' title='bbox 398 1901 669 1956; x_wconf 87' lang='lat' dir='ltr'>praepositus.</span> <span class='ocrx_word' id='word_1_233' title='bbox 749 1900 913 1941; x_wconf 87' lang='lat' dir='ltr'>Eodem</span> <span class='ocrx_word' id='word_1_234' title='bbox 959 1909 1147 1956; x_wconf 91' lang='lat' dir='ltr'>tempore</span> <span class='ocrx_word' id='word_1_235' title='bbox 1189 1909 1232 1941; x_wconf 89' lang='lat' dir='ltr'>et</span> <span class='ocrx_word' id='word_1_236' title='bbox 1273 1900 1518 1958; x_wconf 81' lang='lat' dir='ltr'>Nymphius</span> <span class='ocrx_word' id='word_1_237' title='bbox 1552 1910 1800 1966; x_wconf 82' lang='lat' dir='ltr'>praetorem</span> 
     </span>
     <span class='ocr_line' id='line_1_36' title="bbox 402 1957 1801 2023; baseline 0.001 -25"><span class='ocrx_word' id='word_1_238' title='bbox 402 1957 654 1999; x_wconf 87' lang='lat' dir='ltr'>Samnitium</span> <span class='ocrx_word' id='word_1_239' title='bbox 692 1966 777 1998; x_wconf 87' lang='lat' dir='ltr'>arte</span> <span class='ocrx_word' id='word_1_240' title='bbox 814 1973 1029 2014; x_wconf 84' lang='lat' dir='ltr'>aggressus</span> <span class='ocrx_word' id='word_1_241' title='bbox 1060 1957 1314 2013; x_wconf 88' lang='lat' dir='ltr'>perpulerat,</span> <span class='ocrx_word' id='word_1_242' title='bbox 1342 1967 1402 2007; x_wconf 88' lang='lat' dir='ltr'>ut,</span> <span class='ocrx_word' id='word_1_243' title='bbox 1433 1958 1634 2023; x_wconf 78' lang='lat' dir='ltr'>quoniam</span> <span class='ocrx_word' id='word_1_244' title='bbox 1665 1958 1801 2000; x_wconf 89' lang='lat' dir='ltr'>omnis</span> 
     </span>
     <span class='ocr_line' id='line_1_37' title="bbox 400 1990 1800 2071; baseline 0.001 -16"><span class='ocrx_word' id='word_1_245' title='bbox 400 2015 620 2056; x_wconf 87' lang='lat' dir='ltr'>Romanus</span> <span class='ocrx_word' id='word_1_246' title='bbox 655 2015 865 2056; x_wconf 87' lang='lat' dir='ltr'>exercitus</span> <span class='ocrx_word' id='word_1_247' title='bbox 901 2023 973 2055; x_wconf 88' lang='lat' dir='ltr'>aut</span> <span class='ocrx_word' id='word_1_248' title='bbox 1008 2015 1118 2055; x_wconf 89' lang='lat' dir='ltr'>circa</span> <span class='ocrx_word' id='word_1_249' title='bbox 1148 1990 1407 2071; x_wconf 67' lang='lat' dir='ltr'>Palaepolim</span> <span class='ocrx_word' id='word_1_250' title='bbox 1443 2024 1516 2056; x_wconf 90' lang='lat' dir='ltr'>aut</span> <span class='ocrx_word' id='word_1_251' title='bbox 1548 2016 1593 2056; x_wconf 90' lang='lat' dir='ltr'>in</span> <span class='ocrx_word' id='word_1_252' title='bbox 1628 2015 1800 2057; x_wconf 87' lang='lat' dir='ltr'>Samnio</span> 
     </span>
     <span class='ocr_line' id='line_1_38' title="bbox 399 2072 1799 2129; baseline 0.001 -16"><span class='ocrx_word' id='word_1_253' title='bbox 399 2081 519 2122; x_wconf 91' lang='lat' dir='ltr'>esset,</span> <span class='ocrx_word' id='word_1_254' title='bbox 552 2073 708 2113; x_wconf 85' lang='lat' dir='ltr'>sineret</span> <span class='ocrx_word' id='word_1_255' title='bbox 738 2088 780 2113; x_wconf 90' lang='lat' dir='ltr'>se</span> <span class='ocrx_word' id='word_1_256' title='bbox 813 2072 940 2113; x_wconf 86' lang='lat' dir='ltr'>classe</span> <span class='ocrx_word' id='word_1_257' title='bbox 978 2072 1235 2113; x_wconf 84' lang='grc'><strong>011011111110111</strong></span> <span class='ocrx_word' id='word_1_258' title='bbox 1271 2073 1324 2114; x_wconf 83' lang='grc'>3(1</span> <span class='ocrx_word' id='word_1_259' title='bbox 1359 2073 1601 2114; x_wconf 86' lang='lat' dir='ltr'>Romanum</span> <span class='ocrx_word' id='word_1_260' title='bbox 1637 2088 1799 2129; x_wconf 83' lang='lat' dir='ltr'>agrum,</span> 
     </span>
     <span class='ocr_line' id='line_1_39' title="bbox 398 2129 1802 2188; baseline 0.001 -18"><span class='ocrx_word' id='word_1_261' title='bbox 398 2145 486 2171; x_wconf 89' lang='lat' dir='ltr'>non</span> <span class='ocrx_word' id='word_1_262' title='bbox 508 2145 623 2171; x_wconf 87' lang='lat' dir='ltr'>oram</span> <span class='ocrx_word' id='word_1_263' title='bbox 648 2130 775 2171; x_wconf 88' lang='lat' dir='ltr'>modo</span> <span class='ocrx_word' id='word_1_264' title='bbox 801 2131 937 2179; x_wconf 86' lang='grc'><strong>1113115,</strong></span> <span class='ocrx_word' id='word_1_265' title='bbox 961 2129 1073 2170; x_wconf 87' lang='lat' dir='ltr'>sed</span> <span class='ocrx_word' id='word_1_266' title='bbox 1063 2130 1143 2186; x_wconf 81' lang='lat' dir='ltr'>ipsi</span> <span class='ocrx_word' id='word_1_267' title='bbox 1173 2130 1266 2171; x_wconf 89' lang='lat' dir='ltr'>urbi</span> <span class='ocrx_word' id='word_1_268' title='bbox 1293 2131 1532 2187; x_wconf 88' lang='lat' dir='ltr'>propinqua</span> <span class='ocrx_word' id='word_1_269' title='bbox 1558 2130 1650 2172; x_wconf 89' lang='lat' dir='ltr'>loca</span> <span class='ocrx_word' id='word_1_270' title='bbox 1669 2131 1802 2188; x_wconf 90' lang='lat' dir='ltr'>depo-</span> 
     </span>
     <span class='ocr_line' id='line_1_40' title="bbox 398 2187 1798 2244; baseline 0.001 -16"><span class='ocrx_word' id='word_1_271' title='bbox 398 2187 654 2243; x_wconf 90' lang='lat' dir='ltr'>pulaturum.</span> <span class='ocrx_word' id='word_1_272' title='bbox 721 2187 818 2237; x_wconf 88' lang='lat' dir='ltr'>Sed,</span> <span class='ocrx_word' id='word_1_273' title='bbox 856 2196 903 2228; x_wconf 88' lang='lat' dir='ltr'>ut</span> <span class='ocrx_word' id='word_1_274' title='bbox 937 2187 1111 2237; x_wconf 88' lang='lat' dir='ltr'>falleret,</span> <span class='ocrx_word' id='word_1_275' title='bbox 1146 2196 1269 2228; x_wconf 90' lang='lat' dir='ltr'>nocte</span> <span class='ocrx_word' id='word_1_276' title='bbox 1306 2188 1660 2244; x_wconf 89' lang='lat' dir='ltr'>proficiscendum</span> <span class='ocrx_word' id='word_1_277' title='bbox 1696 2204 1798 2239; x_wconf 88' lang='lat' dir='ltr'>esse,</span> 
     </span>
     <span class='ocr_line' id='line_1_41' title="bbox 399 2244 1798 2309; baseline 0.001 -24"><span class='ocrx_word' id='word_1_278' title='bbox 399 2244 698 2309; x_wconf 81' lang='lat' dir='ltr'>extemploque</span> <span class='ocrx_word' id='word_1_279' title='bbox 720 2260 846 2285; x_wconf 89' lang='lat' dir='ltr'>naves</span> <span class='ocrx_word' id='word_1_280' title='bbox 868 2245 1149 2286; x_wconf 87' lang='lat' dir='ltr'>deducendas.</span> <span class='ocrx_word' id='word_1_281' title='bbox 1198 2244 1327 2293; x_wconf 82' lang='lat' dir='ltr'>Quod</span> <span class='ocrx_word' id='word_1_282' title='bbox 1344 2261 1429 2301; x_wconf 93' lang='lat' dir='ltr'>quo</span> <span class='ocrx_word' id='word_1_283' title='bbox 1446 2246 1650 2287; x_wconf 88' lang='lat' dir='ltr'>maturius</span> <span class='ocrx_word' id='word_1_284' title='bbox 1665 2246 1798 2296; x_wconf 87' lang='lat' dir='ltr'>fieret,</span> 
     </span>
     <span class='ocr_line' id='line_1_42' title="bbox 400 2302 1800 2367; baseline 0.001 -25"><span class='ocrx_word' id='word_1_285' title='bbox 400 2317 535 2343; x_wconf 82' lang='lat' dir='ltr'>omnis</span> <span class='ocrx_word' id='word_1_286' title='bbox 556 2317 626 2343; x_wconf 90' lang='grc'><strong>1111</strong></span> <span class='ocrx_word' id='word_1_287' title='bbox 630 2311 752 2343; x_wconf 87' lang='lat' dir='ltr'>entus</span> <span class='ocrx_word' id='word_1_288' title='bbox 773 2302 1039 2367; x_wconf 79' lang='lat' dir='ltr'>Samnitium,</span> <span class='ocrx_word' id='word_1_289' title='bbox 1057 2311 1223 2358; x_wconf 88' lang='lat' dir='ltr'>praeter</span> <span class='ocrx_word' id='word_1_290' title='bbox 1242 2303 1523 2344; x_wconf 87' lang='lat' dir='ltr'>necessarium</span> <span class='ocrx_word' id='word_1_291' title='bbox 1545 2303 1659 2344; x_wconf 89' lang='lat' dir='ltr'>urbis</span> <span class='ocrx_word' id='word_1_292' title='bbox 1678 2318 1800 2359; x_wconf 91' lang='lat' dir='ltr'>prae-</span> 
     </span>
     <span class='ocr_line' id='line_1_43' title="bbox 399 2359 1799 2417; baseline 0.001 -17"><span class='ocrx_word' id='word_1_293' title='bbox 399 2359 567 2409; x_wconf 88' lang='lat' dir='ltr'>sidium,</span> <span class='ocrx_word' id='word_1_294' title='bbox 591 2359 645 2400; x_wconf 90' lang='lat' dir='ltr'>ad</span> <span class='ocrx_word' id='word_1_295' title='bbox 666 2359 764 2400; x_wconf 90' lang='lat' dir='ltr'>litus</span> <span class='ocrx_word' id='word_1_296' title='bbox 784 2359 918 2400; x_wconf 90' lang='lat' dir='ltr'>missa.</span> <span class='ocrx_word' id='word_1_297' title='bbox 984 2359 1071 2400; x_wconf 90' lang='lat' dir='ltr'>Ubi</span> <span class='ocrx_word' id='word_1_298' title='bbox 1093 2360 1195 2400; x_wconf 89' lang='lat' dir='ltr'>dum</span> <span class='ocrx_word' id='word_1_299' title='bbox 1219 2359 1495 2417; x_wconf 87' lang='lat' dir='ltr'>Nymphius</span> <span class='ocrx_word' id='word_1_300' title='bbox 1484 2375 1529 2400; x_wconf 92' lang='lat' dir='ltr'>1n</span> <span class='ocrx_word' id='word_1_301' title='bbox 1550 2361 1735 2402; x_wconf 89' lang='lat' dir='ltr'>tenebris</span> <span class='ocrx_word' id='word_1_302' title='bbox 1756 2369 1799 2402; x_wconf 92' lang='lat' dir='ltr'>et</span> 
     </span>
     <span class='ocr_line' id='line_1_44' title="bbox 399 2416 1800 2484; baseline 0.001 -27"><span class='ocrx_word' id='word_1_303' title='bbox 399 2416 672 2458; x_wconf 88' lang='lat' dir='ltr'>multitudine</span> <span class='ocrx_word' id='word_1_304' title='bbox 696 2426 828 2458; x_wconf 90' lang='lat' dir='ltr'>semet</span> <span class='ocrx_word' id='word_1_305' title='bbox 848 2417 938 2472; x_wconf 88' lang='lat' dir='ltr'>ipsa</span> <span class='ocrx_word' id='word_1_306' title='bbox 958 2417 1231 2472; x_wconf 88' lang='lat' dir='ltr'>impediente,</span> <span class='ocrx_word' id='word_1_307' title='bbox 1249 2417 1396 2458; x_wconf 90' lang='lat' dir='ltr'>sedulo</span> <span class='ocrx_word' id='word_1_308' title='bbox 1412 2417 1502 2458; x_wconf 89' lang='lat' dir='ltr'>aliis</span> <span class='ocrx_word' id='word_1_309' title='bbox 1522 2417 1634 2458; x_wconf 87' lang='grc'><strong>3113</strong></span> <span class='ocrx_word' id='word_1_310' title='bbox 1622 2418 1800 2484; x_wconf 78' lang='lat' dir='ltr'>imperia</span> 
     </span>
     <span class='ocr_line' id='line_1_45' title="bbox 398 2472 1798 2531; baseline 0.001 -17"><span class='ocrx_word' id='word_1_311' title='bbox 398 2474 582 2524; x_wconf 88' lang='lat' dir='ltr'>turbans,</span> <span class='ocrx_word' id='word_1_312' title='bbox 606 2474 704 2515; x_wconf 90' lang='lat' dir='ltr'>terit</span> <span class='ocrx_word' id='word_1_313' title='bbox 725 2482 916 2530; x_wconf 89' lang='lat' dir='ltr'>tempus·</span> <span class='ocrx_word' id='word_1_314' title='bbox 906 2506 917 2523; x_wconf 90' lang='lat'>,</span> <span class='ocrx_word' id='word_1_315' title='bbox 954 2472 1189 2524; x_wconf 88' lang='lat' dir='ltr'>Charilaus,</span> <span class='ocrx_word' id='word_1_316' title='bbox 1212 2490 1266 2515; x_wconf 91' lang='lat' dir='ltr'>ex</span> <span class='ocrx_word' id='word_1_317' title='bbox 1287 2475 1517 2531; x_wconf 91' lang='lat' dir='ltr'>composito</span> <span class='ocrx_word' id='word_1_318' title='bbox 1538 2475 1590 2516; x_wconf 89' lang='lat' dir='ltr'>ab</span> <span class='ocrx_word' id='word_1_319' title='bbox 1611 2475 1732 2517; x_wconf 87' lang='lat' dir='ltr'>sociis</span> <span class='ocrx_word' id='word_1_320' title='bbox 1751 2475 1798 2516; x_wconf 90' lang='lat' dir='ltr'>in</span> 
     </span>
    </p>
   </div>
   <div class='ocr_carea' id='block_1_6' title="bbox 396 2612 1797 2991">
    <p class='ocr_par' dir='ltr' id='par_1_6' title="bbox 396 2612 1797 2991">
     <span class='ocr_line' id='line_1_46' title="bbox 442 2612 1797 2654; baseline 0 -9"><span class='ocrx_word' id='word_1_321' title='bbox 442 2624 459 2654; x_wconf 83' lang='lat'>3</span> <span class='ocrx_word' id='word_1_322' title='bbox 483 2615 696 2654; x_wconf 76' lang='lat' dir='ltr'>Intersaeptis</span> <span class='ocrx_word' id='word_1_323' title='bbox 712 2614 934 2651; x_wconf 75' lang='lat' dir='ltr'>munimentis]</span> <span class='ocrx_word' id='word_1_324' title='bbox 968 2612 1077 2644; x_wconf 86' lang='lat' dir='ltr'>Muni-</span> <span class='ocrx_word' id='word_1_325' title='bbox 1120 2613 1231 2642; x_wconf 87' lang='lat' dir='ltr'>urbem</span> <span class='ocrx_word' id='word_1_326' title='bbox 1260 2613 1332 2643; x_wconf 86' lang='lat' dir='ltr'>loco</span> <span class='ocrx_word' id='word_1_327' title='bbox 1355 2616 1452 2652; x_wconf 86' lang='lat' dir='ltr'>capto</span> <span class='ocrx_word' id='word_1_328' title='bbox 1477 2612 1665 2644; x_wconf 83' lang='lat' dir='ltr'>societatem</span> <span class='ocrx_word' id='word_1_329' title='bbox 1690 2613 1797 2646; x_wconf 87' lang='lat' dir='ltr'>mutui</span> 
     </span>
     <span class='ocr_line' id='line_1_47' title="bbox 396 2654 1744 2696; baseline 0.001 -9"><span class='ocrx_word' id='word_1_330' title='bbox 396 2661 508 2687; x_wconf 85' lang='lat' dir='ltr'>menta</span> <span class='ocrx_word' id='word_1_331' title='bbox 531 2657 583 2687; x_wconf 86' lang='lat' dir='ltr'>hic</span> <span class='ocrx_word' id='word_1_332' title='bbox 606 2655 817 2696; x_wconf 86' lang='lat' dir='ltr'>intelligimus</span> <span class='ocrx_word' id='word_1_333' title='bbox 833 2655 964 2686; x_wconf 85' lang='lat' dir='ltr'>brachia</span> <span class='ocrx_word' id='word_1_334' title='bbox 979 2665 999 2685; x_wconf 86' lang='lat' dir='ltr'>a</span> <span class='ocrx_word' id='word_1_335' title='bbox 1015 2656 1076 2685; x_wconf 84' lang='lat' dir='ltr'>Pa·</span> <span class='ocrx_word' id='word_1_336' title='bbox 1121 2654 1234 2685; x_wconf 84' lang='lat' dir='ltr'>auxilii</span> <span class='ocrx_word' id='word_1_337' title='bbox 1250 2655 1396 2685; x_wconf 77' lang='lat' dir='ltr'>hostibus</span> <span class='ocrx_word' id='word_1_338' title='bbox 1411 2655 1615 2688; x_wconf 86' lang='lat' dir='ltr'>diremerant.</span> <span class='ocrx_word' id='word_1_339' title='bbox 1637 2657 1744 2689; x_wconf 72' lang='lat' dir='ltr'>CREV.</span> 
     </span>
     <span class='ocr_line' id='line_1_48' title="bbox 398 2698 1795 2739; baseline 0 -9"><span class='ocrx_word' id='word_1_340' title='bbox 398 2699 518 2739; x_wconf 86' lang='lat' dir='ltr'>laepoli</span> <span class='ocrx_word' id='word_1_341' title='bbox 542 2700 583 2730; x_wconf 90' lang='lat' dir='ltr'>ad</span> <span class='ocrx_word' id='word_1_342' title='bbox 600 2698 779 2738; x_wconf 87' lang='lat' dir='ltr'>Neapolim</span> <span class='ocrx_word' id='word_1_343' title='bbox 795 2699 904 2734; x_wconf 80' lang='lat' dir='ltr'>ducta,</span> <span class='ocrx_word' id='word_1_344' title='bbox 920 2708 978 2738; x_wconf 92' lang='lat' dir='ltr'>per</span> <span class='ocrx_word' id='word_1_345' title='bbox 993 2708 1076 2736; x_wconf 87' lang='lat' dir='ltr'>quae</span> <span class='ocrx_word' id='word_1_346' title='bbox 1163 2708 1183 2735; x_wconf 90' lang='lat'><strong>4</strong></span> <span class='ocrx_word' id='word_1_347' title='bbox 1198 2699 1225 2727; x_wconf 77' lang='lat' dir='ltr'><em>A</em></span> <span class='ocrx_word' id='word_1_348' title='bbox 1241 2699 1372 2729; x_wconf 81' lang='lat' dir='ltr'>suismet</span> <span class='ocrx_word' id='word_1_349' title='bbox 1384 2699 1463 2738; x_wconf 81' lang='lat' dir='ltr'>ipsis</span> <span class='ocrx_word' id='word_1_350' title='bbox 1470 2700 1662 2738; x_wconf 79' lang='lat' dir='ltr'>praesidiis]</span> <span class='ocrx_word' id='word_1_351' title='bbox 1676 2700 1795 2730; x_wconf 85' lang='lat' dir='ltr'>sc.No-</span> 
     </span>
     <span class='ocr_line' id='line_1_49' title="bbox 399 2739 1797 2781; baseline 0.001 -9"><span class='ocrx_word' id='word_1_352' title='bbox 399 2743 483 2772; x_wconf 85' lang='lat' dir='ltr'>ultro</span> <span class='ocrx_word' id='word_1_353' title='bbox 500 2741 643 2781; x_wconf 90' lang='lat' dir='ltr'>citroque</span> <span class='ocrx_word' id='word_1_354' title='bbox 659 2751 840 2771; x_wconf 84' lang='lat' dir='ltr'>commeare</span> <span class='ocrx_word' id='word_1_355' title='bbox 861 2744 893 2770; x_wconf 86' lang='lat' dir='ltr'>et</span> <span class='ocrx_word' id='word_1_356' title='bbox 913 2740 972 2771; x_wconf 90' lang='lat' dir='ltr'>sibi</span> <span class='ocrx_word' id='word_1_357' title='bbox 995 2740 1074 2770; x_wconf 86' lang='lat' dir='ltr'>invi—</span> <span class='ocrx_word' id='word_1_358' title='bbox 1120 2739 1201 2770; x_wconf 86' lang='lat' dir='ltr'>lanis</span> <span class='ocrx_word' id='word_1_359' title='bbox 1209 2744 1240 2770; x_wconf 85' lang='lat' dir='ltr'>et</span> <span class='ocrx_word' id='word_1_360' title='bbox 1249 2739 1456 2771; x_wconf 82' lang='lat' dir='ltr'>Samnitibus.</span> <span class='ocrx_word' id='word_1_361' title='bbox 1473 2741 1625 2772; x_wconf 84' lang='lat' dir='ltr'>Ceterum</span> <span class='ocrx_word' id='word_1_362' title='bbox 1637 2743 1797 2773; x_wconf 68' lang='lat' dir='ltr'>awismet</span> 
     </span>
     <span class='ocr_line' id='line_1_50' title="bbox 398 2783 1794 2823; baseline 0.002 -11"><span class='ocrx_word' id='word_1_363' title='bbox 398 2794 469 2814; x_wconf 85' lang='lat' dir='ltr'>cem</span> <span class='ocrx_word' id='word_1_364' title='bbox 495 2784 654 2815; x_wconf 86' lang='lat' dir='ltr'>auxilium</span> <span class='ocrx_word' id='word_1_365' title='bbox 681 2784 763 2814; x_wconf 82' lang='lat' dir='ltr'>ferre</span> <span class='ocrx_word' id='word_1_366' title='bbox 788 2783 906 2814; x_wconf 84' lang='lat' dir='ltr'>Graeci</span> <span class='ocrx_word' id='word_1_367' title='bbox 933 2788 1073 2823; x_wconf 87' lang='lat' dir='ltr'>possent.</span> <span class='ocrx_word' id='word_1_368' title='bbox 1118 2783 1181 2822; x_wconf 77' lang='lat' dir='ltr'>ipsi</span> <span class='ocrx_word' id='word_1_369' title='bbox 1200 2784 1375 2822; x_wconf 78' lang='lat' dir='ltr'>praesidiis</span> <span class='ocrx_word' id='word_1_370' title='bbox 1394 2783 1537 2823; x_wconf 87' lang='lat' dir='ltr'>reposuit</span> <span class='ocrx_word' id='word_1_371' title='bbox 1553 2783 1707 2823; x_wconf 87' lang='lat' dir='ltr'>Bekker.,</span> <span class='ocrx_word' id='word_1_372' title='bbox 1721 2794 1794 2815; x_wconf 83' lang='lat' dir='ltr'>nec-</span> 
     </span>
     <span class='ocr_line' id='line_1_51' title="bbox 399 2825 1794 2865; baseline 0.002 -11"><span class='ocrx_word' id='word_1_373' title='bbox 399 2825 474 2856; x_wconf 86' lang='lat' dir='ltr'>Vid.</span> <span class='ocrx_word' id='word_1_374' title='bbox 503 2837 587 2865; x_wconf 91' lang='lat' dir='ltr'>supr.</span> <span class='ocrx_word' id='word_1_375' title='bbox 617 2835 667 2865; x_wconf 81' lang='lat'>23.</span> <span class='ocrx_word' id='word_1_376' title='bbox 719 2827 814 2856; x_wconf 85' lang='lat' dir='ltr'>Haec</span> <span class='ocrx_word' id='word_1_377' title='bbox 843 2825 940 2865; x_wconf 88' lang='lat' dir='ltr'>igitur</span> <span class='ocrx_word' id='word_1_378' title='bbox 968 2825 1072 2855; x_wconf 90' lang='lat' dir='ltr'>muni-</span> <span class='ocrx_word' id='word_1_379' title='bbox 1118 2835 1182 2855; x_wconf 86' lang='lat' dir='ltr'>non</span> <span class='ocrx_word' id='word_1_380' title='bbox 1207 2835 1265 2864; x_wconf 91' lang='lat' dir='ltr'>pro</span> <span class='ocrx_word' id='word_1_381' title='bbox 1286 2826 1423 2865; x_wconf 73' lang='lat' dir='ltr'>indiyna</span> <span class='ocrx_word' id='word_1_382' title='bbox 1438 2828 1503 2856; x_wconf 79' lang='lat' dir='ltr'>iam</span> <span class='ocrx_word' id='word_1_383' title='bbox 1525 2826 1644 2864; x_wconf 80' lang='lat' dir='ltr'>liberis,</span> <span class='ocrx_word' id='word_1_384' title='bbox 1658 2827 1794 2865; x_wconf 71' lang='lat' dir='ltr'>indiqna</span> 
     </span>
     <span class='ocr_line' id='line_1_52' title="bbox 397 2867 1628 2905; baseline 0.002 -9"><span class='ocrx_word' id='word_1_385' title='bbox 397 2872 518 2904; x_wconf 81' lang='lat' dir='ltr'>menta,</span> <span class='ocrx_word' id='word_1_386' title='bbox 549 2868 615 2898; x_wconf 84' lang='lat' dir='ltr'>sive</span> <span class='ocrx_word' id='word_1_387' title='bbox 652 2868 783 2899; x_wconf 87' lang='lat' dir='ltr'>brachia</span> <span class='ocrx_word' id='word_1_388' title='bbox 815 2868 943 2898; x_wconf 86' lang='lat' dir='ltr'>fuerant</span> <span class='ocrx_word' id='word_1_389' title='bbox 978 2868 1074 2898; x_wconf 86' lang='lat' dir='ltr'>inter·</span> <span class='ocrx_word' id='word_1_390' title='bbox 1117 2868 1154 2897; x_wconf 80' lang='grc' dir='ltr'>’ἱη</span> <span class='ocrx_word' id='word_1_391' title='bbox 1170 2868 1289 2905; x_wconf 81' lang='lat' dir='ltr'>liberis,</span> <span class='ocrx_word' id='word_1_392' title='bbox 1305 2872 1436 2898; x_wconf 84' lang='lat' dir='ltr'>auctore</span> <span class='ocrx_word' id='word_1_393' title='bbox 1453 2867 1628 2899; x_wconf 88' lang='lat' dir='ltr'>Gronovio.</span> 
     </span>
     <span class='ocr_line' id='line_1_53' title="bbox 397 2909 1791 2949; baseline 0.001 -12"><span class='ocrx_word' id='word_1_394' title='bbox 397 2913 520 2947; x_wconf 84' lang='lat' dir='ltr'>saepta,</span> <span class='ocrx_word' id='word_1_395' title='bbox 543 2910 609 2940; x_wconf 84' lang='lat' dir='ltr'>sive</span> <span class='ocrx_word' id='word_1_396' title='bbox 632 2910 823 2949; x_wconf 83' lang='lat' dir='ltr'>interrupta,</span> <span class='ocrx_word' id='word_1_397' title='bbox 851 2910 1001 2941; x_wconf 86' lang='lat' dir='ltr'>intercisa</span> <span class='ocrx_word' id='word_1_398' title='bbox 1032 2910 1073 2940; x_wconf 87' lang='lat' dir='ltr'>ab</span> <span class='ocrx_word' id='word_1_399' title='bbox 1162 2917 1178 2948; x_wconf 90' lang='lat'>5</span> <span class='ocrx_word' id='word_1_400' title='bbox 1202 2910 1373 2940; x_wconf 78' lang='lat' dir='ltr'>Praesidio</span> <span class='ocrx_word' id='word_1_401' title='bbox 1387 2911 1434 2948; x_wconf 81' lang='lat' dir='ltr'>ei]</span> <span class='ocrx_word' id='word_1_402' title='bbox 1464 2909 1556 2940; x_wconf 87' lang='lat' dir='ltr'>Huic</span> <span class='ocrx_word' id='word_1_403' title='bbox 1570 2909 1710 2939; x_wconf 83' lang='lat' dir='ltr'>militum</span> <span class='ocrx_word' id='word_1_404' title='bbox 1726 2918 1791 2939; x_wconf 86' lang='lat' dir='ltr'>ma-</span> 
     </span>
     <span class='ocr_line' id='line_1_54' title="bbox 396 2949 1771 2991; baseline 0.002 -11"><span class='ocrx_word' id='word_1_405' title='bbox 396 2949 567 2987; x_wconf 84' lang='lat' dir='ltr'>Romanis,</span> <span class='ocrx_word' id='word_1_406' title='bbox 589 2951 644 2989; x_wconf 87' lang='lat' dir='ltr'>qui</span> <span class='ocrx_word' id='word_1_407' title='bbox 667 2952 775 2982; x_wconf 90' lang='lat' dir='ltr'>medio</span> <span class='ocrx_word' id='word_1_408' title='bbox 796 2952 882 2983; x_wconf 85' lang='lat' dir='ltr'>inter</span> <span class='ocrx_word' id='word_1_409' title='bbox 902 2956 1074 2991; x_wconf 84' lang='lat' dir='ltr'>utramque</span> <span class='ocrx_word' id='word_1_410' title='bbox 1117 2951 1172 2981; x_wconf 88' lang='lat' dir='ltr'>nui</span> <span class='ocrx_word' id='word_1_411' title='bbox 1188 2951 1221 2982; x_wconf 87' lang='lat' dir='ltr'>in</span> <span class='ocrx_word' id='word_1_412' title='bbox 1237 2951 1432 2991; x_wconf 81' lang='lat' dir='ltr'>praesidium</span> <span class='ocrx_word' id='word_1_413' title='bbox 1449 2951 1635 2983; x_wconf 75' lang='lat' dir='ltr'>mittendae.</span> <span class='ocrx_word' id='word_1_414' title='bbox 1660 2950 1771 2983; x_wconf 71' lang='lat' dir='ltr'>Donn-</span> 
     </span>
    </p>
   </div>
  </div>
 </body>
</html>
