1934 3211
461 174 540 212 110
973 171 1121 214 ΤΙΤΙ
1158 171 1336 214 LIVII

241 267 284 299 U
302 268 339 299 C.
358 266 428 298 261
456 271 611 304 temere
652 273 874 320 arreptum,
917 264 1232 305 imminentibus
1278 278 1397 304 muro
1444 262 1644 304 aedificiis
1683 261 1839 303 iniecit.

239 311 279 341 Α·
303 310 340 342 C·
358 320 429 352 491·
460 319 631 361 Clamor
676 321 774 363 inde
823 322 1138 378 oppidanorum,
1180 321 1336 362 mixtus
1377 320 1568 361 muliebri
1607 319 1841 376 puerilique

455 377 629 433 plolatu,
660 379 711 419 ad
743 388 953 428 terrorem,
986 389 1033 420 ut
1065 379 1179 428 solet,
1208 379 1389 435 primum
1418 387 1530 419 ortus
1561 386 1604 419 et
1640 377 1873 418 Romanisz

455 436 572 476 auxit
595 436 794 487 animum,
821 447 864 478 et
895 437 1073 477 turbavit
1100 411 1286 485 Volscos,
1313 446 1457 492 utpote
1484 444 1604 491 capta
1633 436 1747 484 urbe,
1775 434 1843 476 cui

456 492 509 533 ad
547 493 760 534 ferendam
801 510 924 550 opem
959 503 1170 535 venerant.
1233 493 1298 534 Ita
1337 494 1416 534 fusi
1456 493 1598 534 Volsci
1635 492 1841 541 Antiates,

460 549 617 592 Corioli
658 552 860 607 oppidum
900 560 1093 607 captum:
1139 560 1385 606 tantumque
1422 566 1495 591 sua
1526 550 1648 591 laude
1686 549 1844 591 obstitit

456 608 587 649 famae
621 609 799 649 consulis
832 609 1028 658 Marcius,
1061 618 1120 658 ut,
1151 609 1230 650 nisi
1259 608 1404 649 foedus
1440 623 1534 649 cum
1569 607 1743 656 Latinis,
1775 622 1876 653 co-3

456 665 600 706 lumna
627 681 757 706 aenea
787 666 1053 722 insculptum,
1077 674 1349 707 monumento
1378 675 1497 715 esset,
1520 665 1571 705 ab
1596 664 1664 720 Sp.
1699 664 1844 705 Cassio

459 738 557 772 uno,
596 723 694 779 quia
729 723 887 779 collega
922 724 1091 773 afuerat,
1128 724 1270 773 ictum,
1308 723 1556 764 Postumum
1600 721 1878 766 Cominium4

456 780 611 820 bellum
631 781 801 836 gessisse
825 796 921 821 cum
946 780 1116 830 Volscis,
1148 781 1347 822 memoria
1368 780 1565 821 cessisset.

518 837 679 878 Eodem
711 853 821 879 anno
847 838 1038 894 Agrippa
1062 838 1289 880 Menenius
1317 839 1502 887 moritur,
1531 837 1594 878 vir
1621 837 1735 878 omni
1761 837 1847 879 vita

458 895 611 950 pariter
643 894 834 936 Patribus
867 912 913 937 ac
949 896 1061 952 plebi
1097 912 1236 945 carus3
1278 904 1372 953 post
1406 895 1681 937 secessionem
1716 895 1847 936 carior

458 951 570 1007 plebi
586 952 728 993 factus
792 952 905 994 Huic
926 954 1143 1010 interpreti
1164 954 1398 1009 arbitroque
1416 953 1661 994 concordiae
1679 952 1844 1002 civium,

458 1009 596 1065 legato
628 1010 801 1051 Patrum
841 1011 894 1051 ad
925 1011 1103 1066 plebem,
1137 1012 1345 1053 reductori
1384 1010 1516 1067 plebis
1554 1011 1769 1051 Romanae
1802 1010 1847 1050 in

460 1068 606 1108 urbem
627 1077 815 1124 sumptus
842 1068 978 1109 funeri
999 1068 1143 1109 defuit.
1207 1068 1372 1110 Extulit
1392 1084 1488 1109 eum
1509 1068 1626 1124 plebs
1647 1068 1878 1111 sextanti-5

459 1125 536 1166 bus
558 1125 746 1166 60113113
736 1141 779 1166 111
802 1126 946 1182 capita.

243 844 317 892 Agr.
335 843 446 874 Mene-

242 897 287 916 nn
302 896 395 916 mors.

313 1183 380 1221 34.
521 1181 727 1224 Consules
757 1183 910 1225 deinde
943 1184 993 1225 T.
1028 1183 1254 1240 Geganius,
1287 1183 1334 1224 P.
1366 1183 1581 1224 Minucius
1609 1183 1718 1224 facti.
1783 1182 1848 1224 Eo

244 1239 289 1312 Η·
306 1239 346 1312 g·
363 1236 434 1321 {2²-
462 1256 584 1290 anno,
611 1256 742 1296 quum
771 1250 813 1282 et
843 1241 939 1282 foris
967 1241 1110 1297 quieta
1140 1242 1280 1283 omnia
1306 1257 1331 1282 a
1356 1240 1465 1282 bello
1489 1250 1638 1290 essent,
1668 1250 1711 1281 et
1733 1240 1849 1282 (101111

244 1325 283 1355 Τ
293 1324 450 1363 Gegamo,
462 1307 603 1339 sanata
629 1298 847 1364 djscmdia,
872 1299 986 1340 aliud
1012 1299 1144 1341 multo
1171 1299 1334 1355 gravius
1366 1298 1521 1339 malum
1549 1298 1758 1340 civitatem
1784 1298 1849 1339 in·
1861 1330 1881 1363 6

245 1368 282 1398 P.
295 1366 440 1397 Minucio
462 1356 589 1396 xasit:
624 1356 768 1397 caritas
788 1357 969 1412 primum
990 1372 1193 1406 annonae,
1217 1372 1270 1398 ex
1290 1356 1457 1398 incultis
1476 1371 1552 1412 per
1575 1356 1848 1397 secessionem
1864 1382 1881 1414 7

244 1410 335 1483 goss.
462 1413 594 1469 plebis
622 1413 751 1469 agris3
784 1414 913 1454 fames
940 1414 1106 1464 deinde,
1130 1414 1261 1470 qualis
1289 1414 1436 1455 clausis
1464 1414 1578 1455 30101.
1640 1413 1850 1455 Ventum-

244 1456 401 1527 ὃέῐξΐῐῗὲθ
462 1486 544 1526 que
566 1470 619 1511 ad
639 1471 854 1511 interitum
875 1472 1134 1512 servitiorum
1155 1472 1300 1528 utique
1323 1481 1365 1513 et
1391 1471 1524 1528 plebis
1545 1479 1663 1521 esset,
1685 1471 1730 1512 ni
1750 1486 1851 1513 con-

460 1528 570 1569 sules
596 1528 882 1584 providissent,
912 1529 1089 1570 dimissis
1114 1530 1265 1585 passim
1294 1529 1347 1570 ad
1372 1530 1629 1570 frumentum
1657 1544 1850 1570 coemen-

460 1586 575 1636 dum,
606 1601 693 1627 non
732 1586 776 1626 in
814 1586 1022 1627 Etruriam
1058 1586 1182 1627 modo
1217 1587 1374 1628 dextris
1407 1587 1457 1628 ab
1496 1586 1615 1628 Ostia
1648 1587 1848 1636 litoribus,

460 1643 661 1699 laevoque
683 1659 758 1700 per
779 1643 954 1685 Volscos
975 1644 1078 1684 mari
1098 1659 1230 1700 usque
1252 1644 1305 1685 ad
1329 1643 1497 1694 Cumas,
1520 1644 1594 1685 sed
1615 1644 1849 1700 quaesitum

462 1701 508 1742 in
551 1700 733 1742 Siciliam
773 1717 969 1757 quoque:
1019 1701 1124 1743 adeo
1163 1701 1435 1743 finitimorum
1476 1702 1572 1742 odia
1610 1701 1882 1758 longinquis8

463 1767 686 1815 coegerant
724 1759 911 1815 indigere
955 1759 1129 1800 auxiliis.
1212 1758 1487 1800 Frumentum
1531 1758 1678 1800 Cumis
1718 1774 1850 1815 quum

463 1825 702 1873 coemptum
730 1826 849 1866 63301,
872 1832 996 1858 naves
1016 1832 1091 1872 pro
1118 1817 1237 1858 bonis
1265 1817 1590 1873 Tarquiniorum
1615 1817 1666 1858 ab
1688 1816 1850 1857 Aristo—

463 1873 587 1915 demo
618 1882 806 1930 tyranno,
834 1875 906 1930 qui
937 1874 1057 1915 heres
1088 1882 1186 1924 erat,
1218 1883 1404 1916 retentae
1435 1883 1543 1915 sunt.
1605 1873 1658 1914 In
1686 1874 1882 1915 Volscis9

463 1932 773 1988 Pomptinoque
796 1947 848 1973 ne
870 1932 952 1973 emi
974 1932 1142 1988 quidem
1165 1932 1322 1988 potuit:
1356 1932 1589 1989 periculum
1609 1947 1778 1988 quoque
1799 1932 1851 1973 ab

465 2074 606 2105 Srizorn.
645 2073 797 2104 Refertur
808 2077 916 2104 autem
929 2075 1078 2113 proaez'ma
1093 2073 1135 2104 ad
1178 2075 1377 2104 seaetantibus
1399 2076 1556 2104 memorat
1578 2073 1654 2104 Aur.
1674 2073 1789 2104 Victor
1811 2074 1851 2104 de

465 2121 590 2156 portam
615 2120 646 2146 et
669 2126 785 2147 muros,
817 2117 855 2146 cf.
879 2116 950 2147 infr.
974 2116 1059 2147 xxvi.
1084 2126 1134 2155 40.
1181 2116 1222 2146 V.
1242 2117 1295 2147 Ill.
1316 2117 1362 2147 18.
1388 2116 1473 2146 RUP.

464 2161 485 2175 “
496 2159 528 2189 111
551 2159 658 2189 media
678 2159 763 2189 urbis
786 2163 817 2189 et
836 2159 964 2189 forum”
987 2169 1029 2190 sc.
1053 2160 1136 2197 loca,
1224 2158 1243 2190 6
1267 2160 1396 2190 Caritas
1421 2160 1562 2198 primum
1591 2160 1757 2197 annonae]
1797 2158 1851 2190 De

465 2203 521 2232 sed
529 2204 605 2241 foro
621 2202 725 2241 legere
741 2202 809 2232 vult
827 2202 924 2232 Doer.
1181 2212 1244 2241 qua
1261 2201 1332 2232 vide
1350 2202 1447 2232 Dion.
1465 2201 1515 2232 vii.
1537 2211 1562 2232 1.
1593 2202 1633 2232 cf.
1651 2201 1722 2232 infr.
1740 2201 1781 2232 iv.
1800 2209 1849 2241 52.

514 2255 531 2275 2
557 2246 706 2275 Primum
729 2246 833 2282 ortus]
854 2245 937 2284 vulg.
960 2245 1072 2275 Primo
1088 2255 1136 2275 or·
1182 2244 1236 2274 ubi
1263 2244 1398 2274 totidem
1422 2245 1488 2275 fere
1515 2243 1618 2275 verbis
1639 2245 1752 2275 eadem
1779 2254 1851 2275 eve—

466 2293 513 2324 tu,
540 2288 625 2328 quod
653 2288 832 2318 Rhenanus
856 2289 963 2317 statim
992 2287 1136 2326 exponit.
1180 2287 1262 2317 nisse
1279 2286 1422 2326 legimus.

467 2330 650 2361 Gronovius
679 2331 820 2369 primum
851 2334 938 2360 ortus
976 2330 1137 2367 emendat,
1226 2338 1243 2369 7
1266 2331 1321 2359 Eoe
1335 2330 1465 2360 incultis
1483 2339 1545 2368 per
1563 2330 1764 2360 secessionem
1782 2330 1850 2369 ple-

467 2374 552 2412 quod
568 2373 600 2403 in
619 2373 714 2403 MSS.
731 2373 920 2412 quibusdam
944 2376 1053 2402 extare
1075 2376 1136 2402 tes-

466 2420 553 2447 tatur
576 2417 668 2447 Crev.
685 2419 782 2454 atque
808 2415 840 2445 in
867 2418 992 2445 textum
1017 2415 1138 2454 recepit

467 2459 607 2490 Bekker.

512 2512 529 2541 3
553 2503 708 2533 Columna
731 2501 847 2538 aenea]
885 2500 923 2530 cf.
948 2499 1017 2531 Cic.
1042 2499 1136 2530 Balb.

468 2554 485 2575 2
512 2568 518 2575 .

491 2554 530 2626 34
545 2589 733 2617 Postumum
745 2585 938 2624 Cominium]
961 2586 1136 2616 Absentem

467 2630 573 2667 fuisse,
590 2633 625 2660 ut
648 2629 702 2669 qui
725 2629 836 2659 foedus
859 2638 931 2658 cum
950 2627 1073 2658 Latinis
1095 2628 1137 2658 ad

468 2672 576 2702 lucum
591 2672 781 2703 Ferentinae
791 2671 859 2711 ipse
870 2671 985 2701 feriret.
1000 2670 1135 2701 Niebhr.

469 2714 502 2744 ii.
520 2725 549 2753 p.
569 2724 616 2753 37.
642 2715 741 2745 Dion.
759 2714 798 2745 vi.
815 2724 865 2754 91.

513 2765 528 2794 5
552 2758 683 2787 Emtulit
705 2768 776 2787 eum
796 2757 902 2796 plebs]
932 2756 970 2786 cf.
994 2765 1080 2795 supr.
1104 2754 1136 2785 ii.

472 2797 517 2827 16.
565 2799 783 2835 Efi'erendurn,
807 2799 1025 2838 sepeliendum
1052 2808 1136 2828 cura-

469 2839 523 2871 vit.
548 2841 725 2879 sumptibus
749 2842 841 2878 datis,
862 2842 1069 2872 semantihus.
1095 2840 1134 2871 cf.

470 2882 542 2911 val.
568 2882 657 2912 Max.
683 2884 722 2913 iv.
747 2896 777 2922 4,
794 2894 821 2914 2.
848 2883 931 2914 Plin.
956 2883 1067 2914 xxxiii.
1089 2893 1135 2913 10.

469 2928 501 2954 61
517 2925 567 2962 48.
606 2924 703 2955 Dion.
723 2925 760 2955 vi.
777 2925 826 2965 96.
862 2927 1064 2962 Quadrantes
1080 2935 1137 2965 pro

1181 2373 1226 2402 bis
1249 2372 1353 2412 ayris]
1382 2371 1511 2410 Nempe
1533 2371 1665 2402 secessio
1687 2371 1745 2401 illa
1766 2372 1852 2402 ultra

1181 2414 1278 2444 trium
1294 2413 1451 2444 mensium
1465 2413 1603 2453 spatium
1616 2417 1761 2444 extracta
1771 2417 1851 2452 erat,

1181 2457 1277 2496 idque
1299 2456 1368 2496 ipso
1387 2455 1538 2487 sementis
1552 2460 1706 2496 tempore.
1752 2457 1851 2488 Plebs

1181 2499 1266 2529 enim
1287 2499 1415 2529 secessit
1430 2502 1504 2529 ante
1522 2499 1689 2529 Kalendas
1705 2499 1850 2539 Septem-

1180 2543 1260 2576 bres
1283 2552 1342 2572 nec
1369 2541 1462 2572 rediit
1484 2541 1516 2571 in
1543 2543 1666 2579 urbem,
1688 2541 1747 2573 nisi
1768 2552 1797 2573 a.
1817 2543 1850 2574 d.

1181 2594 1225 2616 1v.
1244 2585 1324 2614 Idus
1340 2584 1545 2614 Decembres.
1570 2584 1675 2615 CREv.

1223 2628 1241 2657 8
1270 2628 1314 2657 In
1342 2628 1500 2665 Siciliam]
1543 2626 1639 2657 Dion.
1668 2626 1719 2657 111.
1753 2636 1778 2657 1.
1809 2627 1850 2657 de

1181 2669 1307 2700 Gelone
1330 2670 1488 2709 quaedam
1511 2669 1684 2707 fabulatur,
1705 2670 1849 2700 nondum

1180 2723 1253 2743 vero
1265 2712 1427 2752 Syracusis
1439 2711 1522 2742 Gelo
1535 2712 1696 2752 regnabat.
1713 2711 1848 2742 Niebhr.

1179 2755 1211 2785 ii.
1251 2753 1278 2785 6.

1223 2765 1247 2838 3
1267 2799 1329 2834 Qui
1355 2798 1445 2828 heres
1468 2797 1554 2834 erat]
1599 2797 1676 2832 Quo
1700 2796 1768 2826 iure
1794 2795 1848 2826 he-

1179 2850 1228 2870 res
1243 2839 1488 2879 Tarquiniorum
1513 2844 1594 2869 esset
1617 2838 1848 2874 Aristodemus,

1180 2893 1243 2912 non
1260 2882 1371 2921 liquet.
1417 2881 1520 2912 Aliter
1539 2891 1604 2911 rem
1623 2883 1730 2911 narmt
1749 2879 1848 2911 Dion.

1180 2935 1275 2964 quem
1293 2924 1364 2955 vide
1381 2923 1431 2955 vii.
1451 2934 1478 2955 α.
1502 2924 1607 2954 Cnssv.
