<?xml version="1.0" encoding="UTF-8"?>
<!DOCTYPE html PUBLIC "-//W3C//DTD XHTML 1.0 Transitional//EN"
    "http://www.w3.org/TR/xhtml1/DTD/xhtml1-transitional.dtd">
<html xmlns="http://www.w3.org/1999/xhtml" xml:lang="en" lang="en">
 <head>
  <title>
</title>
<meta http-equiv="Content-Type" content="text/html;charset=utf-8" />
  <meta name='ocr-system' content='tesseract 3.04.00' />
  <meta name='ocr-capabilities' content='ocr_page ocr_carea ocr_par ocr_line ocrx_word'/>
</head>
<body>
  <div class='ocr_page' id='page_1' title='image "./historiarumli01livyuoft_0156.png"; bbox 0 0 1934 3211; ppageno 0'>
   <div class='ocr_carea' id='block_1_1' title="bbox 178 227 1812 433">
    <p class='ocr_par' dir='ltr' id='par_1_1' title="bbox 178 227 1812 433">
     <span class='ocr_line' id='line_1_1' title="bbox 401 227 1268 270; baseline 0.003 -3"><span class='ocrx_word' id='word_1_1' title='bbox 401 228 479 267; x_wconf 88' lang='lat'>144</span> <span class='ocrx_word' id='word_1_2' title='bbox 903 227 1050 269; x_wconf 87' lang='lat' dir='ltr'>TITI</span> <span class='ocrx_word' id='word_1_3' title='bbox 1092 227 1268 270; x_wconf 79' lang='lat' dir='ltr'>LIVII</span> 
     </span>
     <span class='ocr_line' id='line_1_2' title="bbox 179 318 1780 375; baseline 0.001 -17"><span class='ocrx_word' id='word_1_4' title='bbox 179 321 223 352; x_wconf 89' lang='lat' dir='ltr'><strong>U</strong></span> <span class='ocrx_word' id='word_1_5' title='bbox 240 321 278 352; x_wconf 87' lang='lat' dir='ltr'>C·</span> <span class='ocrx_word' id='word_1_6' title='bbox 296 320 367 353; x_wconf 83' lang='lat'>²86</span> <span class='ocrx_word' id='word_1_7' title='bbox 395 318 585 359; x_wconf 88' lang='lat' dir='ltr'>tentoriis</span> <span class='ocrx_word' id='word_1_8' title='bbox 612 319 802 375; x_wconf 87' lang='lat' dir='ltr'>quietum</span> <span class='ocrx_word' id='word_1_9' title='bbox 831 318 1006 360; x_wconf 90' lang='lat' dir='ltr'>militem</span> <span class='ocrx_word' id='word_1_10' title='bbox 1035 320 1230 369; x_wconf 85' lang='lat' dir='ltr'>iussisset,</span> <span class='ocrx_word' id='word_1_11' title='bbox 1254 318 1463 360; x_wconf 83' lang='grc' dir='ltr'>ΙΙο1111001</span> <span class='ocrx_word' id='word_1_12' title='bbox 1467 334 1535 360; x_wconf 86' lang='grc'>11111</span> <span class='ocrx_word' id='word_1_13' title='bbox 1564 318 1780 360; x_wconf 85' lang='lat' dir='ltr'>cohortem</span> 
     </span>
     <span class='ocr_line' id='line_1_3' title="bbox 178 363 1812 433; baseline 0.001 -18"><span class='ocrx_word' id='word_1_14' title='bbox 178 365 217 396; x_wconf 80' lang='grc' dir='ltr'><strong>Α</strong></span> <span class='ocrx_word' id='word_1_15' title='bbox 241 364 278 395; x_wconf 79' lang='lat' dir='ltr'>C·</span> <span class='ocrx_word' id='word_1_16' title='bbox 295 363 367 403; x_wconf 77' lang='lat'>46⁶·</span> <span class='ocrx_word' id='word_1_17' title='bbox 394 375 439 415; x_wconf 92' lang='lat' dir='ltr'>in</span> <span class='ocrx_word' id='word_1_18' title='bbox 459 376 680 417; x_wconf 87' lang='lat' dir='ltr'>stationem</span> <span class='ocrx_word' id='word_1_19' title='bbox 709 377 875 418; x_wconf 86' lang='lat' dir='ltr'>educit.</span> <span class='ocrx_word' id='word_1_20' title='bbox 909 377 1140 418; x_wconf 75' lang='lat' dir='ltr'>cornicines</span> <span class='ocrx_word' id='word_1_21' title='bbox 1161 377 1497 433; x_wconf 79' lang='lat' dir='ltr'>tubicinesque,</span> <span class='ocrx_word' id='word_1_22' title='bbox 1487 392 1531 417; x_wconf 92' lang='lat' dir='ltr'>1n</span> <span class='ocrx_word' id='word_1_23' title='bbox 1553 392 1682 433; x_wconf 92' lang='lat' dir='ltr'>equos</span> <span class='ocrx_word' id='word_1_24' title='bbox 1703 376 1812 417; x_wconf 87' lang='lat' dir='ltr'>im-7</span> 
     </span>
    </p>
   </div>
   <div class='ocr_carea' id='block_1_2' title="bbox 390 433 1812 2337">
    <p class='ocr_par' dir='ltr' id='par_1_2' title="bbox 390 433 1812 2337">
     <span class='ocr_line' id='line_1_4' title="bbox 393 433 1781 491; baseline 0.001 -17"><span class='ocrx_word' id='word_1_25' title='bbox 393 433 560 489; x_wconf 87' lang='lat' dir='ltr'>positos,</span> <span class='ocrx_word' id='word_1_26' title='bbox 583 449 731 476; x_wconf 89' lang='lat' dir='ltr'>canere</span> <span class='ocrx_word' id='word_1_27' title='bbox 760 443 855 476; x_wconf 88' lang='lat' dir='ltr'>ante</span> <span class='ocrx_word' id='word_1_28' title='bbox 883 434 1039 476; x_wconf 88' lang='lat' dir='ltr'>vallum</span> <span class='ocrx_word' id='word_1_29' title='bbox 1060 435 1187 485; x_wconf 89' lang='lat' dir='ltr'>iubet,</span> <span class='ocrx_word' id='word_1_30' title='bbox 1210 435 1517 491; x_wconf 87' lang='lat' dir='ltr'>sollicitumque</span> <span class='ocrx_word' id='word_1_31' title='bbox 1543 435 1707 476; x_wconf 82' lang='lat' dir='ltr'>hostem</span> <span class='ocrx_word' id='word_1_32' title='bbox 1727 434 1781 475; x_wconf 85' lang='lat' dir='ltr'>ad</span> 
     </span>
     <span class='ocr_line' id='line_1_5' title="bbox 390 490 1781 548; baseline 0.001 -17"><span class='ocrx_word' id='word_1_33' title='bbox 390 490 533 532; x_wconf 89' lang='lat' dir='ltr'>lucem</span> <span class='ocrx_word' id='word_1_34' title='bbox 562 499 715 534; x_wconf 86' lang='lat' dir='ltr'>tenere.</span> <span class='ocrx_word' id='word_1_35' title='bbox 780 492 1011 548; x_wconf 83' lang='lat' dir='ltr'>Reliquum</span> <span class='ocrx_word' id='word_1_36' title='bbox 1038 493 1172 533; x_wconf 84' lang='lat' dir='ltr'>noctis</span> <span class='ocrx_word' id='word_1_37' title='bbox 1193 493 1298 533; x_wconf 84' lang='lat' dir='ltr'>adeo</span> <span class='ocrx_word' id='word_1_38' title='bbox 1326 492 1551 548; x_wconf 88' lang='lat' dir='ltr'>tranquilla</span> <span class='ocrx_word' id='word_1_39' title='bbox 1571 492 1713 534; x_wconf 89' lang='lat' dir='ltr'>omnia</span> <span class='ocrx_word' id='word_1_40' title='bbox 1736 492 1781 532; x_wconf 93' lang='lat' dir='ltr'>in</span> 
     </span>
     <span class='ocr_line' id='line_1_6' title="bbox 393 549 1778 606; baseline 0.001 -17"><span class='ocrx_word' id='word_1_41' title='bbox 393 549 536 590; x_wconf 81' lang='lat' dir='ltr'>castris</span> <span class='ocrx_word' id='word_1_42' title='bbox 581 550 710 600; x_wconf 79' lang='lat' dir='ltr'>fueie,</span> <span class='ocrx_word' id='word_1_43' title='bbox 753 558 799 591; x_wconf 93' lang='lat' dir='ltr'>ut</span> <span class='ocrx_word' id='word_1_44' title='bbox 839 550 973 591; x_wconf 88' lang='lat' dir='ltr'>somni</span> <span class='ocrx_word' id='word_1_45' title='bbox 1025 565 1193 606; x_wconf 90' lang='lat' dir='ltr'>quoque</span> <span class='ocrx_word' id='word_1_46' title='bbox 1244 550 1446 590; x_wconf 84' lang='lat' dir='ltr'>Romanis</span> <span class='ocrx_word' id='word_1_47' title='bbox 1493 551 1614 606; x_wconf 84' lang='lat' dir='ltr'>copia</span> <span class='ocrx_word' id='word_1_48' title='bbox 1659 558 1778 591; x_wconf 89' lang='lat' dir='ltr'>esset.</span> 
     </span>
     <span class='ocr_line' id='line_1_7' title="bbox 393 606 1779 672; baseline 0 -24"><span class='ocrx_word' id='word_1_49' title='bbox 393 606 571 648; x_wconf 86' lang='lat' dir='ltr'>Volscos</span> <span class='ocrx_word' id='word_1_50' title='bbox 600 608 759 663; x_wconf 87' lang='lat' dir='ltr'>speeies</span> <span class='ocrx_word' id='word_1_51' title='bbox 789 616 1040 648; x_wconf 88' lang='lat' dir='ltr'>armatorum</span> <span class='ocrx_word' id='word_1_52' title='bbox 1068 607 1271 663; x_wconf 90' lang='lat' dir='ltr'>peditum,</span> <span class='ocrx_word' id='word_1_53' title='bbox 1302 623 1405 662; x_wconf 88' lang='lat' dir='ltr'>quos</span> <span class='ocrx_word' id='word_1_54' title='bbox 1435 616 1478 648; x_wconf 86' lang='lat' dir='ltr'>et</span> <span class='ocrx_word' id='word_1_55' title='bbox 1506 607 1646 664; x_wconf 88' lang='lat' dir='ltr'>plures</span> <span class='ocrx_word' id='word_1_56' title='bbox 1677 622 1779 672; x_wconf 81' lang='lat' dir='ltr'>esse,</span> 
     </span>
     <span class='ocr_line' id='line_1_8' title="bbox 394 664 1778 730; baseline 0.001 -26"><span class='ocrx_word' id='word_1_57' title='bbox 394 674 437 705; x_wconf 88' lang='lat' dir='ltr'>et</span> <span class='ocrx_word' id='word_1_58' title='bbox 460 664 673 706; x_wconf 85' lang='lat' dir='ltr'>Romanos</span> <span class='ocrx_word' id='word_1_59' title='bbox 701 666 916 721; x_wconf 81' lang='lat' dir='ltr'>putabant,</span> <span class='ocrx_word' id='word_1_60' title='bbox 939 664 1129 705; x_wconf 81' lang='lat' dir='ltr'>fremitus</span> <span class='ocrx_word' id='word_1_61' title='bbox 1150 665 1422 720; x_wconf 80' lang='lat' dir='ltr'>hinnitusque</span> <span class='ocrx_word' id='word_1_62' title='bbox 1451 680 1669 720; x_wconf 88' lang='lat' dir='ltr'>equorum,</span> <span class='ocrx_word' id='word_1_63' title='bbox 1693 665 1778 730; x_wconf 86' lang='lat' dir='ltr'>qui,</span> 
     </span>
     <span class='ocr_line' id='line_1_9' title="bbox 394 721 1779 778; baseline 0 -15"><span class='ocrx_word' id='word_1_64' title='bbox 394 730 437 762; x_wconf 86' lang='lat' dir='ltr'>et</span> <span class='ocrx_word' id='word_1_65' title='bbox 457 722 620 763; x_wconf 87' lang='lat' dir='ltr'>insueto</span> <span class='ocrx_word' id='word_1_66' title='bbox 643 723 816 763; x_wconf 83' lang='lat' dir='ltr'>sedente</span> <span class='ocrx_word' id='word_1_67' title='bbox 839 722 994 777; x_wconf 86' lang='lat' dir='ltr'>equite,</span> <span class='ocrx_word' id='word_1_68' title='bbox 1018 731 1059 763; x_wconf 89' lang='lat' dir='ltr'>et</span> <span class='ocrx_word' id='word_1_69' title='bbox 1087 721 1257 778; x_wconf 85' lang='lat' dir='ltr'>insuper</span> <span class='ocrx_word' id='word_1_70' title='bbox 1278 737 1396 763; x_wconf 86' lang='lat' dir='ltr'>aures</span> <span class='ocrx_word' id='word_1_71' title='bbox 1422 723 1604 778; x_wconf 80' lang='lat' dir='ltr'>agitante</span> <span class='ocrx_word' id='word_1_72' title='bbox 1627 723 1779 772; x_wconf 87' lang='lat' dir='ltr'>sonitu,</span> 
     </span>
     <span class='ocr_line' id='line_1_10' title="bbox 393 779 1777 835; baseline 0 -15"><span class='ocrx_word' id='word_1_73' title='bbox 393 780 643 829; x_wconf 83' lang='lat' dir='ltr'>saeviebant,</span> <span class='ocrx_word' id='word_1_74' title='bbox 686 780 869 820; x_wconf 89' lang='lat' dir='ltr'>intentos</span> <span class='ocrx_word' id='word_1_75' title='bbox 909 779 1024 820; x_wconf 88' lang='lat' dir='ltr'>velut</span> <span class='ocrx_word' id='word_1_76' title='bbox 1063 779 1116 820; x_wconf 90' lang='lat' dir='ltr'>ad</span> <span class='ocrx_word' id='word_1_77' title='bbox 1163 780 1368 835; x_wconf 86' lang='lat' dir='ltr'>impetum</span> <span class='ocrx_word' id='word_1_78' title='bbox 1408 779 1591 820; x_wconf 86' lang='lat' dir='ltr'>hostium</span> <span class='ocrx_word' id='word_1_79' title='bbox 1631 780 1777 821; x_wconf 87' lang='lat' dir='ltr'>tenuit.</span> 
     </span>
     <span class='ocr_line' id='line_1_11' title="bbox 396 837 1780 894; baseline 0.001 -17"><span class='ocrx_word' id='word_1_80' title='bbox 396 837 481 878; x_wconf 89' lang='lat' dir='ltr'>Ubi</span> <span class='ocrx_word' id='word_1_81' title='bbox 503 837 652 887; x_wconf 83' lang='lat' dir='ltr'>illuxit,</span> <span class='ocrx_word' id='word_1_82' title='bbox 678 837 906 886; x_wconf 86' lang='lat' dir='ltr'>Romanus,</span> <span class='ocrx_word' id='word_1_83' title='bbox 930 837 1092 893; x_wconf 75' lang='lat' dir='ltr'>integer</span> <span class='ocrx_word' id='word_1_84' title='bbox 1112 838 1364 893; x_wconf 82' lang='lat' dir='ltr'>satiatusque</span> <span class='ocrx_word' id='word_1_85' title='bbox 1387 853 1532 879; x_wconf 89' lang='lat' dir='ltr'>somno</span> <span class='ocrx_word' id='word_1_86' title='bbox 1553 837 1780 894; x_wconf 89' lang='lat' dir='ltr'>productus</span> 
     </span>
     <span class='ocr_line' id='line_1_12' title="bbox 393 894 1779 952; baseline 0.001 -18"><span class='ocrx_word' id='word_1_87' title='bbox 393 895 436 934; x_wconf 90' lang='lat' dir='ltr'>in</span> <span class='ocrx_word' id='word_1_88' title='bbox 465 894 610 944; x_wconf 90' lang='lat' dir='ltr'>aciem,</span> <span class='ocrx_word' id='word_1_89' title='bbox 632 895 784 935; x_wconf 88' lang='lat' dir='ltr'>fessum</span> <span class='ocrx_word' id='word_1_90' title='bbox 810 895 957 936; x_wconf 88' lang='lat' dir='ltr'>stando</span> <span class='ocrx_word' id='word_1_91' title='bbox 979 904 1021 936; x_wconf 87' lang='lat' dir='ltr'>et</span> <span class='ocrx_word' id='word_1_92' title='bbox 1045 895 1195 951; x_wconf 85' lang='lat' dir='ltr'>vigiliis</span> <span class='ocrx_word' id='word_1_93' title='bbox 1224 895 1424 936; x_wconf 90' lang='lat' dir='ltr'>Volscum</span> <span class='ocrx_word' id='word_1_94' title='bbox 1453 895 1588 951; x_wconf 89' lang='lat' dir='ltr'>primo</span> <span class='ocrx_word' id='word_1_95' title='bbox 1618 896 1779 952; x_wconf 90' lang='lat' dir='ltr'>impetu</span> 
     </span>
     <span class='ocr_line' id='line_1_13' title="bbox 393 952 1776 1009; baseline 0.001 -17"><span class='ocrx_word' id='word_1_96' title='bbox 393 952 592 1008; x_wconf 84' lang='lat' dir='ltr'>perculit:</span> <span class='ocrx_word' id='word_1_97' title='bbox 627 968 868 1008; x_wconf 80' lang='lat' dir='ltr'>quanquam</span> <span class='ocrx_word' id='word_1_98' title='bbox 885 968 1044 994; x_wconf 79' lang='lat' dir='ltr'>cessere</span> <span class='ocrx_word' id='word_1_99' title='bbox 1067 953 1209 1009; x_wconf 85' lang='lat' dir='ltr'>magis,</span> <span class='ocrx_word' id='word_1_100' title='bbox 1228 968 1353 1009; x_wconf 85' lang='lat' dir='ltr'>quam</span> <span class='ocrx_word' id='word_1_101' title='bbox 1370 953 1480 1009; x_wconf 90' lang='lat' dir='ltr'>pulsi</span> <span class='ocrx_word' id='word_1_102' title='bbox 1501 953 1641 994; x_wconf 90' lang='lat' dir='ltr'>hostes</span> <span class='ocrx_word' id='word_1_103' title='bbox 1661 962 1776 994; x_wconf 89' lang='lat' dir='ltr'>sunt:</span> 
     </span>
     <span class='ocr_line' id='line_1_14' title="bbox 394 1010 1812 1067; baseline 0.001 -17"><span class='ocrx_word' id='word_1_104' title='bbox 394 1010 492 1066; x_wconf 88' lang='lat' dir='ltr'>quia</span> <span class='ocrx_word' id='word_1_105' title='bbox 526 1010 577 1051; x_wconf 90' lang='lat' dir='ltr'>ab</span> <span class='ocrx_word' id='word_1_106' title='bbox 607 1018 722 1066; x_wconf 89' lang='lat' dir='ltr'>tergo</span> <span class='ocrx_word' id='word_1_107' title='bbox 751 1018 870 1051; x_wconf 87' lang='lat' dir='ltr'>erant</span> <span class='ocrx_word' id='word_1_108' title='bbox 902 1011 1008 1060; x_wconf 86' lang='lat' dir='ltr'>clivi,</span> <span class='ocrx_word' id='word_1_109' title='bbox 1038 1011 1081 1051; x_wconf 89' lang='lat' dir='ltr'>in</span> <span class='ocrx_word' id='word_1_110' title='bbox 1118 1026 1222 1067; x_wconf 88' lang='lat' dir='ltr'>quos</span> <span class='ocrx_word' id='word_1_111' title='bbox 1249 1020 1342 1067; x_wconf 88' lang='lat' dir='ltr'>post</span> <span class='ocrx_word' id='word_1_112' title='bbox 1372 1011 1576 1067; x_wconf 85' lang='lat' dir='ltr'>principia</span> <span class='ocrx_word' id='word_1_113' title='bbox 1607 1011 1812 1067; x_wconf 75' lang='lat' dir='ltr'>integrisss</span> 
     </span>
     <span class='ocr_line' id='line_1_15' title="bbox 393 1067 1779 1134; baseline 0.001 -27"><span class='ocrx_word' id='word_1_114' title='bbox 393 1067 608 1108; x_wconf 85' lang='lat' dir='ltr'>ordinibus</span> <span class='ocrx_word' id='word_1_115' title='bbox 643 1077 757 1109; x_wconf 89' lang='lat' dir='ltr'>tutus</span> <span class='ocrx_word' id='word_1_116' title='bbox 792 1077 986 1134; x_wconf 82' lang='lat' dir='ltr'>receptus</span> <span class='ocrx_word' id='word_1_117' title='bbox 1016 1069 1106 1110; x_wconf 88' lang='lat' dir='ltr'>fuit.</span> <span class='ocrx_word' id='word_1_118' title='bbox 1173 1068 1345 1118; x_wconf 88' lang='lat' dir='ltr'>Consul,</span> <span class='ocrx_word' id='word_1_119' title='bbox 1380 1069 1452 1110; x_wconf 90' lang='lat' dir='ltr'>ubi</span> <span class='ocrx_word' id='word_1_120' title='bbox 1492 1069 1546 1109; x_wconf 90' lang='lat' dir='ltr'>ad</span> <span class='ocrx_word' id='word_1_121' title='bbox 1585 1069 1779 1125; x_wconf 88' lang='lat' dir='ltr'>iniquum</span> 
     </span>
     <span class='ocr_line' id='line_1_16' title="bbox 392 1125 1780 1182; baseline 0.001 -16"><span class='ocrx_word' id='word_1_122' title='bbox 392 1125 530 1166; x_wconf 88' lang='lat' dir='ltr'>locum</span> <span class='ocrx_word' id='word_1_123' title='bbox 560 1134 734 1167; x_wconf 89' lang='lat' dir='ltr'>ventum</span> <span class='ocrx_word' id='word_1_124' title='bbox 766 1134 840 1176; x_wconf 89' lang='lat' dir='ltr'>est,</span> <span class='ocrx_word' id='word_1_125' title='bbox 869 1126 976 1167; x_wconf 88' lang='lat' dir='ltr'>sistit</span> <span class='ocrx_word' id='word_1_126' title='bbox 1005 1126 1149 1167; x_wconf 81' lang='lat' dir='ltr'>aciem.</span> <span class='ocrx_word' id='word_1_127' title='bbox 1212 1126 1339 1167; x_wconf 83' lang='lat' dir='ltr'>Miles</span> <span class='ocrx_word' id='word_1_128' title='bbox 1369 1141 1490 1182; x_wconf 89' lang='lat' dir='ltr'>aegre</span> <span class='ocrx_word' id='word_1_129' title='bbox 1523 1127 1670 1177; x_wconf 87' lang='lat' dir='ltr'>teneri,</span> <span class='ocrx_word' id='word_1_130' title='bbox 1697 1126 1780 1168; x_wconf 87' lang='lat' dir='ltr'>cla-</span> 
     </span>
     <span class='ocr_line' id='line_1_17' title="bbox 390 1184 1780 1241; baseline 0.001 -18"><span class='ocrx_word' id='word_1_131' title='bbox 390 1198 501 1224; x_wconf 88' lang='lat' dir='ltr'>mare</span> <span class='ocrx_word' id='word_1_132' title='bbox 524 1192 566 1224; x_wconf 92' lang='lat' dir='ltr'>et</span> <span class='ocrx_word' id='word_1_133' title='bbox 585 1199 769 1240; x_wconf 87' lang='lat' dir='ltr'>poscere,</span> <span class='ocrx_word' id='word_1_134' title='bbox 786 1193 833 1225; x_wconf 92' lang='lat' dir='ltr'>ut</span> <span class='ocrx_word' id='word_1_135' title='bbox 854 1184 1052 1240; x_wconf 88' lang='lat' dir='ltr'>perculsis</span> <span class='ocrx_word' id='word_1_136' title='bbox 1073 1184 1224 1225; x_wconf 88' lang='lat' dir='ltr'>instare</span> <span class='ocrx_word' id='word_1_137' title='bbox 1246 1184 1379 1225; x_wconf 89' lang='lat' dir='ltr'>liceat.</span> <span class='ocrx_word' id='word_1_138' title='bbox 1434 1184 1628 1225; x_wconf 84' lang='lat' dir='ltr'>Ferocius</span> <span class='ocrx_word' id='word_1_139' title='bbox 1649 1195 1780 1241; x_wconf 85' lang='lat' dir='ltr'>agunt</span> 
     </span>
     <span class='ocr_line' id='line_1_18' title="bbox 390 1241 1776 1298; baseline 0.001 -17"><span class='ocrx_word' id='word_1_140' title='bbox 390 1241 575 1297; x_wconf 87' lang='lat' dir='ltr'>equites:</span> <span class='ocrx_word' id='word_1_141' title='bbox 609 1242 848 1283; x_wconf 88' lang='lat' dir='ltr'>circumfusi</span> <span class='ocrx_word' id='word_1_142' title='bbox 870 1242 966 1282; x_wconf 89' lang='lat' dir='ltr'>duci</span> <span class='ocrx_word' id='word_1_143' title='bbox 986 1242 1278 1291; x_wconf 85' lang='lat' dir='ltr'>vociferantur,</span> <span class='ocrx_word' id='word_1_144' title='bbox 1301 1258 1343 1283; x_wconf 91' lang='grc'>50</span> <span class='ocrx_word' id='word_1_145' title='bbox 1367 1250 1462 1283; x_wconf 86' lang='lat' dir='ltr'>ante</span> <span class='ocrx_word' id='word_1_146' title='bbox 1491 1242 1609 1298; x_wconf 86' lang='lat' dir='ltr'>signa</span> <span class='ocrx_word' id='word_1_147' title='bbox 1635 1242 1776 1283; x_wconf 90' lang='lat' dir='ltr'>ituros.</span> 
     </span>
     <span class='ocr_line' id='line_1_19' title="bbox 391 1274 1780 1356; baseline 0.001 -17"><span class='ocrx_word' id='word_1_148' title='bbox 391 1298 509 1340; x_wconf 89' lang='lat' dir='ltr'>Dum</span> <span class='ocrx_word' id='word_1_149' title='bbox 537 1308 758 1341; x_wconf 85' lang='lat' dir='ltr'>cunctatur</span> <span class='ocrx_word' id='word_1_150' title='bbox 782 1299 939 1349; x_wconf 86' lang='lat' dir='ltr'>consul,</span> <span class='ocrx_word' id='word_1_151' title='bbox 961 1300 1112 1341; x_wconf 86' lang='lat' dir='ltr'>virtute</span> <span class='ocrx_word' id='word_1_152' title='bbox 1141 1274 1322 1341; x_wconf 77' lang='lat' dir='ltr'>militiim</span> <span class='ocrx_word' id='word_1_153' title='bbox 1346 1301 1487 1349; x_wconf 87' lang='lat' dir='ltr'>fretus,</span> <span class='ocrx_word' id='word_1_154' title='bbox 1513 1299 1605 1341; x_wconf 90' lang='lat' dir='ltr'>loco</span> <span class='ocrx_word' id='word_1_155' title='bbox 1632 1314 1780 1356; x_wconf 87' lang='lat' dir='ltr'>parum</span> 
     </span>
     <span class='ocr_line' id='line_1_20' title="bbox 390 1355 1776 1414; baseline 0.001 -18"><span class='ocrx_word' id='word_1_156' title='bbox 390 1355 537 1406; x_wconf 85' lang='lat' dir='ltr'>fidens,</span> <span class='ocrx_word' id='word_1_157' title='bbox 561 1357 834 1407; x_wconf 86' lang='lat' dir='ltr'>conclamant,</span> <span class='ocrx_word' id='word_1_158' title='bbox 858 1373 899 1398; x_wconf 89' lang='lat' dir='ltr'>se</span> <span class='ocrx_word' id='word_1_159' title='bbox 922 1358 1077 1398; x_wconf 89' lang='lat' dir='ltr'>ituros·</span> <span class='ocrx_word' id='word_1_160' title='bbox 1111 1358 1420 1414; x_wconf 85' lang='lat' dir='ltr'>clamoremque</span> <span class='ocrx_word' id='word_1_161' title='bbox 1449 1372 1514 1398; x_wconf 88' lang='lat' dir='ltr'>res</span> <span class='ocrx_word' id='word_1_162' title='bbox 1536 1365 1598 1398; x_wconf 90' lang='lat' dir='ltr'>est</span> <span class='ocrx_word' id='word_1_163' title='bbox 1625 1365 1776 1399; x_wconf 88' lang='lat' dir='ltr'>secuta.</span> 
     </span>
     <span class='ocr_line' id='line_1_21' title="bbox 392 1414 1782 1471; baseline 0.001 -17"><span class='ocrx_word' id='word_1_164' title='bbox 392 1414 543 1455; x_wconf 82' lang='lat' dir='ltr'>Fixis</span> <span class='ocrx_word' id='word_1_165' title='bbox 533 1430 578 1455; x_wconf 90' lang='lat' dir='ltr'>m</span> <span class='ocrx_word' id='word_1_166' title='bbox 607 1424 757 1456; x_wconf 87' lang='lat' dir='ltr'>terram</span> <span class='ocrx_word' id='word_1_167' title='bbox 788 1415 895 1471; x_wconf 87' lang='lat' dir='ltr'>pilis,</span> <span class='ocrx_word' id='word_1_168' title='bbox 923 1431 1007 1464; x_wconf 77' lang='lat' dir='ltr'>quo</span> <span class='ocrx_word' id='word_1_169' title='bbox 1034 1415 1209 1456; x_wconf 90' lang='lat' dir='ltr'>leviores</span> <span class='ocrx_word' id='word_1_170' title='bbox 1237 1416 1366 1457; x_wconf 85' lang='lat' dir='ltr'>ardua</span> <span class='ocrx_word' id='word_1_171' title='bbox 1393 1415 1631 1465; x_wconf 89' lang='lat' dir='ltr'>evaderent,</span> <span class='ocrx_word' id='word_1_172' title='bbox 1657 1430 1782 1456; x_wconf 87' lang='lat' dir='ltr'>cursu</span> 
     </span>
     <span class='ocr_line' id='line_1_22' title="bbox 390 1472 1780 1539; baseline 0.001 -27"><span class='ocrx_word' id='word_1_173' title='bbox 390 1472 582 1513; x_wconf 88' lang='lat' dir='ltr'>subeunt.</span> <span class='ocrx_word' id='word_1_174' title='bbox 645 1472 835 1522; x_wconf 83' lang='lat' dir='ltr'>Volscus,</span> <span class='ocrx_word' id='word_1_175' title='bbox 863 1473 1003 1514; x_wconf 86' lang='lat' dir='ltr'>effusis</span> <span class='ocrx_word' id='word_1_176' title='bbox 1028 1473 1081 1514; x_wconf 89' lang='lat' dir='ltr'>ad</span> <span class='ocrx_word' id='word_1_177' title='bbox 1111 1474 1305 1539; x_wconf 85' lang='lat' dir='ltr'>primum</span> <span class='ocrx_word' id='word_1_178' title='bbox 1321 1474 1527 1530; x_wconf 88' lang='lat' dir='ltr'>impetum</span> <span class='ocrx_word' id='word_1_179' title='bbox 1555 1472 1780 1514; x_wconf 87' lang='lat' dir='ltr'>missilibus</span> 
     </span>
     <span class='ocr_line' id='line_1_23' title="bbox 391 1529 1781 1587; baseline 0.001 -17"><span class='ocrx_word' id='word_1_180' title='bbox 391 1529 495 1579; x_wconf 89' lang='lat' dir='ltr'>telis,</span> <span class='ocrx_word' id='word_1_181' title='bbox 522 1545 620 1571; x_wconf 86' lang='lat' dir='ltr'>saxa</span> <span class='ocrx_word' id='word_1_182' title='bbox 649 1530 884 1571; x_wconf 89' lang='lat' dir='ltr'>obiacentia</span> <span class='ocrx_word' id='word_1_183' title='bbox 911 1530 1088 1586; x_wconf 87' lang='lat' dir='ltr'>pedibus</span> <span class='ocrx_word' id='word_1_184' title='bbox 1118 1531 1271 1587; x_wconf 78' lang='lat' dir='ltr'>ingerit</span> <span class='ocrx_word' id='word_1_185' title='bbox 1295 1531 1338 1571; x_wconf 91' lang='lat' dir='ltr'>in</span> <span class='ocrx_word' id='word_1_186' title='bbox 1370 1532 1609 1581; x_wconf 89' lang='lat' dir='ltr'>subeuntes,</span> <span class='ocrx_word' id='word_1_187' title='bbox 1641 1531 1781 1572; x_wconf 90' lang='lat' dir='ltr'>turba-</span> 
     </span>
     <span class='ocr_line' id='line_1_24' title="bbox 391 1588 1778 1654; baseline 0.001 -26"><span class='ocrx_word' id='word_1_188' title='bbox 391 1595 538 1643; x_wconf 90' lang='lat' dir='ltr'>tosque</span> <span class='ocrx_word' id='word_1_189' title='bbox 567 1588 719 1629; x_wconf 84' lang='lat' dir='ltr'>ictibus</span> <span class='ocrx_word' id='word_1_190' title='bbox 747 1588 900 1629; x_wconf 82' lang='lat' dir='ltr'>crebris</span> <span class='ocrx_word' id='word_1_191' title='bbox 921 1596 1043 1644; x_wconf 81' lang='lat' dir='ltr'>urget</span> <span class='ocrx_word' id='word_1_192' title='bbox 1069 1604 1121 1629; x_wconf 87' lang='lat' dir='ltr'>ex</span> <span class='ocrx_word' id='word_1_193' title='bbox 1143 1589 1355 1644; x_wconf 88' lang='lat' dir='ltr'>superi01e</span> <span class='ocrx_word' id='word_1_194' title='bbox 1382 1588 1486 1629; x_wconf 92' lang='lat' dir='ltr'>Ioco.</span> <span class='ocrx_word' id='word_1_195' title='bbox 1552 1588 1620 1630; x_wconf 87' lang='lat' dir='ltr'>Sic</span> <span class='ocrx_word' id='word_1_196' title='bbox 1647 1604 1778 1654; x_wconf 87' lang='lat' dir='ltr'>prope</span> 
     </span>
     <span class='ocr_line' id='line_1_25' title="bbox 391 1646 1779 1695; baseline 0.001 -10"><span class='ocrx_word' id='word_1_197' title='bbox 391 1654 609 1686; x_wconf 88' lang='lat' dir='ltr'>oneratum</span> <span class='ocrx_word' id='word_1_198' title='bbox 631 1658 694 1687; x_wconf 87' lang='lat' dir='ltr'>est</span> <span class='ocrx_word' id='word_1_199' title='bbox 714 1646 924 1686; x_wconf 87' lang='lat' dir='ltr'>sinistrum</span> <span class='ocrx_word' id='word_1_200' title='bbox 947 1646 1148 1686; x_wconf 85' lang='lat' dir='ltr'>Romanis</span> <span class='ocrx_word' id='word_1_201' title='bbox 1169 1661 1312 1695; x_wconf 91' lang='lat' dir='ltr'>cornu,</span> <span class='ocrx_word' id='word_1_202' title='bbox 1336 1646 1379 1686; x_wconf 90' lang='lat' dir='ltr'>ni</span> <span class='ocrx_word' id='word_1_203' title='bbox 1400 1646 1706 1687; x_wconf 43' lang='grc' dir='ltr'>1ΗοἙο10111111115</span> <span class='ocrx_word' id='word_1_204' title='bbox 1696 1661 1779 1687; x_wconf 87' lang='lat' dir='ltr'>lam</span> 
     </span>
     <span class='ocr_line' id='line_1_26' title="bbox 390 1702 1779 1760; baseline 0.001 -17"><span class='ocrx_word' id='word_1_205' title='bbox 390 1702 567 1758; x_wconf 84' lang='lat' dir='ltr'>gradum</span> <span class='ocrx_word' id='word_1_206' title='bbox 594 1703 751 1753; x_wconf 89' lang='lat' dir='ltr'>consul,</span> <span class='ocrx_word' id='word_1_207' title='bbox 774 1703 1028 1760; x_wconf 88' lang='lat' dir='ltr'>increpando</span> <span class='ocrx_word' id='word_1_208' title='bbox 1053 1703 1176 1744; x_wconf 89' lang='lat' dir='ltr'>simul</span> <span class='ocrx_word' id='word_1_209' title='bbox 1202 1704 1492 1754; x_wconf 88' lang='lat' dir='ltr'>temeritatem,</span> <span class='ocrx_word' id='word_1_210' title='bbox 1514 1703 1672 1744; x_wconf 88' lang='lat' dir='ltr'>simul</span> <span class='ocrx_word' id='word_1_211' title='bbox 1662 1719 1779 1760; x_wconf 80' lang='lat' dir='ltr'>lgna-</span> 
     </span>
     <span class='ocr_line' id='line_1_27' title="bbox 391 1760 1779 1826; baseline 0.001 -25"><span class='ocrx_word' id='word_1_212' title='bbox 391 1760 512 1826; x_wconf 82' lang='lat' dir='ltr'>viam,</span> <span class='ocrx_word' id='word_1_213' title='bbox 545 1761 704 1826; x_wconf 79' lang='lat' dir='ltr'>pudoie</span> <span class='ocrx_word' id='word_1_214' title='bbox 736 1771 895 1802; x_wconf 91' lang='lat' dir='ltr'>metum</span> <span class='ocrx_word' id='word_1_215' title='bbox 924 1761 1181 1802; x_wconf 80' lang='lat' dir='ltr'>excussisset.</span> <span class='ocrx_word' id='word_1_216' title='bbox 1246 1761 1454 1802; x_wconf 83' lang='lat' dir='ltr'>Restitere</span> <span class='ocrx_word' id='word_1_217' title='bbox 1481 1761 1620 1826; x_wconf 83' lang='lat' dir='ltr'>primo</span> <span class='ocrx_word' id='word_1_218' title='bbox 1652 1761 1779 1802; x_wconf 87' lang='lat' dir='ltr'>obsti-</span> 
     </span>
     <span class='ocr_line' id='line_1_28' title="bbox 392 1818 1812 1871; baseline 0 -12"><span class='ocrx_word' id='word_1_219' title='bbox 392 1818 500 1859; x_wconf 87' lang='lat' dir='ltr'>natis</span> <span class='ocrx_word' id='word_1_220' title='bbox 521 1819 688 1860; x_wconf 82' lang='lat' dir='ltr'>animis:</span> <span class='ocrx_word' id='word_1_221' title='bbox 722 1819 889 1868; x_wconf 85' lang='lat' dir='ltr'>deinde,</span> <span class='ocrx_word' id='word_1_222' title='bbox 910 1828 955 1860; x_wconf 92' lang='lat' dir='ltr'>ut</span> <span class='ocrx_word' id='word_1_223' title='bbox 975 1819 1020 1859; x_wconf 89' lang='lat' dir='ltr'>in</span> <span class='ocrx_word' id='word_1_224' title='bbox 1041 1819 1276 1860; x_wconf 86' lang='lat' dir='ltr'>obtinentes</span> <span class='ocrx_word' id='word_1_225' title='bbox 1292 1818 1431 1860; x_wconf 89' lang='lat' dir='ltr'>locum</span> <span class='ocrx_word' id='word_1_226' title='bbox 1451 1819 1559 1860; x_wconf 85' lang='lat' dir='ltr'>vires</span> <span class='ocrx_word' id='word_1_227' title='bbox 1575 1818 1777 1869; x_wconf 87' lang='lat' dir='ltr'>ferebant,</span> <span class='ocrx_word' id='word_1_228' title='bbox 1792 1840 1812 1871; x_wconf 93' lang='lat'><strong>9</strong></span> 
     </span>
     <span class='ocr_line' id='line_1_29' title="bbox 390 1875 1780 1933; baseline 0.001 -17"><span class='ocrx_word' id='word_1_229' title='bbox 390 1875 548 1917; x_wconf 90' lang='lat' dir='ltr'>audent</span> <span class='ocrx_word' id='word_1_230' title='bbox 579 1876 688 1917; x_wconf 91' lang='lat' dir='ltr'>ultro</span> <span class='ocrx_word' id='word_1_231' title='bbox 718 1876 893 1933; x_wconf 83' lang='lat' dir='ltr'>gradum</span> <span class='ocrx_word' id='word_1_232' title='bbox 921 1877 1096 1926; x_wconf 78' lang='lat' dir='ltr'>inferre,</span> <span class='ocrx_word' id='word_1_233' title='bbox 1130 1885 1183 1926; x_wconf 90' lang='lat' dir='ltr'>et,</span> <span class='ocrx_word' id='word_1_234' title='bbox 1213 1876 1391 1918; x_wconf 86' lang='lat' dir='ltr'>clamore</span> <span class='ocrx_word' id='word_1_235' title='bbox 1423 1885 1634 1926; x_wconf 87' lang='lat' dir='ltr'>renovato,</span> <span class='ocrx_word' id='word_1_236' title='bbox 1666 1892 1780 1918; x_wconf 91' lang='lat' dir='ltr'>com-</span> 
     </span>
     <span class='ocr_line' id='line_1_30' title="bbox 390 1935 1778 1991; baseline 0.001 -17"><span class='ocrx_word' id='word_1_237' title='bbox 390 1944 560 1975; x_wconf 88' lang='lat' dir='ltr'>movent</span> <span class='ocrx_word' id='word_1_238' title='bbox 580 1935 734 1975; x_wconf 89' lang='lat' dir='ltr'>aciem:</span> <span class='ocrx_word' id='word_1_239' title='bbox 769 1943 858 1975; x_wconf 90' lang='lat' dir='ltr'>tum</span> <span class='ocrx_word' id='word_1_240' title='bbox 880 1950 1032 1984; x_wconf 90' lang='lat' dir='ltr'>rursus,</span> <span class='ocrx_word' id='word_1_241' title='bbox 1055 1935 1216 1990; x_wconf 88' lang='lat' dir='ltr'>impetu</span> <span class='ocrx_word' id='word_1_242' title='bbox 1243 1943 1377 1991; x_wconf 90' lang='lat' dir='ltr'>capto,</span> <span class='ocrx_word' id='word_1_243' title='bbox 1400 1935 1629 1984; x_wconf 87' lang='lat' dir='ltr'>enituntur,</span> <span class='ocrx_word' id='word_1_244' title='bbox 1652 1943 1778 1991; x_wconf 85' lang='lat' dir='ltr'>atque</span> 
     </span>
     <span class='ocr_line' id='line_1_31' title="bbox 390 1992 1778 2048; baseline 0 -16"><span class='ocrx_word' id='word_1_245' title='bbox 390 2002 643 2048; x_wconf 86' lang='lat' dir='ltr'>exsuperant</span> <span class='ocrx_word' id='word_1_246' title='bbox 671 1993 936 2048; x_wconf 85' lang='lat' dir='ltr'>iniquitatem</span> <span class='ocrx_word' id='word_1_247' title='bbox 965 1992 1055 2033; x_wconf 87' lang='lat' dir='ltr'>loci.</span> <span class='ocrx_word' id='word_1_248' title='bbox 1118 1992 1208 2033; x_wconf 87' lang='lat' dir='ltr'>Iam</span> <span class='ocrx_word' id='word_1_249' title='bbox 1239 2007 1368 2048; x_wconf 86' lang='lat' dir='ltr'>prope</span> <span class='ocrx_word' id='word_1_250' title='bbox 1397 2001 1496 2041; x_wconf 87' lang='lat' dir='ltr'>erat,</span> <span class='ocrx_word' id='word_1_251' title='bbox 1526 2001 1573 2033; x_wconf 88' lang='lat' dir='ltr'>ut</span> <span class='ocrx_word' id='word_1_252' title='bbox 1596 1992 1641 2032; x_wconf 89' lang='lat' dir='ltr'>in</span> <span class='ocrx_word' id='word_1_253' title='bbox 1666 2007 1778 2033; x_wconf 91' lang='lat' dir='ltr'>sum-</span> 
     </span>
     <span class='ocr_line' id='line_1_32' title="bbox 390 2048 1775 2107; baseline 0.001 -18"><span class='ocrx_word' id='word_1_254' title='bbox 390 2064 506 2090; x_wconf 90' lang='lat' dir='ltr'>mum</span> <span class='ocrx_word' id='word_1_255' title='bbox 541 2049 636 2090; x_wconf 89' lang='lat' dir='ltr'>clivi</span> <span class='ocrx_word' id='word_1_256' title='bbox 668 2048 814 2107; x_wconf 86' lang='lat' dir='ltr'>iugum</span> <span class='ocrx_word' id='word_1_257' title='bbox 846 2050 1084 2100; x_wconf 85' lang='lat' dir='ltr'>evaderent,</span> <span class='ocrx_word' id='word_1_258' title='bbox 1117 2065 1248 2106; x_wconf 89' lang='lat' dir='ltr'>quum</span> <span class='ocrx_word' id='word_1_259' title='bbox 1279 2059 1395 2106; x_wconf 81' lang='lat' dir='ltr'>terga</span> <span class='ocrx_word' id='word_1_260' title='bbox 1424 2050 1563 2091; x_wconf 90' lang='lat' dir='ltr'>hostes</span> <span class='ocrx_word' id='word_1_261' title='bbox 1595 2049 1775 2091; x_wconf 87' lang='lat' dir='ltr'>dedere:</span> 
     </span>
     <span class='ocr_line' id='line_1_33' title="bbox 390 2107 1777 2172; baseline 0.001 -25"><span class='ocrx_word' id='word_1_262' title='bbox 390 2107 606 2172; x_wconf 84' lang='lat' dir='ltr'>effusoque</span> <span class='ocrx_word' id='word_1_263' title='bbox 628 2122 752 2149; x_wconf 87' lang='lat' dir='ltr'>cursu</span> <span class='ocrx_word' id='word_1_264' title='bbox 779 2123 913 2164; x_wconf 85' lang='lat' dir='ltr'>paene</span> <span class='ocrx_word' id='word_1_265' title='bbox 939 2108 1105 2164; x_wconf 80' lang='lat' dir='ltr'>agmine</span> <span class='ocrx_word' id='word_1_266' title='bbox 1127 2120 1213 2148; x_wconf 92' lang='lat' dir='ltr'>uno</span> <span class='ocrx_word' id='word_1_267' title='bbox 1240 2107 1449 2163; x_wconf 82' lang='lat' dir='ltr'>fugientes</span> <span class='ocrx_word' id='word_1_268' title='bbox 1470 2116 1777 2163; x_wconf 87' lang='lat' dir='ltr'>sequentesque</span> 
     </span>
     <span class='ocr_line' id='line_1_34' title="bbox 390 2164 1778 2222; baseline 0.001 -17"><span class='ocrx_word' id='word_1_269' title='bbox 390 2165 531 2205; x_wconf 85' lang='lat' dir='ltr'>castris</span> <span class='ocrx_word' id='word_1_270' title='bbox 572 2165 770 2206; x_wconf 86' lang='lat' dir='ltr'>incidere.</span> <span class='ocrx_word' id='word_1_271' title='bbox 839 2165 891 2206; x_wconf 80' lang='lat' dir='ltr'>In</span> <span class='ocrx_word' id='word_1_272' title='bbox 932 2181 982 2206; x_wconf 93' lang='lat' dir='ltr'>eo</span> <span class='ocrx_word' id='word_1_273' title='bbox 1021 2180 1173 2222; x_wconf 86' lang='lat' dir='ltr'>pavore</span> <span class='ocrx_word' id='word_1_274' title='bbox 1215 2175 1346 2206; x_wconf 86' lang='lat' dir='ltr'>castra</span> <span class='ocrx_word' id='word_1_275' title='bbox 1386 2164 1617 2222; x_wconf 85' lang='lat' dir='ltr'>capiuntur.</span> <span class='ocrx_word' id='word_1_276' title='bbox 1690 2164 1778 2213; x_wconf 79' lang='lat' dir='ltr'>Qui</span> 
     </span>
     <span class='ocr_line' id='line_1_35' title="bbox 390 2222 1778 2288; baseline 0 -25"><span class='ocrx_word' id='word_1_277' title='bbox 390 2222 640 2264; x_wconf 90' lang='lat' dir='ltr'>Volscorum</span> <span class='ocrx_word' id='word_1_278' title='bbox 672 2224 854 2279; x_wconf 83' lang='lat' dir='ltr'>effugere</span> <span class='ocrx_word' id='word_1_279' title='bbox 886 2232 1129 2280; x_wconf 88' lang='lat' dir='ltr'>potuerunt,</span> <span class='ocrx_word' id='word_1_280' title='bbox 1160 2223 1341 2264; x_wconf 89' lang='lat' dir='ltr'>Antium</span> <span class='ocrx_word' id='word_1_281' title='bbox 1369 2231 1534 2288; x_wconf 86' lang='lat' dir='ltr'>petunt.</span> <span class='ocrx_word' id='word_1_282' title='bbox 1598 2223 1778 2264; x_wconf 84' lang='lat' dir='ltr'>Antium</span> 
     </span>
     <span class='ocr_line' id='line_1_36' title="bbox 390 2279 1779 2337; baseline 0.001 -18"><span class='ocrx_word' id='word_1_283' title='bbox 390 2288 432 2320; x_wconf 87' lang='lat' dir='ltr'>et</span> <span class='ocrx_word' id='word_1_284' title='bbox 466 2279 682 2322; x_wconf 86' lang='lat' dir='ltr'>Romanus</span> <span class='ocrx_word' id='word_1_285' title='bbox 714 2281 921 2323; x_wconf 87' lang='lat' dir='ltr'>exercitus</span> <span class='ocrx_word' id='word_1_286' title='bbox 953 2281 1124 2322; x_wconf 89' lang='lat' dir='ltr'>ductus:</span> <span class='ocrx_word' id='word_1_287' title='bbox 1158 2295 1312 2337; x_wconf 87' lang='lat' dir='ltr'>paucos</span> <span class='ocrx_word' id='word_1_288' title='bbox 1342 2281 1656 2322; x_wconf 87' lang='lat' dir='ltr'>circumsessum</span> <span class='ocrx_word' id='word_1_289' title='bbox 1689 2280 1779 2321; x_wconf 90' lang='lat' dir='ltr'>dies</span> 
     </span>
    </p>
   </div>
   <div class='ocr_carea' id='block_1_3' title="bbox 243 837 309 876">
    <p class='ocr_par' dir='ltr' id='par_1_3' title="bbox 243 837 309 876">
     <span class='ocr_line' id='line_1_37' title="bbox 243 837 309 876; baseline 0.03 -2"><span class='ocrx_word' id='word_1_290' title='bbox 243 837 309 876; x_wconf 83' lang='lat'>65.</span> 
     </span>
    </p>
   </div>
   <div class='ocr_carea' id='block_1_4' title="bbox 391 2451 1064 3003">
    <p class='ocr_par' dir='ltr' id='par_1_4' title="bbox 391 2451 1064 2705">
     <span class='ocr_line' id='line_1_38' title="bbox 437 2451 1064 2494; baseline -0.005 -10"><span class='ocrx_word' id='word_1_291' title='bbox 437 2463 452 2493; x_wconf 89' lang='grc'><strong>7</strong></span> <span class='ocrx_word' id='word_1_292' title='bbox 477 2454 602 2494; x_wconf 76' lang='lat' dir='ltr'>Equos]</span> <span class='ocrx_word' id='word_1_293' title='bbox 621 2454 724 2494; x_wconf 73' lang='lat' dir='ltr'>Equis</span> <span class='ocrx_word' id='word_1_294' title='bbox 741 2453 882 2483; x_wconf 84' lang='lat' dir='ltr'>Gronov.</span> <span class='ocrx_word' id='word_1_295' title='bbox 900 2462 971 2482; x_wconf 87' lang='lat' dir='ltr'>cum</span> <span class='ocrx_word' id='word_1_296' title='bbox 993 2451 1064 2481; x_wconf 83' lang='lat' dir='ltr'>aliis</span> 
     </span>
     <span class='ocr_line' id='line_1_39' title="bbox 391 2495 1063 2534; baseline -0.003 -8"><span class='ocrx_word' id='word_1_297' title='bbox 391 2497 555 2526; x_wconf 85' lang='lat' dir='ltr'>nonnullis</span> <span class='ocrx_word' id='word_1_298' title='bbox 581 2500 613 2526; x_wconf 90' lang='lat' dir='ltr'>et</span> <span class='ocrx_word' id='word_1_299' title='bbox 636 2497 709 2527; x_wconf 84' lang='lat' dir='ltr'>MS.</span> <span class='ocrx_word' id='word_1_300' title='bbox 728 2496 837 2526; x_wconf 82' lang='lat' dir='ltr'>Veith.</span> <span class='ocrx_word' id='word_1_301' title='bbox 880 2495 942 2525; x_wconf 85' lang='lat' dir='ltr'>Sed</span> <span class='ocrx_word' id='word_1_302' title='bbox 969 2505 1063 2534; x_wconf 79' lang='lat' dir='ltr'>equos</span> 
     </span>
     <span class='ocr_line' id='line_1_40' title="bbox 393 2538 1064 2576; baseline -0.003 -8"><span class='ocrx_word' id='word_1_303' title='bbox 393 2539 543 2569; x_wconf 73' lang='lat' dir='ltr'>veriorem</span> <span class='ocrx_word' id='word_1_304' title='bbox 572 2539 741 2569; x_wconf 90' lang='lat' dir='ltr'>lectionem</span> <span class='ocrx_word' id='word_1_305' title='bbox 766 2549 833 2568; x_wconf 86' lang='lat' dir='ltr'>esse</span> <span class='ocrx_word' id='word_1_306' title='bbox 856 2548 895 2568; x_wconf 82' lang='lat' dir='ltr'>ex</span> <span class='ocrx_word' id='word_1_307' title='bbox 920 2538 1064 2576; x_wconf 82' lang='lat' dir='ltr'>pluribus</span> 
     </span>
     <span class='ocr_line' id='line_1_41' title="bbox 392 2580 1061 2621; baseline 0 -12"><span class='ocrx_word' id='word_1_308' title='bbox 392 2585 456 2621; x_wconf 75' lang='lat' dir='ltr'>opt.</span> <span class='ocrx_word' id='word_1_309' title='bbox 489 2583 579 2612; x_wconf 82' lang='lat' dir='ltr'>codd.</span> <span class='ocrx_word' id='word_1_310' title='bbox 613 2583 707 2612; x_wconf 83' lang='lat' dir='ltr'>docet</span> <span class='ocrx_word' id='word_1_311' title='bbox 741 2581 841 2611; x_wconf 80' lang='lat' dir='ltr'>Drak.</span> <span class='ocrx_word' id='word_1_312' title='bbox 874 2581 912 2611; x_wconf 86' lang='lat' dir='ltr'>cf.</span> <span class='ocrx_word' id='word_1_313' title='bbox 940 2580 1061 2619; x_wconf 63' lang='lat' dir='ltr'>supini.</span> 
     </span>
     <span class='ocr_line' id='line_1_42' title="bbox 396 2623 1059 2664; baseline -0.002 -11"><span class='ocrx_word' id='word_1_314' title='bbox 396 2627 444 2653; x_wconf 75' lang='lat'>18.</span> <span class='ocrx_word' id='word_1_315' title='bbox 466 2626 579 2655; x_wconf 58' lang='lat' dir='ltr'>(leura.</span> <span class='ocrx_word' id='word_1_316' title='bbox 606 2626 641 2654; x_wconf 74' lang='lat' dir='ltr'>in</span> <span class='ocrx_word' id='word_1_317' title='bbox 668 2629 766 2664; x_wconf 72' lang='lat' dir='ltr'>capul</span> <span class='ocrx_word' id='word_1_318' title='bbox 792 2625 908 2663; x_wconf 75' lang='lat' dir='ltr'>posita,</span> <span class='ocrx_word' id='word_1_319' title='bbox 931 2626 963 2652; x_wconf 81' lang='lat' dir='ltr'>ct</span> <span class='ocrx_word' id='word_1_320' title='bbox 986 2623 1059 2652; x_wconf 84' lang='lat' dir='ltr'>infr.</span> 
     </span>
     <span class='ocr_line' id='line_1_43' title="bbox 393 2667 492 2705; baseline 0.02 -10"><span class='ocrx_word' id='word_1_321' title='bbox 393 2667 446 2697; x_wconf 83' lang='lat' dir='ltr'>xli.</span> <span class='ocrx_word' id='word_1_322' title='bbox 464 2679 492 2705; x_wconf 80' lang='grc'>4.</span> 
     </span>
    </p>

    <p class='ocr_par' dir='ltr' id='par_1_5' title="bbox 394 2708 1063 3003">
     <span class='ocr_line' id='line_1_44' title="bbox 435 2708 1059 2749; baseline -0.003 -10"><span class='ocrx_word' id='word_1_323' title='bbox 435 2710 453 2739; x_wconf 84' lang='grc'><strong>8</strong></span> <span class='ocrx_word' id='word_1_324' title='bbox 479 2711 554 2739; x_wconf 78' lang='lat' dir='ltr'>Post</span> <span class='ocrx_word' id='word_1_325' title='bbox 585 2711 767 2749; x_wconf 75' lang='lat' dir='ltr'>principia]</span> <span class='ocrx_word' id='word_1_326' title='bbox 811 2710 887 2739; x_wconf 82' lang='lat' dir='ltr'>Post</span> <span class='ocrx_word' id='word_1_327' title='bbox 924 2708 1059 2748; x_wconf 82' lang='lat' dir='ltr'>primam</span> 
     </span>
     <span class='ocr_line' id='line_1_45' title="bbox 393 2751 1061 2791; baseline 0 -11"><span class='ocrx_word' id='word_1_328' title='bbox 393 2751 504 2781; x_wconf 82' lang='lat' dir='ltr'>aciem.</span> <span class='ocrx_word' id='word_1_329' title='bbox 528 2753 630 2782; x_wconf 81' lang='lat' dir='ltr'>Frons</span> <span class='ocrx_word' id='word_1_330' title='bbox 641 2762 758 2791; x_wconf 85' lang='lat' dir='ltr'>nempe</span> <span class='ocrx_word' id='word_1_331' title='bbox 771 2753 839 2782; x_wconf 84' lang='lat' dir='ltr'>sola</span> <span class='ocrx_word' id='word_1_332' title='bbox 853 2751 963 2781; x_wconf 86' lang='lat' dir='ltr'>Volsci</span> <span class='ocrx_word' id='word_1_333' title='bbox 975 2761 1061 2781; x_wconf 83' lang='lat' dir='ltr'>exer-</span> 
     </span>
     <span class='ocr_line' id='line_1_46' title="bbox 394 2792 1063 2834; baseline 0.001 -12"><span class='ocrx_word' id='word_1_334' title='bbox 394 2792 475 2822; x_wconf 87' lang='lat' dir='ltr'>citus</span> <span class='ocrx_word' id='word_1_335' title='bbox 502 2795 629 2824; x_wconf 69' lang='lat' dir='ltr'>turzzbiti</span> <span class='ocrx_word' id='word_1_336' title='bbox 659 2799 715 2825; x_wconf 84' lang='lat' dir='ltr'>es.t</span> <span class='ocrx_word' id='word_1_337' title='bbox 761 2796 789 2825; x_wconf 84' lang='lat' dir='ltr'>A</span> <span class='ocrx_word' id='word_1_338' title='bbox 819 2798 907 2834; x_wconf 78' lang='lat' dir='ltr'>tergo</span> <span class='ocrx_word' id='word_1_339' title='bbox 942 2793 1063 2833; x_wconf 83' lang='lat' dir='ltr'>primae</span> 
     </span>
     <span class='ocr_line' id='line_1_47' title="bbox 393 2834 1063 2876; baseline 0.003 -13.024"><span class='ocrx_word' id='word_1_340' title='bbox 393 2834 485 2871; x_wconf 79' lang='lat' dir='ltr'>acici,</span> <span class='ocrx_word' id='word_1_341' title='bbox 500 2836 624 2866; x_wconf 81' lang='lat' dir='ltr'>ordines</span> <span class='ocrx_word' id='word_1_342' title='bbox 639 2837 751 2876; x_wconf 78' lang='lat' dir='ltr'>integri</span> <span class='ocrx_word' id='word_1_343' title='bbox 768 2841 799 2867; x_wconf 88' lang='lat' dir='ltr'>et</span> <span class='ocrx_word' id='word_1_344' title='bbox 815 2837 893 2867; x_wconf 65' lang='lat' dir='ltr'>salii</span> <span class='ocrx_word' id='word_1_345' title='bbox 909 2840 1015 2866; x_wconf 86' lang='lat' dir='ltr'>tutum</span> <span class='ocrx_word' id='word_1_346' title='bbox 1031 2836 1063 2866; x_wconf 91' lang='lat' dir='ltr'>in</span> 
     </span>
     <span class='ocr_line' id='line_1_48' title="bbox 394 2876 1061 2916; baseline 0.003 -10"><span class='ocrx_word' id='word_1_347' title='bbox 394 2876 493 2907; x_wconf 86' lang='lat' dir='ltr'>clivos</span> <span class='ocrx_word' id='word_1_348' title='bbox 507 2882 670 2916; x_wconf 83' lang='lat' dir='ltr'>receptum</span> <span class='ocrx_word' id='word_1_349' title='bbox 687 2879 839 2909; x_wconf 85' lang='grc'>111.1111101·0</span> <span class='ocrx_word' id='word_1_350' title='bbox 868 2879 1061 2909; x_wconf 84' lang='lat' dir='ltr'>Vid.G1-.on</span> 
     </span>
     <span class='ocr_line' id='line_1_49' title="bbox 395 2919 1061 2959; baseline 0.003 -11"><span class='ocrx_word' id='word_1_351' title='bbox 395 2919 526 2949; x_wconf 81' lang='lat' dir='ltr'>Observ.</span> <span class='ocrx_word' id='word_1_352' title='bbox 554 2919 593 2949; x_wconf 71' lang='lat' dir='ltr'>ix.</span> <span class='ocrx_word' id='word_1_353' title='bbox 623 2930 668 2950; x_wconf 94' lang='lat'>10.</span> <span class='ocrx_word' id='word_1_354' title='bbox 701 2922 738 2951; x_wconf 86' lang='lat' dir='ltr'>cf.</span> <span class='ocrx_word' id='word_1_355' title='bbox 763 2922 850 2952; x_wconf 69' lang='lat' dir='ltr'>xxxi.</span> <span class='ocrx_word' id='word_1_356' title='bbox 867 2923 917 2959; x_wconf 82' lang='lat'>48.</span> <span class='ocrx_word' id='word_1_357' title='bbox 952 2921 1061 2951; x_wconf 71' lang='lat' dir='ltr'>xxviii.</span> 
     </span>
     <span class='ocr_line' id='line_1_50' title="bbox 395 2961 926 3003; baseline 0.002 -12"><span class='ocrx_word' id='word_1_358' title='bbox 395 2971 447 2999; x_wconf 77' lang='lat'>24.</span> <span class='ocrx_word' id='word_1_359' title='bbox 508 2961 650 2991; x_wconf 77' lang='lat' dir='ltr'>.Clcnz.</span> <span class='ocrx_word' id='word_1_360' title='bbox 669 2962 709 2991; x_wconf 84' lang='lat' dir='ltr'>R.</span> <span class='ocrx_word' id='word_1_361' title='bbox 729 2963 803 2992; x_wconf 79' lang='lat' dir='ltr'>Aut.</span> <span class='ocrx_word' id='word_1_362' title='bbox 821 2964 871 2997; x_wconf 65' lang='grc' dir='ltr'>ξ</span> <span class='ocrx_word' id='word_1_363' title='bbox 857 2974 926 3003; x_wconf 69' lang='lat'>249·</span> 
     </span>
    </p>
   </div>
   <div class='ocr_carea' id='block_1_5' title="bbox 1104 2449 1779 2960">
    <p class='ocr_par' dir='ltr' id='par_1_6' title="bbox 1104 2449 1779 2917">
     <span class='ocr_line' id='line_1_51' title="bbox 1150 2449 1779 2492; baseline -0.003 -11"><span class='ocrx_word' id='word_1_364' title='bbox 1150 2462 1169 2492; x_wconf 86' lang='lat'>9</span> <span class='ocrx_word' id='word_1_365' title='bbox 1192 2453 1234 2481; x_wconf 80' lang='lat' dir='ltr'>In</span> <span class='ocrx_word' id='word_1_366' title='bbox 1257 2451 1447 2488; x_wconf 71' lang='lat' dir='ltr'>obtinentes]</span> <span class='ocrx_word' id='word_1_367' title='bbox 1478 2449 1646 2480; x_wconf 83' lang='lat' dir='ltr'>Editiones</span> <span class='ocrx_word' id='word_1_368' title='bbox 1668 2459 1779 2480; x_wconf 87' lang='lat' dir='ltr'>omnes</span> 
     </span>
     <span class='ocr_line' id='line_1_52' title="bbox 1107 2492 1778 2532; baseline -0.001 -9"><span class='ocrx_word' id='word_1_369' title='bbox 1107 2493 1172 2524; x_wconf 84' lang='lat' dir='ltr'>fere</span> <span class='ocrx_word' id='word_1_370' title='bbox 1209 2498 1284 2523; x_wconf 84' lang='lat' dir='ltr'>ante</span> <span class='ocrx_word' id='word_1_371' title='bbox 1311 2492 1416 2532; x_wconf 86' lang='lat' dir='ltr'>Sigon.</span> <span class='ocrx_word' id='word_1_372' title='bbox 1444 2492 1711 2532; x_wconf 83' lang='lat' dir='ltr'>praepositionem</span> <span class='ocrx_word' id='word_1_373' title='bbox 1742 2494 1778 2523; x_wconf 75' lang='lat' dir='ltr'>in</span> 
     </span>
     <span class='ocr_line' id='line_1_53' title="bbox 1107 2534 1778 2574; baseline 0 -8"><span class='ocrx_word' id='word_1_374' title='bbox 1107 2547 1170 2566; x_wconf 87' lang='lat' dir='ltr'>non</span> <span class='ocrx_word' id='word_1_375' title='bbox 1188 2536 1319 2573; x_wconf 81' lang='lat' dir='ltr'>habent,</span> <span class='ocrx_word' id='word_1_376' title='bbox 1335 2539 1367 2565; x_wconf 84' lang='lat' dir='ltr'>et</span> <span class='ocrx_word' id='word_1_377' title='bbox 1383 2535 1502 2566; x_wconf 85' lang='lat' dir='ltr'>Stroth.</span> <span class='ocrx_word' id='word_1_378' title='bbox 1516 2535 1647 2572; x_wconf 86' lang='lat' dir='ltr'>omittit,</span> <span class='ocrx_word' id='word_1_379' title='bbox 1663 2534 1717 2574; x_wconf 89' lang='lat' dir='ltr'>qui</span> <span class='ocrx_word' id='word_1_380' title='bbox 1732 2534 1778 2566; x_wconf 82' lang='lat' dir='ltr'>ita</span> 
     </span>
     <span class='ocr_line' id='line_1_54' title="bbox 1108 2578 1778 2617; baseline 0 -8"><span class='ocrx_word' id='word_1_381' title='bbox 1108 2579 1219 2609; x_wconf 82' lang='lat' dir='ltr'>vertit:</span> <span class='ocrx_word' id='word_1_382' title='bbox 1245 2584 1280 2609; x_wconf 74' lang='lat' dir='ltr'>ut</span> <span class='ocrx_word' id='word_1_383' title='bbox 1305 2578 1456 2615; x_wconf 83' lang='lat' dir='ltr'>Romani,</span> <span class='ocrx_word' id='word_1_384' title='bbox 1477 2589 1540 2608; x_wconf 88' lang='lat' dir='ltr'>non</span> <span class='ocrx_word' id='word_1_385' title='bbox 1567 2578 1707 2617; x_wconf 82' lang='lat' dir='ltr'>amplius</span> <span class='ocrx_word' id='word_1_386' title='bbox 1731 2588 1778 2609; x_wconf 80' lang='lat' dir='ltr'>re-</span> 
     </span>
     <span class='ocr_line' id='line_1_55' title="bbox 1107 2620 1778 2660; baseline 0 -9"><span class='ocrx_word' id='word_1_387' title='bbox 1107 2622 1266 2658; x_wconf 85' lang='lat' dir='ltr'>cedentes,</span> <span class='ocrx_word' id='word_1_388' title='bbox 1278 2622 1330 2651; x_wconf 80' lang='grc'>5011</span> <span class='ocrx_word' id='word_1_389' title='bbox 1348 2622 1522 2652; x_wconf 77' lang='lat' dir='ltr'>obtmentes</span> <span class='ocrx_word' id='word_1_390' title='bbox 1534 2623 1635 2651; x_wconf 86' lang='lat' dir='ltr'>locum</span> <span class='ocrx_word' id='word_1_391' title='bbox 1647 2630 1685 2651; x_wconf 89' lang='lat' dir='ltr'>eo</span> <span class='ocrx_word' id='word_1_392' title='bbox 1697 2620 1778 2660; x_wconf 87' lang='lat' dir='ltr'>ipso,</span> 
     </span>
     <span class='ocr_line' id='line_1_56' title="bbox 1106 2664 1778 2703; baseline 0 -10"><span class='ocrx_word' id='word_1_393' title='bbox 1106 2665 1189 2703; x_wconf 84' lang='lat' dir='ltr'>quod</span> <span class='ocrx_word' id='word_1_394' title='bbox 1208 2674 1281 2694; x_wconf 86' lang='lat' dir='ltr'>eum</span> <span class='ocrx_word' id='word_1_395' title='bbox 1298 2665 1498 2701; x_wconf 83' lang='lat' dir='ltr'>obtinebant,</span> <span class='ocrx_word' id='word_1_396' title='bbox 1513 2674 1598 2694; x_wconf 78' lang='lat' dir='ltr'>mres</span> <span class='ocrx_word' id='word_1_397' title='bbox 1612 2664 1778 2701; x_wconf 77' lang='lat' dir='ltr'>ferebant,</span> 
     </span>
     <span class='ocr_line' id='line_1_57' title="bbox 1104 2706 1778 2745; baseline -0.001 -8"><span class='ocrx_word' id='word_1_398' title='bbox 1104 2707 1123 2738; x_wconf 83' lang='lat' dir='ltr'>i.</span> <span class='ocrx_word' id='word_1_399' title='bbox 1128 2718 1154 2737; x_wconf 90' lang='grc'>0.</span> <span class='ocrx_word' id='word_1_400' title='bbox 1162 2708 1374 2737; x_wconf 83' lang='lat' dir='ltr'>resumebant.</span> <span class='ocrx_word' id='word_1_401' title='bbox 1390 2708 1488 2737; x_wconf 81' lang='lat' dir='ltr'>Plura</span> <span class='ocrx_word' id='word_1_402' title='bbox 1496 2706 1778 2745; x_wconf 83' lang='lat' dir='ltr'>quoqueexempla</span> 
     </span>
     <span class='ocr_line' id='line_1_58' title="bbox 1107 2750 1777 2789; baseline -0.003 -9"><span class='ocrx_word' id='word_1_403' title='bbox 1107 2750 1192 2780; x_wconf 68' lang='grc'>101111</span> <span class='ocrx_word' id='word_1_404' title='bbox 1200 2750 1294 2787; x_wconf 74' lang='lat' dir='ltr'>fer-oe</span> <span class='ocrx_word' id='word_1_405' title='bbox 1310 2760 1366 2789; x_wconf 90' lang='lat' dir='ltr'>pro</span> <span class='ocrx_word' id='word_1_406' title='bbox 1382 2760 1535 2789; x_wconf 58' lang='grc' dir='ltr'>(10011101ῃο</span> <span class='ocrx_word' id='word_1_407' title='bbox 1545 2759 1679 2786; x_wconf 83' lang='lat' dir='ltr'>sumere,</span> <span class='ocrx_word' id='word_1_408' title='bbox 1692 2758 1777 2778; x_wconf 88' lang='lat' dir='ltr'>usur-</span> 
     </span>
     <span class='ocr_line' id='line_1_59' title="bbox 1108 2791 1776 2832; baseline 0 -10"><span class='ocrx_word' id='word_1_409' title='bbox 1108 2792 1174 2832; x_wconf 80' lang='lat' dir='ltr'>pati</span> <span class='ocrx_word' id='word_1_410' title='bbox 1196 2792 1316 2823; x_wconf 81' lang='lat' dir='ltr'>recitat.</span> <span class='ocrx_word' id='word_1_411' title='bbox 1340 2794 1452 2823; x_wconf 76' lang='lat' dir='ltr'>deinde</span> <span class='ocrx_word' id='word_1_412' title='bbox 1467 2791 1663 2823; x_wconf 78' lang='lat' dir='ltr'>obtinentes</span> <span class='ocrx_word' id='word_1_413' title='bbox 1654 2801 1687 2821; x_wconf 80' lang='lat' dir='ltr'>ln</span> <span class='ocrx_word' id='word_1_414' title='bbox 1704 2791 1776 2822; x_wconf 85' lang='lat' dir='ltr'>MS.</span> 
     </span>
     <span class='ocr_line' id='line_1_60' title="bbox 1110 2834 1775 2873; baseline -0.005 -8"><span class='ocrx_word' id='word_1_415' title='bbox 1110 2835 1218 2865; x_wconf 84' lang='lat' dir='ltr'>Veith.</span> <span class='ocrx_word' id='word_1_416' title='bbox 1267 2835 1405 2866; x_wconf 70' lang='grc'>0101101.</span> <span class='ocrx_word' id='word_1_417' title='bbox 1430 2845 1503 2865; x_wconf 82' lang='lat' dir='ltr'>vero</span> <span class='ocrx_word' id='word_1_418' title='bbox 1528 2834 1775 2873; x_wconf 85' lang='lat' dir='ltr'>interpretatur:</span> 
     </span>
     <span class='ocr_line' id='line_1_61' title="bbox 1107 2874 1776 2917; baseline -0.005 -10"><span class='ocrx_word' id='word_1_419' title='bbox 1107 2882 1275 2917; x_wconf 82' lang='lat' dir='ltr'>postquam</span> <span class='ocrx_word' id='word_1_420' title='bbox 1296 2878 1376 2908; x_wconf 74' lang='grc'>11105</span> <span class='ocrx_word' id='word_1_421' title='bbox 1394 2878 1514 2908; x_wconf 82' lang='lat' dir='ltr'>dabant</span> <span class='ocrx_word' id='word_1_422' title='bbox 1535 2877 1684 2907; x_wconf 80' lang='lat' dir='ltr'>invadere</span> <span class='ocrx_word' id='word_1_423' title='bbox 1706 2874 1776 2904; x_wconf 77' lang='lat' dir='ltr'>hos-</span> 
     </span>
    </p>

    <p class='ocr_par' dir='ltr' id='par_1_7' title="bbox 1107 2917 1773 2960">
     <span class='ocr_line' id='line_1_62' title="bbox 1107 2917 1773 2960; baseline -0.008 -9.875"><span class='ocrx_word' id='word_1_424' title='bbox 1107 2926 1184 2957; x_wconf 68' lang='lat' dir='ltr'>ton,</span> <span class='ocrx_word' id='word_1_425' title='bbox 1201 2920 1271 2959; x_wconf 88' lang='lat' dir='ltr'>qui</span> <span class='ocrx_word' id='word_1_426' title='bbox 1266 2920 1460 2960; x_wconf 71' lang='lat' dir='ltr'>superiorem</span> <span class='ocrx_word' id='word_1_427' title='bbox 1478 2920 1596 2949; x_wconf 89' lang='lat' dir='ltr'>locum&#39;</span> <span class='ocrx_word' id='word_1_428' title='bbox 1600 2917 1773 2947; x_wconf 78' lang='lat' dir='ltr'>obtinebat.</span> 
     </span>
    </p>
   </div>
  </div>
 </body>
</html>
