1934 3211
562 174 688 215 LIB.
735 172 789 214 ΙΙ.
837 173 983 215 CAP
1031 178 1092 215 13.
1467 178 1518 218 87

136 280 260 322 quam
292 264 345 306 de
382 263 623 329 Tarquiniis
658 263 702 303 in
735 277 911 319 regnum
943 262 1224 311 restituendis,
1262 265 1391 319 magis
1423 265 1578 320 quiaU.
1596 273 1633 304 C.
1652 272 1721 312 246.

135 322 180 364 id
210 336 362 387 negare
395 321 486 386 ipse
518 320 767 385 nequiverat
793 319 1049 376 Tarquiniis,
1083 334 1210 376 quam
1245 320 1360 375 quod
1394 336 1520 377 nega·
1534 315 1572 346 A.
1597 316 1632 347 C.
1652 315 1722 356 506.

104 388 225 422 atum
248 379 299 420 iri
327 378 408 420 sibi
439 379 492 420 ab
524 377 728 420 Romanis
756 377 978 434 ignoraret.
1041 377 1109 418 De
1137 392 1236 433 agro
1266 376 1521 420 Veientibus

133 435 391 479 restituendo
430 435 724 492 impetratum:
777 450 1054 492 expressaque
1096 435 1318 476 necessitas
1357 435 1520 477 obsides

133 493 263 536 dandi
304 493 519 543 Romanis,
561 508 595 534 si
634 492 824 534 Ianiculo
864 493 1117 549 praesidium
1158 492 1311 533 deduci
1351 492 1517 534 vellent.

103 550 215 593 3His
242 551 554 593 conditionibus
587 550 816 607 composita
844 566 959 607 paee,
989 550 1220 592 exercitum
1251 550 1302 591 ab
1330 549 1519 592 Ianiculo

132 608 312 650 deduxit
344 608 571 658 Porsenna,
607 617 649 650 et
684 623 782 665 agro
814 607 1008 650 Romano
1036 608 1224 650 excessit.
1287 607 1433 649 Patres
1466 608 1517 650 C.

134 665 281 708 Mucio
316 666 480 708 virtutis
510 681 634 708 causa
664 674 777 707 trans
808 666 999 708 Tiberim
1032 681 1175 722 agrum
1209 665 1320 707 dono
1351 665 1519 716 dedere,

133 739 240 781 quae
268 733 413 781 postea
436 733 534 766 sunt
561 723 709 765 Mucia
731 732 850 780 prata
875 723 1091 780 appellata.
1155 722 1281 779 Ergo,
1303 723 1362 764 ita
1388 723 1520 765 hono-

133 790 222 823 rata
249 782 416 832 virtute,
437 781 618 824 feminae
647 796 816 838 quoque
841 781 895 822 ad
924 781 1095 838 publica
1122 781 1273 823 decora
1300 781 1517 823 excitatae.

100 850 122 879 4
134 838 191 881 Et
206 838 371 881 Cloelia
384 840 514 896 virgo,
532 855 617 881 una
636 854 690 880 ex
707 839 935 889 obsidibus,
950 855 1081 896 quum
1103 849 1235 880 castra
1248 838 1521 881 Etruscorum
1533 848 1669 881 Cloelia.

131 896 237 939 forte
258 896 376 939 haud
396 875 542 962 procul
554 897 645 954 ripa
661 897 828 938 Tiberis
843 897 977 938 locata
997 906 1146 947 essent,
1169 896 1363 938 frustrata
1383 906 1522 940 custo-

132 954 219 1006 des,
241 954 329 997 dux
349 970 526 1012 agmmis
547 970 757 1011 vlrglnum
778 955 890 996 inter
910 954 994 996 tela
1020 954 1204 996 hostium
1230 954 1418 997 Tiberim
1440 964 1520 997 tra-

132 1013 272 1054 navit.
305 1013 562 1078 sospitesque
591 1028 736 1054 omnes
765 1012 945 1054 Romam
966 1012 1020 1054 ad
1030 1012 1300 1078 propinquos
1327 1012 1520 1055 restituit.

137 1070 266 1120 Quod
287 1071 361 1113 ubi
385 1086 474 1127 regi
502 1071 741 1112 nuntiatum
769 1079 845 1120 est,
867 1071 1002 1127 primo
1028 1070 1220 1111 incensus
1245 1071 1317 1120 ira,
1340 1079 1522 1113 oratores

134 1127 314 1170 Romam
349 1129 461 1171 misit
497 1128 551 1170 ad
583 1127 790 1170 Cloeliam
824 1128 1015 1170 obsidem
1050 1128 1381 1184 deposcendam3
1423 1128 1523 1170 alias

133 1185 249 1227 haud
265 1186 405 1243 magni
425 1186 583 1227 facere:
617 1185 803 1227 deinde
793 1201 838 1226 111
859 1185 1178 1227 admirationem
1199 1201 1351 1236 versus,
1375 1192 1387 1210 ‘
1400 1201 1525 1243 supra

134 1242 347 1286 ‘Coclites
378 1243 642 1299 Muciosque'
675 1243 814 1285 dicere
848 1243 916 1284 ‘id
945 1243 1106 1285 facinus
1136 1244 1251 1293 esse,'
1281 1252 1323 1285 et
1352 1259 1448 1300 prae
1480 1259 1523 1286 se

131 1301 289 1351 ferre‚‘
302 1301 670 1366 quemadmodum,
694 1301 728 1342 si
753 1316 839 1342 non
866 1301 1045 1342 dedatur
1072 1303 1206 1351 obses,
1259 1316 1304 1342 ro
1332 1311 1455 1358 rupto
1480 1316 1522 1343 se

135 1358 306 1400 ‘foedus
327 1359 592 1408 habiturum3
625 1359 683 1400 sic
708 1357 940 1408 deditam,
930 1357 1169 1399 mviolatam
1190 1316 1257 1399 ad)
1264 1373 1359 1400 suos
1380 1359 1525 1423 remis-

136 1422 147 1440 ‘
160 1431 315 1458 surum.
320 1416 330 1433 ⁹
391 1416 616 1472 Utrimque
631 1416 819 1457 constitit
835 1415 957 1457 fides:
991 1424 1033 1457 et
1050 1415 1231 1457 Romani
1245 1416 1396 1472 pignus
1412 1415 1526 1472 pacis

135 1489 189 1516 ex
209 1473 375 1516 foedere
398 1474 686 1515 restituerunt:
721 1482 763 1514 et
784 1473 896 1529 apud
918 1488 1059 1529 regem
1082 1472 1306 1514 Etruscum
1328 1488 1414 1516 non
1437 1482 1527 1515 tuta

135 1531 282 1581 solum,
304 1531 377 1573 sed
401 1531 604 1572 honorata
627 1531 766 1580 etiam,
789 1530 920 1572 virtus
947 1530 1048 1572 fuit:
1081 1530 1376 1587 laudatamque
1402 1531 1526 1588 virgi-

104 1601 121 1632 5
135 1604 232 1631 nem
253 1597 367 1646 parte
389 1588 584 1631 obsidum
601 1603 643 1630 se
665 1587 821 1630 donare
843 1588 973 1630 dixit:
1008 1589 1108 1645 ipsa,
1132 1604 1237 1645 quos
1258 1588 1395 1639 vellet,
1414 1588 1526 1646 lege-

134 1783 213 1816 Tac.
234 1783 322 1815 Hist.
344 1783 388 1815 iii.
416 1791 466 1823 72,
488 1784 617 1822 “quam
642 1792 706 1813 non
732 1783 808 1813 Por·
856 1782 900 1814 H.
925 1782 969 1813 N.
994 1782 1102 1813 xxxiv.
1124 1792 1134 1813 ι
1142 1792 1169 1822 3.
1193 1783 1341 1823 reperies.
1371 1784 1410 1814 cf.
1428 1783 1527 1816 Dion.

134 1837 245 1865 senna,
265 1827 373 1858 dedita
393 1827 473 1857 urbe
495 1836 555 1856 nec
572 1825 662 1856 Galli
679 1827 809 1865 capta,''

135 1873 196 1901 etc.
235 1869 361 1901 Plinius
373 1879 501 1909 quoque
515 1869 559 1899 H.
575 1868 619 1899 N.
633 1868 742 1899 xxxiv.
757 1877 806 1909 39.

134 1914 156 1929 “
170 1913 210 1944 In
236 1913 375 1950 foedere,
401 1912 487 1951 quod
513 1911 657 1951 expulsis
682 1911 808 1951 regibus

137 1956 259 1996 populo
283 1956 433 1987 Romano
455 1955 539 1986 dedit
563 1954 739 1992 Porsenna,
755 1964 809 1984 no-

136 1998 283 2029 minatim
315 1997 581 2038 comprehensum
618 1996 811 2034 invenimus,

138 2051 178 2073 ne
192 2041 274 2072 ferro
290 2041 350 2072 nisi
372 2040 404 2071 in
427 2040 493 2080 agri
509 2040 669 2070 culturam
686 2043 811 2070 uteren-

137 2086 225 2116 tur.”

179 2136 195 2158 ἰ
214 2128 264 2157 De
273 2136 350 2167 ayro
362 2126 560 2162 Veientibus]
577 2124 685 2161 Quem
696 2128 814 2164 septem

136 2180 236 2210 payns
254 2168 350 2200 Dion.
369 2179 396 2200 v.
416 2178 464 2207 3¹·
483 2178 549 2197 ιοο
551 2173 596 2198 it:
621 2178 675 2198 eos
698 2166 813 2196 Veien-

139 2212 225 2243 tibus
250 2212 409 2242 Romulus
430 2211 606 2246 ademeram
630 2220 715 2240 nunc
740 2219 812 2239 vero

142 2255 170 2286 vi
187 2254 308 2294 recepit
326 2255 497 2285 Porsenna.
531 2253 720 2289 Quinetiam
735 2252 761 2283 Ρ
766 2253 812 2282 lu-

140 2297 241 2328 tarch.
256 2299 321 2334 Qu.
336 2297 430 2328 Rom.
444 2297 489 2327 18.
502 2306 612 2336 agrum
628 2296 813 2327 Romanum

143 2340 286 2371 Etruscis
301 2350 341 2371 ex
367 2344 455 2380 parte
471 2339 608 2369 decuma
626 2338 812 2377 vectigalem

143 2383 238 2414 fuisse
260 2383 376 2413 scribit.
403 2382 537 2413 Nieblir.
560 2381 581 2412 i.
605 2391 634 2421 p.
652 2391 722 2420 4¹2·
742 2382 812 2420 538.

144 2430 267 2466 partem
298 2426 425 2456 tertiam
462 2425 624 2464 regionum
655 2434 674 2454 a
705 2424 814 2454 Servio

144 2468 373 2508 descriptarum
412 2479 431 2498 a
469 2467 640 2498 victoribus
673 2466 815 2496 Etruscis

146 2510 212 2541 iure
233 2511 375 2549 gentium
396 2511 510 2542 Italico
530 2510 685 2540 Romanis
707 2510 814 2539 adem-

147 2557 212 2583 tam
229 2564 307 2590 ene,
322 2559 419 2593 atque
439 2554 483 2584 im
499 2553 640 2583 evenisse
658 2557 691 2582 ut
708 2552 748 2582 de
765 2551 816 2581 tri-

146 2595 235 2635 ginta
253 2595 397 2627 tribubus
413 2596 571 2627 Seniani„
588 2595 696 2632 viginti
714 2595 816 2624 nolum

150 2648 248 2678 usque
264 2638 305 2668 nd
325 2638 365 2670 U.
377 2639 415 2669 C.
434 2647 492 2680 259
508 2642 718 2678 superessent.

193 2690 210 2720 3
235 2681 297 2711 lli:
315 2682 559 2719 corulitwnilm]
598 2679 774 2720 Βίοιηκῑυει
791 2689 818 2710 v.

151 2733 200 2764 35.
232 2727 377 2753 senatum
414 2723 596 2753 Romanum
628 2714 821 2757 Porsennae,

152 2772 185 2797 ut
207 2766 281 2805 regi,
297 2765 411 2796 solium
429 2766 603 2796 eburneum
625 2765 751 2804 aliaque
776 2764 820 2794 in-

151 2809 251 2849 signia
275 2808 403 2847 regalia,
419 2808 689 2848 quemadmodum
715 2807 819 2837 Etrus-

152 2863 206 2883 cos
229 2851 407 2891 Tarquinio
437 2850 554 2887 Prisco,
579 2860 710 2880 munem
733 2849 821 2879 dctu-

153 2895 226 2926 lime
242 2894 360 2925 scribit.

196 2950 214 2976 4
235 2938 370 2974 Cloelia]
399 2936 502 2967 Aliam
521 2936 661 2967 sabulum
676 2945 726 2975 ap.
742 2934 825 2966 I‘lin.

855 1835 882 1856 v.
901 1834 951 1865 33.
978 1825 1065 1856 Plut.
1083 1825 1179 1856 Publ.
1200 1835 1247 1867 19.

896 1878 913 1908 5
937 1869 1041 1899 I’arte
1063 1869 1203 1899 obsidum
1227 1879 1260 1899 se
1282 1870 1402 1901 donare
1425 1870 1524 1908 dia-it]

852 1911 964 1947 Quota
979 1915 1096 1950 parte?
1127 1911 1258 1951 Nempe
1273 1912 1416 1943 dimidia.
1461 1912 1528 1944 Ubi

854 1954 939 1984 enim
964 1965 1045 1994 pars
1066 1958 1096 1985 et
1120 1959 1231 1994 partes
1254 1955 1300 1985 ita
1325 1954 1357 1985 in
1384 1955 1528 1985 oratione

855 2001 1030 2036 ponuntur,
1049 2001 1084 2027 ut
1108 2001 1214 2027 certae
1237 1998 1395 2036 quaedam
1420 2002 1452 2028 et
1475 1998 1527 2028 de-

855 2039 1046 2069 terminatae
1067 2039 1227 2079 portiones
1251 2040 1332 2070 finiri
1350 2040 1529 2076 videantur,

856 2092 915 2112 nec
941 2086 1050 2112 tamen
1073 2082 1190 2112 diserte
1215 2082 1397 2121 explicetur
1418 2083 1530 2122 quales

858 2124 934 2154 illae
962 2129 1067 2164 partes
1092 2123 1178 2160 siut3
1206 2130 1274 2154 tuni
1301 2125 1530 2164 intelligendae

857 2172 929 2196 sunt
956 2171 1061 2206 partes
1083 2167 1251 2201 eiusmodi,
1267 2167 1382 2206 quilius
1405 2178 1468 2197 una
1491 2167 1529 2197 si-

857 2209 941 2239 milis
963 2209 1074 2239 addita
1097 2215 1200 2239 totum
1225 2210 1351 2240 efficiat.
1397 2210 1450 2240 Sic
1469 2210 1530 2240 hoc

858 2252 928 2282 loeo
943 2252 1109 2282 dimidiam
1127 2252 1273 2282 obsidum
1298 2257 1419 2292 partem
1436 2252 1529 2283 intel-

859 2295 997 2335 ligimus,
1012 2295 1063 2325 cui
1080 2295 1180 2325 altera
1196 2295 1329 2326 dimidia
1354 2305 1426 2335 pars
1440 2295 1530 2327 addi-

858 2342 891 2368 ta
914 2343 1017 2368 totum
1041 2337 1190 2369 efficeret.
1236 2338 1288 2368 Sic
1312 2338 1393 2368 int'm
1409 2348 1458 2376 41.
1476 2337 1529 2368 ubi

857 2380 1008 2410 dicuntur
1033 2381 1118 2410 dnae
1146 2381 1217 2419 {tyri
1246 2386 1356 2420 parics
1381 2380 1532 2412 llernicis

858 2424 1034 2463 title-triplae,
1070 2423 1299 2460 intelligendae
1336 2428 1409 2453 sunt
1448 2423 1531 2454 duae

859 2466 971 2496 tertiae
996 2470 1112 2505 partes,
1127 2466 1242 2504 quihus
1259 2476 1321 2495 una
1342 2466 1448 2497 adhuc
1472 2471 1531 2496 ter-

860 2509 904 2538 tia
928 2518 1019 2547 pars
1013 2508 1123 2538 ἰιΙιΙίῐί
1140 2513 1172 2538 to
1175 2514 1242 2538 tum
1260 2509 1410 2540 efficeret
1455 2511 1532 2544 Quo

861 2551 1012 2590 quidem'
1005 2561 1035 2580 m
1055 2551 1073 2580 1«
1067 2562 1125 2580 oco
1142 2561 1189 2581 re*
1206 2552 1330 2581 munifi·
1325 2551 1461 2581 iix-lium
1474 2556 1532 2587 est,

862 2605 960 2633 quum
989 2593 1100 2623 codem
1130 2593 1236 2632 capite
1263 2593 1430 2624 obiici-itur
1456 2595 1532 2625 Cus-

862 2637 921 2673 sio,
936 2636 988 2675 qni
1011 2637 1092 2665 dum
1116 2635 1187 2665 illis
1203 2636 1273 2684 ιιὸῐυί
1290 2642 1399 2676 partes
1417 2636 1533 2667 lierni-

863 2679 908 2709 εἰει
937 2680 1112 2714 ude.mernt‚
1138 2679 1223 2717 quod
1254 2678 1291 2709 iis
1317 2681 1441 2710 tertiam
1468 2679 1535 2719 agri

861 2726 985 2762 partem
1004 2721 1186 2753 reddiderit.
1222 2722 1396 2757 Quomodo
1409 2721 1459 2752 hic
1474 2732 1533 2753 vox

863 2768 956 2804 purte
983 2764 1129 2793 absolun·
1161 2764 1290 2803 ponitur
1320 2775 1376 2805 pro
1404 2766 1535 2796 ‹timidia

864 2811 969 2846 purte,
993 2806 1037 2837 nic
1062 2811 1093 2837 et
1118 2806 1203 2845 upud
1229 2806 1323 2839 ovid.
1348 2807 1482 2840 Metam.
1509 2819 1536 2839 v.

868 2858 938 2887 453.
975 2849 1204 2890 Nequemllmc
1215 2854 1305 2890 epota
1320 2855 1424 2890 parte.
1466 2851 1536 2882 lam

868 2894 966 2922 (jeten
981 2891 1123 2931 aliquam
1147 2896 1269 2932 partem
1291 2893 1425 2930 biberat,
1441 2898 1476 2924 ut
1498 2904 1536 2925 ex

869 2939 1022 2966 contextu
1048 2934 1236 2966 narrationis
1262 2941 1375 2976 putem
1404 2942 1436 2967 ut
1463 2947 1537 2967 non-
