1934 3211
407 182 491 220 330
927 178 1074 221 ΤΙΤΙ
1111 179 1291 221 LIVII

189 274 289 306 U.C.
307 273 378 315 365·
406 267 636 324 intactique
668 268 878 324 fugerunt.
942 268 1036 310 Nec
1072 268 1156 310 ulla
1188 268 1336 310 caedes
1376 267 1656 324 pugnantium
1689 267 1795 308 fuit·

188 319 227 350 A·
251 319 289 351 C·
308 320 378 359 387.
407 334 523 389 terga
549 340 668 366 caesa
694 334 858 366 suomet
885 325 1070 382 ipsorum
1095 326 1321 366 certamine
1350 326 1394 366 in
1416 326 1538 366 turba
1564 324 1798 389 impedien-

407 382 514 423 tium
526 383 679 438 fugam.
726 381 853 423 Circa
873 398 1005 439 ripam
1020 383 1200 433 Tibelis,
1218 399 1302 438 quo
1324 383 1447 424 armis
1469 381 1641 423 abiectis
1662 390 1797 422 totum

407 439 620 480 sinistrum
636 454 768 481 cornu
781 439 954 495 defugit,
975 455 1126 495 magna
1142 450 1297 496 strages
1310 441 1417 481 facta
1431 448 1510 480 est·
1545 439 1830 502 multosque,4

406 496 620 552 imperitos
641 497 772 537 nandi
793 506 865 537 aut
892 497 1107 546 invalidos,
1131 513 1275 553 graves
1295 497 1432 538 loricis
1453 496 1626 552 aliisque
1649 494 1799 559 tegmi-

406 553 529 593 nibus
565 554 740 594 hausere
780 554 976 608 gurgites.
1041 553 1231 594 Maxima
1267 563 1408 594 tamen
1443 568 1538 618 pars
1578 551 1800 594 incolumis

406 609 535 651 Veios
552 611 758 666 perfugit,
792 610 904 650 unde
927 626 1013 651 non
1035 610 1161 650 modo
1175 611 1371 665 praesidii
1392 611 1631 665 quicquam,
1649 609 1724 650 sed
1743 623 1798 648 ne

409 668 583 708 nuntius
620 667 791 722 quidem
825 666 966 716 cladis,
1002 667 1184 707 Romam
1220 676 1283 707 est
1315 667 1475 707 missus.
1539 667 1609 707 Ab
1648 666 1800 707 dextro

407 739 549 773 cornu,
573 723 687 779 quod
708 723 853 778 procul
875 738 899 763 a
925 723 1098 765 flumine
1121 731 1163 764 et
1191 724 1322 779 magis
1349 724 1426 763 sub
1447 731 1590 764 monte
1616 730 1799 772 steterat,

409 780 592 822 Romam
620 795 767 820 omnes
791 780 964 835 petiere,
994 788 1048 829 et,
1071 795 1124 821 ne
1146 779 1294 821 clausis
1322 780 1494 836 quidem
1521 779 1652 836 portis
1672 779 1799 829 urbis,

408 839 452 878 in
473 852 611 878 arcem
631 836 922 893 confugerunt.

254 899 321 937 39.
469 894 612 935 Gallos
645 909 814 958 quoque
845 894 959 935 velut
989 894 1295 959 obstupefactos
1325 894 1572 935 miraculum
1602 893 1800 934 victoriae

192 953 280 984 (1th
288 951 397 992 spolns
410 962 492 992 tam
506 951 749 1007 repentinae
768 951 915 992 tenuit.
978 951 1065 992 Et
1054 952 1134 1007 ipsi
1154 967 1305 1007 pavore
1327 951 1455 992 defixi
1471 951 1653 1007 primum
1674 958 1802 991 stete-

190 996 379 1068 {5ss1⁵ng
407 1017 517 1058 runt,
539 1008 691 1049 velut
681 1008 827 1063 ignari,
851 1008 955 1064 quid
982 1008 1223 1050 accidisset:
1257 1009 1411 1049 deinde
1440 1007 1611 1049 insidias
1637 1007 1799 1049 vereri:

406 1075 616 1130 postremo
637 1080 851 1106 caesorum
872 1065 1004 1121 spolia
1033 1065 1185 1121 legere,
1207 1080 1500 1121 armorumque
1529 1064 1731 1112 cumulos,
1753 1071 1802 1104 ut

406 1137 496 1164 mos
516 1123 566 1163 iis
594 1131 668 1172 est,
691 1137 943 1163 coacervare.
1007 1122 1121 1163 Tum
1142 1123 1326 1172 demum,
1347 1132 1570 1179 postquam
1598 1121 1705 1162 nihil
1732 1135 1803 1161 us—

407 1195 534 1235 quam
563 1154 711 1220 hostile
748 1180 1007 1229 cernebatur,
1038 1179 1149 1220 viam
1178 1180 1364 1235 ingressi,
1396 1179 1510 1220 haud
1540 1178 1672 1220 multo
1703 1186 1799 1218 ante

406 1237 503 1278 solis
533 1251 726 1277 occasum
754 1236 808 1277 ad
838 1237 985 1277 urbem
1017 1236 1199 1277 Romam
1226 1236 1488 1292 perveniunt.
1552 1235 1639 1277 Ubi
1667 1249 1800 1291 quum

407 1294 634 1349 praegressi
665 1293 840 1349 equites,
870 1309 956 1334 non
986 1302 1126 1349 portas
1155 1293 1324 1358 clausas,
1356 1308 1442 1334 non
1473 1293 1695 1333 stationem
1723 1306 1803 1347 pro

408 1352 538 1406 portis
573 1351 792 1400 excubare,
829 1365 916 1391 non
950 1359 1127 1392 armatos
1159 1366 1246 1391 esse
1277 1351 1322 1390 in
1362 1350 1503 1399 muris,
1534 1348 1799 1391 retulissent:

410 1407 523 1447 aliud
562 1408 690 1472 priori
730 1407 862 1448 simile
903 1407 1147 1448 miraculum
1185 1423 1256 1448 eos
1287 1407 1506 1456 sustinuit3
1548 1414 1802 1460 noctemque

409 1464 530 1504 veriti
551 1473 594 1504 et
613 1465 780 1519 ignotae
802 1465 928 1505 situm
949 1465 1075 1514 urbis,
1097 1465 1207 1505 inter
1235 1464 1417 1505 Romam
1438 1472 1563 1519 atque
1586 1463 1801 1503 Anienem

409 1520 648 1569 consedere,
696 1521 1024 1585 exploratoribus
1071 1521 1204 1562 missis
1250 1521 1360 1562 circa
1405 1521 1572 1561 moenia
1617 1519 1802 1574 aliasque

193 1588 355 1618 Romano-
408 1586 558 1641 portas,
577 1592 784 1632 quaenam
800 1577 1017 1618 hostibus
1007 1593 1051 1618 m
1072 1578 1237 1633 perdita
1251 1594 1294 1619 re
1317 1577 1489 1619 consilia
1501 1585 1649 1618 essent.
1714 1575 1803 1616 Ro-

191 1640 261 1660 rum
278 1640 386 1669 pavor.
410 1635 535 1683 mani,
555 1649 687 1688 quum
707 1649 800 1688 pars
818 1634 948 1674 maior
968 1649 1021 1674 ex
1042 1635 1130 1675 acie
1152 1634 1282 1675 Veios
1302 1634 1486 1689 petisset,
1509 1649 1636 1675 nemo
1657 1647 1802 1688 super-

409 1706 496 1732 esse
519 1705 775 1746 quemquam
797 1699 960 1745 praeter
979 1705 1062 1739 eOS,
1086 1691 1159 1745 qui
1183 1691 1362 1731 Romam
1383 1691 1634 1745 refugerant,
1656 1689 1801 1730 crede-

408 1756 482 1797 ret,
505 1747 750 1802 complorati
779 1761 936 1795 omnes,
958 1747 1112 1802 pariter
1139 1747 1222 1787 vivi
1243 1747 1495 1802 mortuique,
1519 1754 1649 1787 totam
1669 1760 1800 1801 prope

408 1805 555 1845 urbem
575 1803 767 1844 lamentis
783 1803 1073 1858 impleverunt.
1126 1803 1315 1843 Privatos
1336 1803 1489 1844 deinde
1505 1803 1643 1844 luctus
1659 1811 1800 1858 stupe·
1813 1817 1833 1849 5

408 1861 507 1902 fecit
546 1860 738 1916 publicus
772 1875 911 1915 pavor,
944 1869 1166 1916 postquam
1201 1860 1341 1901 hostes
1376 1859 1518 1900 adesse
1558 1860 1800 1900 nuntiatum

409 1927 482 1959 est.
548 1917 655 1958 Mox
690 1917 871 1957 ululatus
904 1926 1134 1971 cantusque
1176 1917 1375 1965 dissonos,
1411 1917 1657 1972 vagantibus
1691 1916 1802 1957 circa

410 1974 575 2015 moenia
596 1974 809 2014 turmatim
836 1974 1030 2022 barbaris,
1053 1973 1289 2014 audiebant.
1354 1973 1492 2014 Omne
1514 1973 1613 2014 inde
1635 1982 1801 2028 tempus

409 2045 628 2086 suspensos
662 2031 721 2070 ita
753 2030 888 2071 tenuit
924 2030 1083 2070 animos
1117 2045 1247 2085 usque
1281 2030 1335 2070 ad
1368 2029 1506 2071 lucem
1536 2029 1720 2078 alteram,
1753 2037 1801 2070 ut

410 2087 641 2128 identidem
662 2087 745 2127 iam
773 2087 818 2126 in
839 2087 985 2127 urbem
1006 2087 1169 2127 futurus
1191 2086 1401 2128 videretur
1428 2087 1631 2142 impetus:
1664 2086 1800 2142 primo

410 2145 606 2193 adventu,
644 2159 728 2199 quo
763 2152 1020 2184 accesserant
1055 2144 1108 2184 ad
1143 2144 1289 2184 urbem
1305 2159 1316 2193 3
1359 2159 1574 2185 mansuros
1604 2143 1718 2184 enim
1747 2142 1802 2184 ad

411 2201 567 2241 Alliam
596 2201 734 2250 fuisse,
758 2201 838 2240 nisi
866 2200 945 2241 hoc
973 2200 1136 2241 consilii
1159 2200 1287 2242 foret:
1321 2200 1475 2242 deinde
1503 2201 1580 2241 sub
1607 2214 1801 2241 occasum

409 2258 516 2306 solis,
540 2258 639 2312 quia
658 2257 772 2298 haud
793 2257 972 2298 multum
993 2257 1076 2297 diei
1105 2266 1329 2313 supererat,
1353 2266 1448 2298 ante
1469 2265 1637 2298 noctem
1657 2256 1736 2298 rati
1756 2271 1799 2297 se

408 2315 644 2355 invasuros:
679 2323 767 2355 tum
790 2314 833 2353 in
854 2322 1021 2354 noctem
1043 2314 1218 2354 dilatum
1239 2314 1458 2355 consilium
1479 2329 1579 2363 esse,
1602 2328 1686 2377 quo
1705 2312 1800 2368 plus

408 2372 569 2427 pavoris
590 2371 801 2411 inferrent.
854 2370 1069 2411 Postremo
1091 2370 1164 2411 lux
1185 2372 1524 2435 appropinquans
1540 2369 1796 2411 exanimare·

409 2428 632 2482 timorique
648 2437 851 2483 perpetuo
868 2427 1005 2482 ipsum
1022 2427 1177 2468 malum
1194 2428 1413 2468 continens
1427 2427 1518 2476 suit,
1534 2441 1665 2482 quum
1681 2426 1799 2482 signa
1810 2437 1832 2470 6

407 2485 555 2525 infesta
576 2495 706 2539 p01t1s
727 2492 824 2524 sunt
846 2483 967 2524 illata.
1032 2483 1315 2539 Nequaquam
1336 2493 1474 2524 tamen
1497 2499 1546 2524 ea
1566 2491 1702 2532 nocte,
1724 2497 1799 2524 ne-

407 2556 489 2596 que
518 2541 755 2596 insequenti
784 2540 852 2580 die
881 2540 1024 2580 similis
1045 2540 1117 2589 illi,
1140 2556 1247 2596 quae
1269 2540 1322 2580 ad
1351 2540 1508 2581 Alliam
1538 2549 1624 2580 tam
1647 2539 1798 2596 pavide

407 2598 579 2652 fugerat,
602 2598 745 2638 civitas
769 2597 854 2637 fuit.
918 2597 1030 2637 Nam
1053 2612 1183 2652 quum
1204 2597 1374 2638 defendi
1395 2598 1541 2638 urbem
1561 2612 1695 2652 posse,
1712 2604 1797 2637 tam
1811 2608 1829 2642 7

452 2736 470 2761 4
493 2726 647 2763 Defnffl't]
678 2725 860 2755 Gronovius
883 2725 995 2754 mallet
1018 2726 1079 2763 {lis-
1124 2726 1240 2755 derunt
1263 2735 1392 2755 causam
1417 2724 1577 2762 lamentis,
1593 2724 1708 2763 quibus
1723 2723 1798 2753 urbs

402 2766 505 2803 suffit,
528 2768 613 2804 quod
636 2767 743 2796 Bauer
765 2767 936 2806 improbat,
959 2766 1079 2805 quippe
1124 2767 1260 2805 impleta
1275 2772 1331 2796 est.
1356 2767 1462 2797 (ἷκεν.

411 2806 440 2834 111
467 2817 617 2845 campum
644 2808 823 2839 inferiorem
854 2810 893 2838 de
918 2809 1080 2839 montibus
1166 2808 1185 2839 6
1210 2809 1400 2847 continens]
1433 2808 1509 2838 Sine
1535 2808 1602 2838 ullo
1625 2806 1795 2836 intervallo

409 2847 569 2878 sinistrum
587 2860 683 2879 cornu
696 2852 770 2889 fuga
787 2851 849 2880 iam
862 2851 1078 2880 descenderat.
1125 2850 1342 2880 coniunctum.
1367 2851 1473 2880 szv.

450 2898 465 2925 5
487 2890 1001 2930 Urhsmlamentisimpleverant]
1014 2893 1077 2922 De·
1174 2901 1190 2930 7
1217 2893 1355 2929 Civitas]
1391 2891 1497 2926 Cives,
1522 2889 1672 2920 Romani.
1719 2889 1794 2919 Sen-
