1934 3211
472 193 524 230 82
975 187 1122 230 TITI
1164 185 1340 229 LIVII

336 279 372 317 9.
531 278 621 321 Iam
642 278 862 335 Tarquinii
887 278 940 320 ad
965 278 1134 319 Lartem
1157 277 1427 327 Porsennam,
1453 277 1676 320 Clusinum
1697 282 1850 336 regem,
1865 295 1883 324 6

261 332 303 364 U·
320 334 358 366 C·
376 334 446 374 ²46·
474 337 751 394 perfugerant.
827 336 906 387 Ibi,
947 335 1160 377 miscendo
1200 336 1420 377 consilium
1458 351 1699 393 precesque,
1739 352 1852 378 nunc
1867 344 1885 375 7

258 376 447 451 {22851531-63
475 396 660 444 orabant,
691 400 768 435 ‘ne
797 409 852 444 se,
885 393 1082 435 oriundos
1110 408 1163 434 ex
1195 392 1392 444 Etruscis,
1424 393 1612 435 eiusdem
1641 394 1853 451 sanguinis

261 462 310 492 ΙΙ.
328 462 366 493 Τ.
384 464 444 494 Lu·
476 452 778 508 ‘nominisque,
800 459 969 508 egentes
996 451 1183 493 exsulare
1208 459 1419 507 pateretur
1434 451 1457 492 τ’
1487 467 1600 492 nunc
1627 453 1855 494 monebant

259 505 357 535 cretio
373 506 461 538 Coss.
475 511 612 560 etiam,
637 515 714 551 ‘ne
736 510 940 551 orientem
962 524 1120 550 morem
1141 508 1325 565 pellendi
1346 523 1463 565 reges
1483 509 1666 550 inultum
1685 509 1850 552 sineret.

477 575 488 592 ‘
504 568 610 609 Satis
630 567 862 609 libertatem
884 568 1014 623 ipsam
1034 567 1186 607 habere
1204 565 1448 607 dulcedinis.
1510 566 1618 617 Nisi,
1637 575 1795 622 quanta
1812 567 1855 608 vi

477 626 687 667 ‘civitates
733 640 825 666 eam
866 633 1077 681 expetant,
1120 632 1236 665 tanta
1279 639 1409 680 regna
1447 638 1565 680 reges
1611 623 1852 675 defendant,

476 689 488 707 ‘
503 683 672 740 aequari
693 698 854 723 summa
872 682 1051 723 infimis:
1084 681 1191 722 nihil
1211 681 1435 730 excelsum,
1457 681 1575 731 nihil,
1598 681 1712 737 quod
1731 696 1856 739 supra

477 747 489 765 ‘
505 750 642 782 cetera
661 740 855 790 emineat,
877 740 919 780 in
942 740 1178 781 civitatibus
1202 739 1300 780 fore.
1364 739 1524 780 Adesse
1552 739 1681 780 finem
1701 740 1853 796 regnis,

1447 797 1457 814 7

263 806 426 839 Porsenna
477 805 489 823 ‘
504 799 564 840 rei
584 799 693 839 inter
713 797 813 838 deos
833 797 1106 853 hominesque
1128 796 1442 853 pulcherrimae.
1515 796 1741 847 Porsenna,
1765 805 1855 839 tum

259 850 440 924 pelthgnlizn-
475 871 616 911 regem
648 870 734 895 esse
767 855 939 904 Romae,
972 865 1062 895 tum
1091 854 1290 896 Etruscae
1320 854 1455 911 gentis
1484 869 1639 911 regem,
1671 854 1855 911 amplum

259 903 370 966 ῘΞΞΠΟ]
418 904 448 924 θ’
477 913 626 954 Tuscis
646 921 771 961 ratus,
796 912 975 953 Romam
996 912 1146 953 infesto
1167 913 1354 954 exercitu
1374 912 1500 953 venit.
1547 912 1649 953 Non
1668 927 1855 968 unquam

476 970 575 1011 alias
606 978 702 1010 ante
734 978 874 1010 tantus
904 979 1036 1011 terror
1065 978 1255 1011 senatum
1286 969 1459 1011 invasit:
1492 969 1597 1011 adeo
1627 969 1764 1010 valida
1790 985 1855 1011 res

479 1037 569 1069 tum
607 1026 783 1068 Clusina
812 1036 913 1077 erat,
946 1042 1228 1083 magnumque
1260 1028 1498 1069 Porsennae
1531 1043 1697 1069 nomen.
1761 1027 1854 1069 Nec

480 1085 620 1126 hostes
641 1084 766 1125 modo
788 1085 1006 1134 timebant,
1029 1084 1102 1125 sed
1126 1094 1309 1126 suosmet
1335 1085 1414 1141 ipsi
1434 1085 1557 1135 cives,
1579 1100 1632 1126 ne
1662 1085 1856 1126 Romana

474 1142 604 1199 plebs,
634 1150 749 1184 metu
776 1141 976 1198 perculsa,
1004 1142 1184 1198 receptis
1211 1142 1255 1182 in
1282 1143 1430 1183 urbem
1458 1143 1638 1199 regibus,
1662 1142 1730 1184 vel
1759 1157 1855 1184 cum

475 1201 672 1241 servitute
694 1215 840 1256 pacem
860 1200 1077 1255 acciperet.
1141 1199 1282 1240 Multa
1296 1199 1424 1255 igitur
1442 1200 1729 1241 blandimenta
1742 1200 1855 1257 plebi

474 1273 550 1314 per
570 1258 615 1299 id
635 1266 799 1314 tempus
820 1258 871 1298 ab
904 1266 1052 1298 senatu
1072 1257 1179 1298 data.
1245 1256 1451 1298 Annonae
1472 1257 1517 1297 in
1546 1257 1691 1314 primis
1714 1258 1858 1299 habita

475 1331 584 1365 cura,
609 1324 651 1356 et
672 1315 724 1357 ad
740 1315 998 1356 frumentum
1020 1314 1346 1371 comparandum
1367 1315 1493 1365 missi,
1511 1314 1580 1356 alii
1601 1314 1643 1355 in
1665 1314 1853 1365 Volscos,

475 1373 544 1414 alii
581 1372 747 1414 Cumas.
814 1372 918 1414 Salis
953 1388 1120 1428 quoque
1151 1372 1362 1413 vendendi
1392 1373 1620 1422 arbitrium,
1652 1372 1751 1429 quia
1779 1372 1858 1414 im—

474 1446 605 1487 penso
626 1431 760 1487 pretio
782 1430 962 1480 venibat,
985 1431 1029 1470 in
1050 1430 1265 1486 publicum
1286 1445 1410 1471 omne
1438 1438 1664 1487 sumptum,
1686 1430 1890 1486 ademp-8

475 1498 565 1529 tum
595 1488 776 1544 privatis.
840 1488 1124 1543 Portoriisque
1156 1496 1199 1528 et
1234 1489 1391 1529 tributo
1420 1487 1563 1544 plebes
1592 1488 1777 1538 liberata,
1811 1491 1890 1529 ut9

475 1546 625 1587 divites
646 1546 894 1595 conferrent,
918 1545 990 1601 qui
1012 1545 1128 1587 oneri
1149 1545 1322 1586 ferendo
1343 1555 1502 1586 essent:
1536 1560 1740 1602 pauperes
1760 1534 1888 1597 safisss

1188 1704 1353 1743 publicum
1376 1705 1531 1735 translata
1547 1709 1605 1743 est,
1621 1706 1775 1746 adempta
1796 1707 1858 1746 pri-

1188 1747 1276 1777 vatis.
1295 1747 1399 1778 CnEv.
1435 1748 1616 1778 Gronovius
1627 1749 1796 1779 arbitrium
1808 1760 1858 1780 ve-

518 1704 536 1735 6
559 1707 704 1743 Lartem]
735 1706 860 1735 Volunt
884 1705 1027 1745 plerique
1049 1705 1143 1734 inter-

476 1753 580 1787 pretes
606 1750 734 1779 Lartem
764 1758 881 1778 nomen
909 1758 976 1778 esse
1005 1747 1144 1784 honoris,

475 1801 576 1830 eoque
590 1791 744 1821 vocabulo
760 1791 894 1830 intelligi
907 1791 1022 1820 debere
1037 1800 1144 1829 supre-

475 1843 564 1863 mum
580 1835 751 1872 quemdam
769 1834 1002 1863 moderatorem
1018 1833 1144 1872 apposi-

475 1880 543 1905 tum
561 1876 730 1906 duodecim
748 1875 999 1911 Lucumonibus,
1015 1875 1079 1905 sive
1097 1885 1143 1905 re-

474 1919 576 1957 gibus,
587 1929 666 1957 quos
681 1918 850 1948 duodecim
869 1918 1015 1948 Etruriae
1032 1917 1143 1957 populi

475 1961 533 1990 sibi
547 1961 679 2000 quisque
692 1961 930 2000 praeficiebant.
970 1960 1145 1999 Dionysius

475 2007 583 2033 tamen
599 2004 723 2043 accepit
742 2014 797 2043 pro
814 2003 942 2033 nomine
953 2003 1144 2033 Porsennae.

475 2046 580 2076 Cnrv.
626 2047 707 2076 Sunt
720 2046 773 2085 qui
787 2046 981 2083 existiment,
994 2055 1067 2075 cum
1082 2045 1143 2075 hoc

475 2089 615 2125 nomine,
631 2089 715 2128 quod
740 2088 963 2127 significaverit
977 2087 1143 2118 dominum

475 2141 531 2160 seu
551 2131 740 2171 principem,
757 2135 924 2171 cognatam
941 2141 1008 2161 esse
1025 2131 1143 2170 Anglo-

475 2183 543 2203 rum
572 2184 683 2204 vocem
706 2175 800 2205 Lord.
827 2174 988 2204 RAscfflG.
1027 2174 1066 2204 cf.
1091 2183 1143 2212 ap.

476 2216 632 2247 Herodot.
656 2216 687 2247 ii.
716 2226 783 2256 143.
811 2226 872 2246 vox
895 2218 1046 2253 Piromis,
1062 2226 1144 2255 quae

477 2259 492 2287 ὁ
508 2258 583 2297 ἀνὴρ
598 2259 764 2298 significat.

520 2309 536 2340 7
552 2303 768 2339 Porsennam]
788 2301 975 2340 Legendum
988 2301 1076 2331 haud
1086 2301 1142 2331 du-

475 2343 525 2373 bie
540 2345 720 2380 Porsenna,
736 2347 772 2374 ut
788 2344 949 2381 Vibenna,
972 2343 1143 2383 Spurinna,

476 2386 657 2424 Perpenna,
667 2386 794 2425 aliaque
806 2386 892 2425 apud
907 2386 1059 2416 Etruscos
1070 2396 1144 2425 gen-

474 2428 570 2458 tilitia
581 2429 720 2459 nomina.
754 2429 859 2458 Venia
871 2429 1000 2467 quidem
1018 2429 1145 2468 poetica

475 2471 617 2501 Martial.
636 2471 744 2510 Epigr.
755 2471 776 2501 i.
790 2480 838 2501 22.
856 2472 876 2486 “
889 2471 986 2501 Hanc
1001 2475 1146 2510 spectare

474 2522 605 2543 manum
631 2514 793 2544 Porsenna
816 2523 879 2543 non
904 2514 1042 2552 potuit.”
1081 2514 1145 2544 Sed

475 2557 643 2587 Porsenna
666 2556 753 2595 Virg.
772 2557 852 2586 Aen.
874 2556 938 2586 viii.
960 2555 1031 2594 646.
1058 2556 1143 2586 Plin.

476 2598 692 2629 H.N.xxxiv.
712 2608 758 2638 39.
784 2599 861 2629 Tac.
880 2598 965 2628 Hist.
985 2598 1028 2628 iii.
1048 2606 1094 2637 72.
1112 2602 1143 2628 et

474 2640 613 2671 Bckker.
638 2642 676 2671 cf.
692 2641 825 2671 Niebhr.
842 2641 861 2672 i.
880 2652 909 2680 p.
928 2650 997 2680 532.

517 2684 535 2713 8
555 2685 597 2713 In
611 2685 772 2723 publicum
789 2695 878 2714 omne
893 2684 1070 2723 sumptum]
1091 2683 1143 2713 Ita

475 2724 655 2756 Gronovius
681 2727 875 2763 emendavit,
902 2730 998 2765 atque
1023 2726 1142 2756 Stroth.

475 2771 505 2796 et
537 2768 676 2798 Bekker.
713 2769 744 2798 in
782 2773 907 2799 textum
943 2772 1142 2808 receperunt.

476 2808 586 2843 Quum
618 2811 663 2840 sal
694 2811 792 2841 nimio
819 2811 920 2850 pretio
948 2811 1079 2848 veniret,
1102 2812 1142 2840 ob

473 2850 659 2881 aviditatem
677 2863 797 2891 eorum,
814 2854 928 2893 quibus
941 2854 1069 2884 Salinae
1086 2854 1142 2883 cir-

475 2902 512 2921 ca
528 2892 652 2922 Ostium
669 2895 708 2924 ab
726 2896 815 2925 Anco
831 2896 946 2933 factae,
959 2896 978 2926 i.
997 2906 1044 2935 33.
1059 2897 1142 2926 loca-

474 2935 599 2970 bantur,
633 2935 699 2964 cius
737 2938 893 2967 vendendi
933 2943 1072 2976 potestas
1109 2938 1140 2967 in

1187 1791 1281 1826 nisse,
1304 1800 1346 1820 sc.
1366 1790 1501 1829 vectigal
1524 1800 1640 1830 magno
1663 1791 1857 1822 conductum

1188 1841 1254 1862 esse
1281 1843 1300 1862 a
1326 1833 1600 1872 redemptoribus:
1634 1835 1671 1864 in
1692 1835 1858 1873 publicum

1187 1880 1359 1914 sumptum,
1375 1886 1418 1906 sc.
1434 1875 1594 1905 actoribus
1612 1876 1749 1916 publicis
1770 1886 1858 1907 man-

1188 1918 1298 1947 datum
1316 1918 1436 1957 quippe
1449 1930 1456 1954 ;
1478 1919 1672 1950 venditiones
1685 1918 1761 1949 olim
1774 1919 1858 1950 dice-

1188 1960 1305 1989 bantur
1323 1960 1482 1990 censoriae
1506 1961 1691 1998 Iocationes,
1706 1962 1791 2000 quod
1807 1972 1858 1992 ve-

1191 2002 1238 2031 lut
1252 2003 1386 2040 fructus
1403 2004 1603 2043 publicorum
1619 2005 1757 2035 locorum
1773 2004 1857 2035 veni-

1187 2045 1273 2075 bant.
1299 2046 1412 2076 Festus
1429 2056 1456 2076 v.
1480 2047 1689 2077 Venditimaes.

1229 2097 1249 2128 9
1268 2089 1442 2126 Portorz'z's]
1466 2088 1696 2128 Vectigalibus,
1706 2098 1788 2128 quae
1800 2099 1858 2129 pro

1187 2130 1414 2169 importatione
1451 2134 1483 2161 et
1519 2131 1741 2171 expcrtatione
1776 2141 1856 2162 mer-

1188 2173 1272 2203 cium
1289 2174 1502 2205 solvebantur.
1526 2174 1632 2205 CREV.

1234 2225 1245 2245 1
1275 2216 1421 2254 Tributo]
1442 2217 1505 2247 Pro
1520 2216 1632 2246 habitu
1647 2216 1857 2256 pecuniarum

1188 2268 1227 2288 ex
1251 2268 1347 2288 censu
1370 2269 1390 2288 a
1416 2259 1512 2298 plebe
1537 2259 1665 2289 collato.
1710 2259 1787 2290 Non
1810 2262 1856 2290 ta-

1186 2310 1260 2330 men
1276 2301 1358 2331 infra
1372 2301 1516 2332 assiduos
1531 2301 1629 2339 venit,
1644 2301 1765 2341 quippe
1785 2311 1856 2342 pro-

1187 2343 1306 2373 letariis
1329 2347 1360 2373 et
1383 2343 1602 2383 capitecensis,
1624 2353 1674 2374 res
1692 2344 1857 2375 familiaris

1187 2390 1243 2415 aut
1255 2385 1359 2415 tenuis
1371 2390 1426 2415 aut
1437 2386 1528 2416 nulla
1539 2389 1616 2416 erat.
1647 2385 1732 2416 Fieri
1746 2389 1857 2417 tamen

1188 2431 1293 2467 potest
1315 2432 1351 2458 ut
1375 2428 1484 2458 Livius
1500 2429 1605 2458 dicere
1621 2428 1709 2466 velit,
1725 2438 1855 2459 censum

1188 2470 1315 2509 aliaque
1325 2470 1470 2501 instituta
1480 2471 1592 2508 Servii,
1601 2470 1778 2510 Tarquinio
1789 2481 1855 2512 reg-

1187 2517 1285 2543 nante
1300 2513 1437 2550 sublata,
1452 2513 1515 2543 iam
1531 2513 1678 2544 restituta
1692 2523 1769 2545 esse.

1232 2565 1247 2585 2
1272 2556 1456 2595 Pauperes]
1491 2555 1583 2591 Quos
1607 2557 1735 2586 eosdem
1758 2559 1855 2596 atque

1188 2598 1315 2636 plebem
1338 2598 1502 2637 antiquam
1529 2597 1624 2629 fuisse
1649 2602 1768 2629 temere
1790 2609 1854 2630 cre-

1186 2640 1282 2670 debat
1300 2640 1418 2677 Livius,
1434 2641 1519 2680 quod
1538 2642 1628 2680 plebs
1646 2642 1773 2672 urbana
1789 2642 1854 2672 Au-

1185 2688 1276 2722 gusto
1291 2683 1481 2722 imperante,
1491 2693 1573 2723 quae
1587 2684 1619 2714 in
1632 2684 1776 2714 tribubus
1790 2693 1855 2714 non

1187 2729 1254 2755 erat
1283 2726 1452 2765 descripta,
1482 2727 1538 2756 sed
1573 2726 1792 2757 libertinorum
1822 2729 1854 2756 et

1186 2768 1414 2807 inquilinorum
1437 2769 1541 2807 turba,
1561 2770 1708 2808 “panem
1731 2771 1764 2798 et
1786 2767 1853 2799 Cir-

1187 2813 1323 2841 censes²⁹
1346 2811 1521 2851 flagitabat,
1536 2821 1635 2850 egena
1655 2814 1744 2841 esset.
1790 2810 1854 2842 Sed

1186 2863 1343 2892 pauperes
1357 2854 1408 2884 hic
1424 2854 1553 2893 quidem
1570 2853 1749 2893 proletarii,
1764 2853 1819 2892 qui
1833 2863 1854 2883 a

1186 2905 1317 2926 munere
1333 2895 1500 2934 officioque
1519 2896 1620 2935 prolis
1637 2896 1775 2926 edendae
1797 2905 1852 2935 ap-

1187 2938 1297 2976 pellati
1315 2942 1397 2968 sunt.
1429 2939 1467 2968 cf.
1486 2938 1523 2967 A.
1541 2937 1627 2968 Gell.
1644 2937 1707 2968 xvi.
1728 2947 1773 2969 ιο.
