1934 3211
402 182 484 220 262
914 180 1062 222 ΤΙΤΙ
1102 180 1283 222 LIVII

405 274 416 292 ‘
428 269 470 309 vi
492 278 782 324 expugnatum
803 283 905 318 esse,
920 279 969 310 ut
989 270 1147 311 tribuni
1168 270 1349 312 militum
1365 269 1573 311 consulari
1593 277 1801 325 potestate

406 332 474 367 ‘et
506 341 560 367 ex
589 326 712 382 plebe
745 335 996 368 crearentur.
1059 327 1220 368 Petisse
1257 328 1365 368 viros
1396 327 1511 368 domi
1542 326 1801 391 militiaeque

407 389 418 407 ‘
431 392 664 439 spectatos:
697 383 842 439 primis
863 384 983 425 annis
1011 385 1236 440 sugillatos,
1259 384 1462 441 repulsos,
1483 383 1585 425 risui
1606 383 1802 425 Patribus
1816 396 1833 426 5

406 440 581 482 ‘fuisse:
631 441 785 482 desisse
821 450 1031 496 postremo
1071 442 1271 497 praebere
1310 442 1362 482 ad
1404 441 1703 482 contumeliam
1743 455 1800 481 os.

405 503 417 522 ‘
431 497 476 538 N
479 513 525 539 ec
542 513 584 539 sc
602 498 758 548 videre,
773 513 848 538 cur
867 513 954 538 non
974 499 1045 539 lex
1061 514 1233 563 quoque
1248 499 1483 554 abrogetur,
1502 513 1586 553 qua
1606 498 1650 538 id
1666 497 1802 547 liceat,

406 555 546 610 ‘quod
582 570 800 620 nunquam
835 554 1025 596 futurum
1060 556 1135 596 sit:
1179 556 1386 596 minorem
1417 556 1574 611 quippe
1605 555 1803 596 ruborem

407 613 548 654 ‘fore
538 628 583 653 m
604 613 705 653 iniis
725 612 961 666 iniquitate,
984 627 1112 668 quam
1139 612 1174 652 si
1198 627 1274 667 per
1293 612 1588 667 indignitatem
1617 612 1804 667 ipsorum

407 669 772 733 flp1aetereantur?

464 727 605 767 Huius
625 726 791 781 generis
812 725 1033 776 orationes,
1056 741 1153 767 cum
1175 741 1345 767 assensu
1372 725 1553 775 auditae,
1576 725 1803 767 incitavere

404 784 608 840 quosdam
639 783 692 823 ad
723 781 955 838 petendum
981 784 1241 824 tribunatum
1267 783 1462 832 militum,
1492 783 1621 824 alium
1648 783 1729 824 alia
1749 782 1802 823 de

404 840 635 881 commodis
674 840 808 895 plebis
849 839 1029 882 laturum
1070 856 1112 881 se
1154 841 1197 881 in
1234 841 1480 896 magistratu
1517 840 1800 896 profitentem.

405 898 513 953 Agri
542 897 702 953 publici
733 897 953 939 dividendi
983 897 1328 952 coloniarumque
1360 897 1707 939 deducendarum
1737 912 1804 938 os-

405 964 588 996 tentatae
618 970 734 1010 spes3
768 964 810 996 et
830 955 1025 1011 vectigali
1045 955 1350 1019 possessoribus
1377 970 1571 1028 agrorum
1592 955 1835 1010 imposito,6

406 1013 449 1052 in
478 1012 736 1068 stipendium
765 1012 948 1054 militum
979 1012 1182 1068 erogandi
1209 1027 1326 1053 aeris.
1392 1008 1622 1068 Captatum
1646 1011 1801 1053 deinde
1818 1022 1835 1054 7

405 1080 571 1125 tempus
602 1070 653 1110 ab
680 1070 859 1111 tribunis
888 1070 1083 1119 militum,
1111 1085 1196 1125 quo
1222 1085 1297 1125 per
1321 1069 1550 1110 discessum
1581 1069 1804 1110 hominum

405 1128 457 1168 ab
490 1127 607 1176 urbe,
635 1142 765 1182 quum
801 1127 948 1168 Patres
978 1127 1239 1168 clandestina
1268 1126 1588 1168 denuntiatione
1619 1126 1804 1168 revocati

405 1184 459 1224 ad
480 1184 593 1225 diem
622 1194 779 1225 certam
801 1194 952 1234 essent,
974 1183 1385 1226 senatusconsultum
1405 1184 1539 1234 fieret,
1561 1183 1803 1225 absentibus

405 1241 582 1282 tribunis
612 1241 748 1297 plebi:
783 1251 842 1291 ut,
873 1242 1073 1298 quoniam
1101 1241 1277 1283 Volscos
1302 1241 1347 1281 in
1373 1240 1657 1282 Hernicorum
1684 1256 1804 1297 agros

405 1298 651 1354 praedatum
679 1300 814 1340 exisse
835 1300 946 1340 fama
973 1308 1093 1349 esset,
1117 1299 1169 1340 ad
1196 1314 1286 1340 rem
1311 1298 1617 1363 inspiciendam
1645 1298 1804 1339 tribuni

406 1356 587 1396 militum
608 1356 987 1412 proficiscerentur,
1003 1356 1321 1412 consulariaque
1344 1356 1515 1397 comitia
1535 1356 1801 1397 haberentur.

405 1413 589 1454 Plofecti
612 1414 694 1469 Ap.
716 1414 960 1479 Claudium,
982 1414 1117 1455 filium
1143 1413 1383 1478 decemviri,
1406 1413 1664 1469 praefectum
1689 1413 1804 1454 urbis

404 1469 663 1525 relinquunt,
694 1472 922 1527 impigrum
950 1472 1160 1520 iuvenem,
1182 1481 1226 1512 et
1250 1471 1333 1512 iam
1355 1471 1454 1511 inde
1481 1471 1532 1512 ab
1552 1470 1804 1512 incunabilis

405 1527 615 1567 imbutum
643 1527 740 1568 odio
769 1529 1033 1569 tribunorum
1061 1528 1292 1584 plebisque.
1356 1528 1558 1569 Tribunis
1582 1528 1696 1584 plebi
1723 1542 1804 1568 nec

405 1599 501 1624 cum
523 1584 793 1625 absentibus
784 1585 846 1634 115,
865 1586 938 1640 qui
960 1585 1369 1626 senatusconsultum
1384 1585 1583 1634 fecerant,
1606 1600 1685 1626 nec
1706 1599 1803 1625 cum

186 270 229 301 U.
247 270 285 300 C.
305 280 375 310 331.

184 313 224 343 A.
247 313 284 344 C.
303 323 375 353 421.

256 717 323 756 36.

252 1641 319 1679 37.
407 1641 563 1696 Appio,
593 1650 801 1683 transacta
821 1657 877 1690 re,
905 1642 1020 1697 quod
1041 1642 1358 1691 contenderent,
1380 1642 1471 1683 fuit.
1537 1642 1682 1683 Creati
1703 1657 1804 1682 con-

188 1697 232 1729 U·
250 1698 287 1727 C.
307 1705 377 1736 33²·
405 1698 515 1739 sules
561 1707 659 1740 sunt
702 1698 752 1740 C.
780 1698 1053 1754 Sempronius
1101 1698 1334 1755 Atratinus,
1387 1698 1440 1747 Q.
1466 1698 1619 1740 Fabius
1666 1698 1802 1740 Vibu-

186 1741 225 1813 ἓξ
243 1740 392 1820 ἑέηΐζῖ.-
405 1754 536 1796 lanus

186 1824 252 1861 nio,
270 1824 313 1859 Q.
331 1824 392 1855 Fa
462 1813 693 1868 Peregrina
712 1828 790 1863 res,
805 1814 879 1854 sed
900 1814 1102 1855 memoria
1122 1813 1262 1869 digna,
1277 1814 1454 1854 traditur
1475 1828 1525 1854 eo
1546 1828 1658 1855 anno
1673 1813 1799 1855 facta:

185 1866 369 1948 ἓῑέρξὲδέὲ
405 1869 680 1920 Vulturnum,
705 1870 979 1911 Etruscorum
1008 1848 1193 1920 urbem,D
1195 1886 1302 1926 quae
1331 1886 1447 1911 nunc
1479 1869 1629 1926 Capua
1652 1879 1728 1920 est,
1750 1872 1833 1912 ab8

407 1926 665 1968 Samnitibus
695 1937 886 1983 captam3
923 1927 1200 1983 Capuamque
1233 1928 1284 1968 ab
1315 1928 1422 1968 duce
1459 1942 1603 1968 eorum
1638 1927 1800 1985 Capye,
1814 1942 1835 1973 9

187 1957 342 1991 cupataa
404 1984 470 2025 vel
501 1984 637 2040 (quod
664 1985 835 2040 propius
870 2000 970 2026 vero
998 1985 1080 2040 est)
1111 2001 1135 2026 a
1162 1985 1384 2040 campestri
1409 2000 1508 2041 agro
1535 1985 1799 2041 appellatam·

186 1994 337 2025 Samniti-

186 2037 254 2068 bus.

449 2121 464 2152 5
489 2115 678 2153 Suyz'llatos]
707 2113 797 2149 Quid
821 2115 861 2144 sit
885 2114 1012 2154 proprie
1027 2126 1079 2145 su-

400 2158 519 2195 yillare
549 2156 740 2196 intelligitur
769 2167 809 2187 ex
843 2157 928 2187 Plin.
962 2157 1006 2188 H.
1035 2157 1078 2188 N.

404 2199 493 2229 mixi.
516 2208 544 2239 9.
569 2200 651 2229 oculi
673 2210 713 2230 ea*
736 2201 801 2229 ictu
824 2200 943 2239 snfficsi
967 2210 1080 2231 cruore

403 2241 623 2281 suyz'llatiqne‚
640 2246 671 2271 et
688 2251 740 2272 xx,
755 2240 784 2272 6.
801 2243 955 2280 suyillata
971 2246 1028 2272 aut
1044 2243 1079 2271 li-

404 2285 524 2314 ventia.
559 2283 847 2318 Quemadmodum
861 2288 969 2313 autem
982 2286 1079 2323 suyil-

404 2327 474 2357 lare
490 2325 551 2356 hoc
568 2326 650 2363 loco,
666 2326 711 2355 ita
726 2325 797 2355 infr.
815 2325 893 2356 xliii.
913 2336 958 2364 14.
982 2327 1079 2366 811in-

405 2369 482 2399 latz'o
494 2369 534 2398 de
552 2368 759 2398 contumelia.
783 2368 908 2398 Riscn.

447 2410 466 2441 6
490 2411 742 2447 Possessoribns]
784 2410 850 2445 Qui
878 2420 989 2449 agrum
1018 2421 1079 2449 pu-

405 2454 517 2483 blicum
538 2452 688 2492 vectigali
711 2452 890 2482 subiectum
911 2462 971 2482 usu
991 2456 1078 2482 tene-

405 2496 491 2526 hant.

455 2546 470 2576 7
497 2539 540 2567 In
569 2538 765 2576 stipendium
794 2537 947 2574 militum]
989 2536 1078 2567 Hinc

404 2580 505 2618 liquet
521 2580 673 2618 fructum
690 2581 756 2610 sive
772 2580 908 2618 veotiyal
929 2580 1001 2618 (tyri
1016 2590 1077 2618 pu-

368 2633 371 2637 *
405 2623 476 2652 blici
490 2622 668 2661 antiquitus
680 2622 712 2652 in
725 2621 922 2660 stipendium
937 2621 1077 2652 militum

404 2667 568 2703 erogatum
592 2664 712 2701 fuisse;
736 2664 769 2694 id
792 2664 878 2702 quod
902 2663 1022 2694 tribuni
1044 2663 1077 2694 in

405 2716 497 2736 usum
512 2716 661 2736 revocare
675 2706 835 2736 volebant.
853 2706 892 2736 cf.
902 2705 1036 2736 Niebhr.
1045 2705 1076 2736 ii.

402 2757 434 2777 n.
447 2747 517 2787 ²96·
529 2747 600 2788 966.
641 2749 735 2778 Idem
752 2749 855 2788 legem
872 2749 955 2778 hanc
972 2749 1075 2788 perlae

404 2793 469 2818 tam
485 2790 582 2820 fuisse
599 2794 718 2826 censet,
735 2790 765 2821 ii.
784 2801 814 2830 p.
832 2790 902 2829 426.

451 2831 470 2858 8
498 2832 549 2860 Ab
575 2834 773 2863 Samnitibus
798 2834 941 2872 captam]
985 2832 1074 2863 Hinc

404 2873 544 2909 populus
570 2873 624 2903 ille
650 2875 849 2913 Campanus,
875 2875 929 2914 qui
956 2874 1076 2905 milites

403 2914 615 2944 mercenarios
648 2916 806 2954 Dionysio
835 2921 866 2946 ct
901 2917 1074 2956 Agathocli

1125 2113 1357 2154 suppeditavit,
1368 2114 1522 2154 originem
1533 2113 1636 2146 duxit.
1674 2115 1802 2154 Capua,

1124 2158 1199 2187 urbs
1221 2157 1399 2196 antiquitus
1419 2157 1599 2197 Tyrrhena,
1616 2158 1701 2188 Osca
1722 2157 1802 2188 iam-

1125 2200 1249 2239 pridem
1267 2200 1353 2229 facta
1371 2201 1484 2230 fuerat.
1531 2200 1604 2230 Iam
1620 2209 1694 2230 vero
1711 2200 1801 2231 Sam-

1125 2242 1218 2279 nites,
1238 2242 1292 2281 qui
1315 2252 1366 2272 an.
1386 2252 1455 2281 314.
1475 2242 1519 2273 U.
1537 2243 1574 2274 C.
1607 2242 1646 2273 cf.
1665 2242 1800 2274 Diodor.

1124 2284 1180 2315 xii.
1199 2294 1247 2323 31.
1264 2284 1297 2314 111
1314 2284 1478 2315 civitatem
1501 2284 1628 2323 accepti
1649 2288 1735 2322 sunt,
1749 2295 1800 2315 ur-

1125 2328 1198 2356 bem
1210 2327 1372 2365 Capuam,
1383 2327 1505 2357 civibus
1520 2326 1660 2365 antiquis
1674 2330 1731 2356 aut
1745 2327 1799 2357 de-

1126 2368 1216 2399 victis
1231 2372 1288 2399 aut
1311 2368 1497 2405 interfectis,
1513 2378 1589 2398 suae
1610 2368 1740 2399 ditionis
1755 2369 1799 2399 fe-

1124 2414 1244 2441 cerunt.
1287 2411 1495 2440 Etruscorum
1511 2410 1544 2440 in
1561 2410 1744 2449 Campania
1759 2421 1800 2442 ne

1123 2453 1295 2483 minimum
1317 2453 1484 2492 vestigitun
1514 2462 1679 2492 superesse
1703 2456 1798 2484 testa-

1124 2499 1177 2525 tur
1193 2494 1328 2525 Niebhr.
1345 2495 1364 2525 i.
1382 2505 1413 2534 p.
1434 2494 1481 2534 76.

1166 2547 1185 2578 9
1207 2539 1259 2567 Ab
1285 2538 1365 2568 duce
1390 2548 1500 2568 eorum
1526 2538 1650 2577 Capye]
1687 2538 1798 2578 Heyn.

1125 2579 1245 2618 Opusc.
1266 2580 1367 2610 Acad.
1385 2590 1413 2610 v.
1436 2590 1467 2619 p.
1489 2588 1561 2619 435.
1585 2590 1705 2611 nomen
1726 2581 1798 2611 urbi

1121 2631 1141 2651 a
1164 2621 1279 2652 Tuscis
1304 2621 1443 2652 inditum
1468 2622 1564 2653 fuisse
1587 2622 1708 2660 scribit,
1731 2622 1798 2653 viso

1122 2663 1256 2694 falconis
1293 2664 1359 2694 sive
1395 2664 1531 2695 vulturis
1567 2665 1711 2704 augurio,
1741 2665 1797 2704 qui

1122 2705 1230 2736 Tusca
1246 2706 1355 2746 lingua
1371 2707 1478 2745 Capys
1493 2706 1620 2738 dicitur.
1651 2707 1690 2737 cf.
1708 2707 1796 2738 Serv.

1119 2749 1152 2778 in
1169 2749 1251 2779 Aen.
1268 2758 1298 2778 x.
1321 2757 1389 2788 145.
1414 2749 1517 2779 Strab.
1531 2759 1560 2779 v.
1576 2759 1608 2788 p.
1623 2756 1693 2788 371.
1717 2749 1795 2779 Clu—

1120 2801 1183 2822 ver.
1199 2791 1274 2821 Ital.
1287 2791 1363 2821 Ant.
1377 2791 1417 2821 iv.
1433 2801 1458 2821 1.
1499 2791 1591 2821 Adeo
1607 2795 1643 2821 ut
1660 2791 1794 2821 Vultur-

1119 2843 1179 2863 nus
1191 2833 1258 2864 eius
1270 2832 1595 2873 interpretamentum
1608 2833 1793 2863 habendum

1119 2874 1168 2906 sit.
