1934 3211
614 126 739 168 LIB.
775 126 854 168 IX.
897 127 1043 170 CAP.
1079 134 1117 172 2.
1470 136 1549 175 501

161 214 357 264 ‘bellunu
402 215 623 264 Samnites,
646 215 819 280 ‘quibus
864 217 1172 266 necessarium3
1225 228 1268 259 et
1313 220 1381 275 pia
1426 236 1552 270 arina,
1571 232 1613 263 U.
1631 232 1668 262 C.
1686 240 1758 270 433·

159 278 170 294 ‘
187 272 340 328 quibus
374 271 490 312 nulla
523 272 604 312 nisi
643 287 687 312 1n
729 272 854 314 armis
894 272 1147 330 relinquitur
1185 289 1290 330 spes.

126 345 144 376 3
159 334 170 352 ‘
186 343 317 384 quum
338 343 478 370 rerum
499 328 779 370 humanarum
799 330 1032 371 maximum
1053 340 1318 373 momentum
1339 333 1404 382 sit,
1427 350 1555 388 quam

158 390 170 408 ‘
184 386 374 442 propitiis
401 401 503 436 rem,
526 402 655 442 quam
683 386 865 428 adversis
892 396 1019 444 agant
1038 388 1131 438 diis,
1153 403 1229 444 pro
1250 397 1364 431 certo
1388 389 1554 440 habete,

157 448 170 466 ‘
185 442 323 498 priora
342 443 452 485 bella
472 443 669 485 adversus
689 444 791 486 deos
811 445 956 501 magis,
979 460 1107 501 quam
1127 445 1333 496 homines,
1355 447 1552 503 gessisse3

156 505 169 523 ‘
184 500 277 550 hoc,
301 501 416 556 quod
440 501 580 551 instat,
603 501 781 543 ducibus
809 502 909 558 ipsis
930 502 1009 544 diis
1036 504 1252 559 gesturos.'
1313 503 1446 554 Haec,
1469 520 1556 546 non
1580 539 1582 541 ,

1354 276 1552 327 Proinde,
1568 275 1607 306 Α·
1631 275 1668 306 C·
1687 283 1759 314 319·

153 556 264 598 laeta
290 558 434 614 magis,
457 573 585 614 quam
612 574 723 609 vera,
745 560 1007 609 vaticinatus,
1034 561 1224 602 exercitu
1250 560 1418 611 educto,
1447 562 1557 603 circa
1570 564 1732 595 Samnites

157 613 371 656 Caudium
399 626 544 666 castra,
568 631 695 672 quam
722 625 860 672 potest
888 617 1179 668 occultissime,

1201 617 1336 660 locat:
1370 619 1471 660 inde
1502 619 1556 661 ad
1568 607 1776 680 {ffugassstm

157 671 378 722 Calatiam,
401 674 473 714 ubi
494 674 577 714 iam
599 674 791 715 consules
814 674 1029 716 Romanos
1050 683 1268 731 castraque
1294 691 1383 717 esse
1409 676 1555 718 audie·
1566 692 1686 723 locant.

153 729 237 779 bat,
261 729 418 772 milites
448 730 596 772 decem
626 740 839 787 pastorum
867 732 1015 773 habitu
1043 733 1196 774 mittit:
1230 748 1468 790 pecoraque
1490 734 1555 776 di-

153 801 306 836 versos,
343 787 472 829 alium
507 788 619 838 alibi,
656 787 771 829 haud
803 789 950 844 procul
988 789 1193 831 Romanis
1227 806 1396 846 pascere
1438 791 1556 834 iubet

153 844 396 900 praesidiis:
431 846 503 887 ubi
528 845 755 887 inciderint
779 846 824 886 in
848 846 1127 902 praedatores,
1150 856 1197 888 ut
1224 848 1339 889 idem
1361 849 1557 891 omnibus

153 916 289 944 sermo
309 911 486 952 constet,
520 903 732 959 ‘legiones
760 902 1013 944 Samnitium
1038 904 1083 944 in
1106 904 1266 961 Apulia
1290 920 1392 956 esse,
1417 906 1557 948 Luce-

154 959 287 1001 ‘riam
327 960 522 1001 omnibus
558 960 689 1016 copiis
724 961 1054 1002 circumsedere:
1100 977 1180 1003 nec
1215 963 1363 1018 procul
1398 964 1554 1014 abesse,

153 1017 287 1072 ‘quin
306 1017 347 1058 vi
372 1017 566 1073 capiant!
624 1017 715 1058 Iam
743 1018 777 1058 is
805 1018 931 1059 etiam
959 1033 1103 1060 rumor
1132 1027 1243 1069 ante,
1266 1019 1318 1061 de
1348 1020 1556 1062 industria

151 1073 357 1130 vulgatus,
380 1083 551 1116 venerat
578 1075 631 1116 ad
661 1075 904 1125 Roman0s3
937 1076 1012 1117 sed
1039 1076 1169 1118 fidem
1200 1092 1355 1118 auxere
1386 1078 1554 1134 captivi,

152 1146 203 1173 eo
233 1131 430 1182 maxime,
453 1132 568 1189 quod
601 1147 736 1174 sermo
769 1133 880 1174 inter
912 1148 1058 1174 omnes
1091 1135 1359 1190 congruebat.
1424 1134 1556 1176 Haud

152 1197 241 1231 crat
270 1189 461 1240 dubium,
484 1191 589 1246 quin
620 1189 841 1232 Lucerinis
871 1206 995 1247 opem
1023 1191 1242 1232 Romanus
1269 1192 1408 1242 ferret,
1434 1192 1556 1234 bonis

120 1261 199 1289 4ac
228 1246 422 1288 fidelibus
449 1248 596 1296 sociis3
629 1247 753 1289 simul
780 1263 834 1289 ne
857 1248 1017 1304 Apulia
1044 1248 1180 1290 omnis
1210 1248 1263 1290 ad
1291 1257 1555 1305 praesentem

153 1313 353 1345 terrorem
389 1304 614 1346 deficeret:
654 1320 704 1346 ea
734 1305 872 1354 modo,
905 1321 990 1361 qua
1024 1306 1147 1355 irent,
1179 1306 1431 1348 consultatio
1461 1307 1552 1349 fuit.

121 1361 276 1404 sDuae
303 1361 357 1403 ad
379 1361 604 1403 Luceriam
629 1362 820 1404 ferebant
844 1363 961 1412 viae3
996 1363 1125 1405 altera
1151 1373 1318 1420 praeter
1344 1379 1459 1406 oram
1487 1380 1557 1406 su-

151 1419 242 1475 peri
273 1419 396 1461 maris
424 1428 572 1475 patens
603 1429 842 1476 apertaque,
866 1420 952 1470 sed,
975 1429 1135 1476 quanto
1166 1421 1307 1471 tutior,
1330 1430 1447 1463 tanto
1469 1422 1555 1463 fere

119 1476 341 1532 6longior3
380 1476 510 1518 altera
545 1493 620 1534 per
653 1477 852 1520 Furculas
886 1478 1102 1519 Caudinas
1134 1479 1311 1520 brevior.
1378 1478 1463 1520 Sed
1498 1479 1556 1520 ita

152 1543 274 1575 natus
305 1534 420 1576 locus
451 1544 524 1576 est.
591 1534 728 1576 Saltus
758 1535 844 1576 duo
877 1535 948 1576 alti
985 1536 1150 1591 angusti
1183 1535 1408 1591 silvosique
1442 1545 1553 1586 sunt,

152 1592 364 1633 montibus
397 1593 508 1633 circa
538 1593 752 1648 perpetuis
785 1593 895 1633 inter
927 1607 969 1634 se
1003 1593 1163 1633 iuncti:
1200 1593 1309 1634 iacet
1340 1593 1452 1635 inter
1483 1609 1555 1636 eos

150 1649 248 1690 satis
269 1658 417 1705 patens
438 1649 602 1690 clausus
623 1650 667 1690 in
689 1650 830 1691 medio
847 1665 1032 1706 campus,
1051 1650 1251 1692 herbidus
1272 1666 1553 1708 aquosusque,

149 1721 226 1763 per
257 1721 386 1763 quem
419 1706 607 1748 medium
644 1707 723 1748 iter
758 1716 830 1748 est.
897 1707 982 1749 Sed
1015 1716 1125 1757 ante,
1160 1723 1288 1764 quam
1323 1709 1467 1750 venias
1502 1709 1556 1750 ad

150 1778 261 1813 eum,
284 1764 503 1806 intrandae
525 1765 683 1821 primae
713 1765 930 1821 angustiae
959 1773 1082 1806 sunt:
1117 1774 1159 1807 et
1187 1774 1259 1807 aut
1286 1766 1447 1816 eadem,
1471 1782 1556 1823 qua

151 1830 191 1862 tc
213 1821 500 1871 insinuaveris,
518 1831 630 1864 retro
646 1822 714 1864 via
729 1822 982 1879 repetenda3
1006 1831 1091 1872 aut,
1109 1823 1144 1864 si
1165 1823 1223 1864 irc
1246 1839 1370 1879 porro
1391 1839 1552 1880 pergaS,

181 1894 226 1920 er
257 1879 385 1920 alium
419 1879 570 1921 saltum
606 1881 801 1922 artiorem
838 1881 1234 1936 impeditioremque
1271 1881 1551 1923 evadendum.

150 1893 203 1977 i‘n
232 1952 330 1978 cum
361 1952 556 1993 campum
587 1938 654 1978 via
684 1937 765 1978 alia
794 1952 870 1993 per
899 1952 1042 1978 cavam
1074 1953 1235 1993 rupem,
1261 1938 1458 1988 Romani,
1481 1938 1554 1979 de-

152 1993 276 2035 misso
297 1994 478 2050 agmine,
502 2009 633 2050 quum
656 1994 709 2035 ad
730 1994 831 2035 alias
855 1994 1068 2050 angustias
1096 1995 1286 2049 protinus
1314 2004 1553 2050 pergerent,

196 2160 213 2189 3
239 2153 341 2188 Quam
356 2151 508 2189 propitiis
525 2151 606 2187 rem]
634 2150 734 2179 Gron.
747 2149 828 2180 coni.

151 2204 247 2234 quam
269 2194 432 2232 propitiis,
449 2203 543 2232 qnam
566 2193 709 2222 mli-ersis
731 2202 829 2230 ayan-

152 2241 207 2266 tur
232 2236 303 2265 (liis.
356 2236 418 2266 Sed
451 2236 531 2265 bene
558 2234 679 2265 Stroth.
707 2238 830 2269 monet,

151 2278 339 2309 adverbium
366 2277 555 2308 intendendi
575 2288 671 2317 qzmm
695 2278 736 2307 ab
760 2277 790 2307 h.
809 2277 828 2307 l.

151 2320 294 2351 alienum
311 2331 391 2356 csse,
401 2331 500 2359 quum
520 2320 610 2350 nulla
627 2330 675 2349 res
687 2321 829 2349 adt-ersis

151 2364 213 2393 diis
239 2364 332 2398 benc,
357 2363 447 2393 nullu
471 2364 623 2402 propiliis
650 2363 735 2392 male
764 2362 828 2399 geri

154 2405 263 2445 possit,
279 2405 424 2444 nihilque
440 2406 567 2441 reserat,
583 2411 688 2435 utnim
717 2414 829 2443 parum

152 2458 192 2478 an
217 2448 357 2478 multum
381 2448 504 2479 adversi
524 2448 572 2479 vel
599 2447 728 2487 propitii
747 2447 831 2483 sint;

153 2495 185 2521 et
202 2490 364 2527 iungenda
382 2501 450 2521 esse
466 2501 560 2531 quam
578 2501 643 2521 rem
659 2495 771 2528 (ιῃιιηί,
787 2501 829 2520 sc.

155 2532 320 2569 hominem
343 2533 428 2571 quod
453 2534 608 2564 substant.
632 2533 730 2562 latere
751 2532 829 2562 dicit

155 2576 186 2606 in
206 2585 308 2615 praec.
325 2575 442 2606 iuliect.
459 2576 689 2609 humanarum,
707 2579 741 2605 ut
762 2585 830 2614 pus-

155 2618 212 2647 sim
244 2617 308 2647 ullu
340 2617 368 2647 in
401 2618 513 2654 verbis,
540 2617 746 2647 substantivis
775 2621 830 2648 aut

153 2660 321 2690 adiectu-iu
337 2660 463 2697 cognati
481 2660 687 2698 significatus.
715 2660 797 2690 Ιζιίν.

203 2716 221 2740 ⁴
245 2703 350 2732 Simul
379 2714 418 2733 ne
449 2704 590 2741 Apulia]
636 2702 708 2732 linc
736 2701 830 2732 simul

154 2745 300 2780 emmilio,
320 2755 359 2775 ne
379 2745 477 2784 Apuli
499 2755 611 2775 omnen
637 2744 810 2774 deficerent
827 2757 833 2778 ;

154 2788 275 2827 quippe
290 2788 415 2827 Apulus
429 2787 588 2818 exercitus
603 2787 755 2816 sum-mm
769 2787 830 2817 ltn-

155 2841 267 2861 manna
282 2841 367 2869 nupr.
384 2830 446 2859 viii.
463 2838 511 2869 37.
526 2829 730 2860 militaverat.
767 2829 830 2859 Sed

154 2884 191 2903 ex
225 2873 339 2912 Apuli-⁴
366 2872 510 2911 quidam.
538 2872 566 2901 iu
597 2872 713 2910 quibus
744 2883 830 2910 prue-

874 2149 970 2188 cipua
995 2149 1090 2178 laude
1116 2148 1278 2185 Lucerini,
1294 2148 1324 2178 in
1349 2148 1412 2179 fide
1433 2149 1552 2179 Romn-

876 2199 988 2221 norum
1009 2192 1205 2230 perstabant,
1219 2191 1304 2221 unde
1316 2191 1466 2221 Lucerini
1481 2193 1553 2222 boni

874 2238 905 2264 et
918 2235 1034 2273 fideles
1052 2233 1128 2264 socii
1150 2234 1369 2273 appellantur.
1416 2234 1554 2265 Luceria

874 2287 1002 2315 quoque
1030 2276 1060 2306 in
1087 2276 1162 2315 ipsis
1189 2276 1335 2306 iiiuc-ibus
1362 2276 1442 2313 viae,
1470 2287 1553 2315 quae

874 2330 990 2358 supero
1014 2319 1091 2348 muri
1113 2319 1142 2348 in
1163 2318 1316 2357 Apuliam
1339 2319 1471 2354 serebat,
1492 2318 1553 2349 sita

875 2368 933 2396 est,
944 2367 973 2391 ct
990 2362 1121 2391 maximi
1139 2361 1291 2391 Romanis
1305 2361 1459 2390 momenti
1473 2366 1552 2397 erut,

875 2409 909 2434 ut
936 2405 994 2434 linc
1019 2404 1174 2443 oppidum
1198 2403 1330 2434 minime
1355 2403 1385 2433 in
1411 2403 1551 2434 hostium

876 2451 1068 2486 potestatem
1086 2447 1212 2477 rediret.

919 2499 935 2528 5
953 2491 1090 2520 I'raeter
1101 2501 1187 2519 orum
1200 2490 1312 2528 superi
1326 2489 1440 2526 maris]
1456 2489 1552 2520 Paul-

877 2533 908 2562 lo
939 2532 1130 2562 incuriosius
1161 2532 1240 2562 haec
1266 2542 1285 2561 n
1315 2531 1408 2562 Livio
1435 2531 1553 2571 scripta

878 2575 1046 2611 xi«lentur;
1068 2575 1121 2605 ned
1139 2585 1225 2605 oram
1244 2576 1342 2604 nutrix
1358 2584 1421 2604 non
1447 2574 1552 2614 ipsum

877 2617 963 2652 litus,
998 2617 1052 2647 sed
1088 2627 1216 2647 omnem
1253 2616 1342 2647 illum
1379 2617 1553 2655 regionem.

877 2670 960 2698 quae
988 2659 1070 2689 inter
1099 2659 1305 2698 Apenninum
1332 2664 1362 2689 et
1391 2669 1479 2689 mure
1504 2669 1552 2690 su-

880 2711 990 2741 perum
1009 2701 1102 2737 iacet,
1120 2702 1298 2739 intelligere
1314 2707 1423 2732 monet
1443 2702 1545 2733 Druk.

919 2744 938 2772 (i
964 2745 1141 2781 l·'urrnluul
1172 2743 1344 2781 Augustius
1361 2744 1430 2775 viae
1452 2755 1470 2774 a
1495 2744 1554 2775 sor-

877 2796 929 2816 nin
942 2787 1060 2820 furcae,
1073 2797 1126 2817 seu
1144 2787 1301 2822 furt-illue,
1316 2791 1372 2817 uut
1390 2787 1500 2818 literne
1522 2788 1556 2821 V.

876 2829 919 2859 nic
936 2829 1048 2860 ‹lit-ms.
1075 2830 1112 2860 cf.
1131 2830 1188 2861 Sil.
1209 2830 1282 2861 Ital.
1296 2829 1357 2862 viii.
1373 2828 1442 2870 565.
1471 2829 1555 2860 Rrr.
