1934 3211
214 744 278 782 11.

147 1437 224 1467 Duo
243 1437 297 1467 Tr.

147 1480 220 1509 Mil.
237 1477 313 1508 anni

146 1520 318 1559 superioris

146 1563 300 1594 accusati.

359 199 443 237 300
879 194 1028 235 TITI
1065 193 1244 235 LIVII

359 291 371 309 ‘
387 286 537 327 butum
563 300 616 326 ex
642 285 791 326 affecta
815 299 859 326 re
880 285 1072 326 familiari
1097 284 1312 340 pendant3
1345 297 1525 337 aeraque
1547 279 1754 328 militaria,

323 354 330 361 ·
361 343 503 384 ‘velut
544 342 688 384 fenore
735 350 919 398 accepta,
961 341 1210 397 multiplicia
1251 339 1505 396 reipublicae
1551 337 1757 379 reddant.’

359 400 478 441 Inter
498 400 711 441 delectum
735 400 1036 454 tributumque,
1059 408 1101 439 et
1122 407 1346 453 occupatos
1369 397 1530 437 animos
1550 395 1757 435 maiorum

359 472 498 498 rerum
532 457 654 506 curis,
688 456 867 497 comitiis
899 457 1164 496 tribunorum
1197 455 1330 510 plebis
1362 468 1563 494 numerus
1595 450 1757 506 expleri

359 515 536 569 nequiit.
600 514 843 569 Pugnatum
865 513 978 561 inde,
1001 513 1044 552 in
1070 512 1163 552 loca
1181 527 1313 552 vacua
1333 519 1380 551 ut
1400 510 1564 566 patricii
1586 516 1758 563 coopta-

359 580 515 612 rentur.
578 571 808 625 Postquam
842 569 1022 610 obtineri
1065 583 1151 609 non
1193 577 1371 623 poterat,
1404 577 1546 607 tamen
1577 564 1758 606 labefac-

361 628 511 668 tandae
544 628 647 683 legis
670 626 908 666 Treboniae
931 640 1054 665 causa
1076 625 1274 665 effectum
1295 633 1370 673 est,
1394 633 1441 664 ut
1462 630 1788 678 cooptarentur3

361 685 520 725 tribuni
551 684 685 739 plebis
713 682 762 723 C.
784 682 984 722 Lacerius
1015 690 1058 721 et
1087 681 1148 721 M.
1166 681 1361 729 Acutius,
1387 680 1503 720 haud
1530 680 1657 720 dubie
1685 694 1760 734 pa-

362 742 576 782 triciorum
599 740 757 795 opibus.
807 738 907 779 Fors
929 738 987 778 ita
1008 737 1117 786 tulit,
1141 746 1188 777 ut
1209 752 1259 778 eo
1281 752 1391 777 anno
1413 737 1605 777 tribunus
1625 735 1760 790 plebis

365 797 445 838 Cn.
463 796 701 838 Trebonius
726 804 847 844 esset,
871 795 945 850 qui
970 795 1132 835 nomini
1157 809 1204 834 ac
1225 793 1406 834 familiae
1428 793 1619 834 debitum
1639 807 1761 847 prae-

360 863 468 895 stare
504 853 718 894 videretur
752 851 989 893 Treboniae
1025 851 1128 907 legis
1163 851 1455 906 patrocinium.
1519 849 1573 898 Is,
1617 849 1761 904 ‘quod

363 911 594 967 ‘petissent
629 910 775 950 Patres
812 909 999 964 quidam,
1037 909 1173 964 primo
1209 908 1379 963 incepto
1414 907 1584 962 repulsi,
1618 914 1761 947 tamen

364 968 581 1008 ‘tribunos
622 967 802 1007 militum
840 966 1127 1021 expugnasse,’
1163 965 1407 1014 vociferans,
1454 964 1618 1020 ‘legem
1654 963 1761 1004 Tre-

364 1025 561 1066 ‘boniam
594 1023 812 1071 sublatam,
846 1032 889 1063 et
921 1022 1356 1078 cooptatos-tribunos
1388 1021 1523 1077 plebis
1559 1036 1646 1061 non
1677 1019 1762 1060 suf-

365 1088 377 1106 ‘
391 1082 532 1138 fragiis
553 1081 712 1137 populi,
731 1081 805 1121 sed
826 1081 1003 1135 imperio
1025 1079 1320 1135 patriciorum3
1344 1088 1387 1119 et
1408 1094 1458 1119 eo
1480 1077 1636 1119 revolvi
1657 1092 1760 1126 rem,

364 1145 376 1163 ‘
395 1148 438 1180 ut
469 1148 541 1179 aut
570 1138 747 1194 patricii,
775 1147 847 1178 aut
876 1137 1148 1193 patriciorum
1177 1136 1354 1176 asseclae
1386 1135 1571 1176 habendi
1604 1134 1762 1175 tribuni

364 1196 526 1252 ‘plebis
560 1196 669 1236 sint:
709 1195 814 1250 eripi
848 1203 1024 1235 sacratas
1058 1194 1184 1249 legeS,
1219 1192 1461 1248 extorqueri
1495 1191 1763 1233 tribuniciam

364 1260 669 1309 ‘potestatem3
703 1252 748 1292 id
775 1252 921 1292 fraude
950 1251 1233 1307 patriciorum,
1263 1250 1419 1291 scelere
1445 1264 1492 1290 ac
1520 1248 1762 1304 proditione

364 1317 376 1334 ⁶
392 1310 646 1365 collegarum
666 1309 840 1350 factum'
862 1324 1047 1364 arguere.
1114 1308 1260 1356 Quum
1281 1307 1478 1348 arderent
1498 1305 1658 1346 invidia
1676 1319 1764 1345 non
1776 1320 1796 1348 4

364 1368 510 1408 Patres
539 1367 677 1416 modo,
701 1367 775 1407 sed
804 1366 931 1407 etiam
962 1365 1118 1406 tribuni
1146 1365 1292 1421 plebis,
1316 1363 1499 1419 cooptati
1529 1362 1698 1419 pariter,
1721 1370 1765 1402 et

366 1424 439 1479 qui
472 1432 795 1479 cooptaverant3
829 1432 919 1464 tum
953 1438 1007 1464 ex
1040 1422 1217 1478 collegio
1251 1431 1346 1471 tres,
1376 1421 1423 1461 P.
1443 1420 1671 1469 Curiatius,
1699 1418 1762 1459 M.

368 1480 572 1529 Metilius,
605 1489 647 1520 ct
680 1480 740 1520 M.
762 1480 992 1529 Minucius,
1024 1480 1176 1535 trepidi
1207 1494 1348 1520 rerum
1379 1492 1560 1527 suarum,
1590 1477 1635 1517 in
1670 1475 1766 1517 Ser-

367 1538 483 1593 gium
506 1537 848 1592 Virginiumque,
871 1537 1020 1592 prioris
1046 1537 1146 1577 anni
1171 1535 1598 1584 tribunosmilitares,
1624 1534 1766 1574 incur-

366 1602 490 1635 runt:
532 1594 576 1633 in
612 1608 681 1633 eos
718 1594 770 1634 ab
806 1609 848 1634 se
885 1594 986 1633 iram
1024 1594 1158 1648 plebis
1194 1593 1495 1647 invidIamque,
1533 1591 1602 1632 die
1638 1590 1763 1640 dicta,

366 1659 571 1692 avertunt.
656 1656 667 1673 ⁶
687 1650 854 1698 Quibus
905 1650 1106 1698 delectus,
1149 1650 1302 1704 quibus
1352 1650 1570 1697 tributum,
1612 1647 1765 1703 quibus

369 1714 379 1732 ‘
397 1708 561 1749 diutina
616 1707 766 1747 militia
814 1706 1184 1761 longinquitasque
1239 1705 1339 1746 belli
1389 1705 1442 1745 sit
1490 1704 1639 1760 gravis,
1691 1703 1766 1758 qui

369 1772 380 1789 ‘
397 1765 515 1806 clade
567 1773 738 1819 accepta
787 1763 840 1804 ad
880 1763 1009 1803 Veios
1053 1762 1237 1811 doleant,
1282 1762 1355 1817 qui
1403 1761 1562 1801 amissis
1608 1760 1764 1809 liberis,

370 1828 382 1846 ‘
397 1822 605 1869 fratribus,
662 1820 922 1876 propinquis,
975 1819 1180 1867 affinibus,
1233 1819 1430 1874 lugubres
1487 1818 1634 1858 domos
1691 1817 1766 1858 ha-

370 1880 547 1927 ‘beant3
600 1878 649 1918 iis
698 1877 857 1933 publici
904 1876 1139 1932 privatique
1186 1875 1340 1916 doloris
1389 1874 1653 1930 exsequendi
1702 1875 1767 1914 ius

370 1942 381 1960 ‘
398 1943 734 1992 potestatemque
763 1949 816 1974 ex
844 1933 1008 1974 dnobus
1040 1933 1178 1973 noxiis
1206 1932 1411 1987 capitibus
1439 1931 1581 1972 datam
1613 1931 1664 1971 ab
1697 1931 1767 1980 se,’

369 2000 614 2034 memorant.
680 1997 691 2014 ‘
710 1990 915 2032 Omnium
953 2005 1136 2044 namque
1172 1989 1376 2029 malorum
1412 1988 1457 2028 in
1496 1988 1642 2044 Sergio
1669 1987 1768 2028 Vir-

371 2056 382 2073 ‘
398 2049 600 2105 ginioque
623 2063 766 2088 causas
789 2062 903 2088 esse:
938 2062 1015 2087 nec
1045 2046 1089 2086 id
1118 2054 1399 2086 accusatorem
1425 2045 1557 2100 magis
1579 2059 1766 2100 arguere,

372 2112 383 2130 ‘
400 2121 528 2162 quam
568 2105 688 2146 fateri
728 2119 846 2145 reos:
900 2104 987 2159 qui,
1029 2103 1147 2143 noxii
1184 2103 1319 2151 ambo,
1362 2102 1466 2142 alter
1506 2102 1551 2141 in
1591 2101 1770 2142 alterum

373 2170 384 2187 ‘
401 2178 568 2204 causam
605 2162 834 2210 conferant,
860 2160 1002 2216 fugam
1037 2159 1173 2215 Sergii
1199 2159 1431 2213 VirginiuS,
1469 2158 1638 2214 Sergius
1674 2173 1771 2214 pro-

373 2226 385 2244 ς
401 2221 607 2261 ditionem
628 2219 850 2274 increpans
871 2217 1065 2273 Virginii.
1135 2216 1328 2264 Quorum
1350 2216 1456 2256 adeo
1477 2215 1771 2256 incredibilem

374 2283 386 2301 ‘
402 2277 630 2318 amentiam
653 2275 794 2324 fuisse,
821 2283 868 2315 ut
896 2274 1029 2314 multo
1051 2273 1315 2314 verisimilius
1344 2273 1409 2321 sit,
1432 2282 1649 2327 compacto
1677 2286 1770 2312 eam
1785 2289 1802 2318 5

375 2340 490 2375 ‘rem
524 2342 567 2374 et
600 2332 814 2374 communi
841 2331 986 2371 fraude
1020 2330 1291 2385 patriciorum
1324 2338 1471 2369 actam.
1535 2328 1605 2369 Ab
1632 2328 1698 2368 his
1728 2336 1805 2370 et6

376 2397 387 2415 ‘
403 2392 517 2446 prius
539 2391 685 2431 datum
706 2389 846 2429 locum
867 2387 1119 2428 Veientibus
1141 2387 1194 2427 ad
1219 2385 1488 2426 incendenda
1508 2400 1648 2440 opera,
1669 2384 1771 2425 belli

377 2448 599 2488 ‘trahendi
641 2461 790 2493 causa3
836 2454 879 2485 et
919 2459 1032 2485 nunc
1072 2443 1287 2499 proditum
1329 2442 1575 2490 exercitum,
1618 2441 1773 2482 tradita

418 2584 435 2614 3
458 2575 553 2613 Leyis
571 2574 762 2610 Treboniae]
793 2572 869 2608 Qua
888 2571 1050 2611 cooptatio
1096 2573 1204 2602 Plaut.
1228 2571 1356 2611 Captiv.
1379 2571 1423 2602 iii.
1445 2580 1470 2601 1.
1493 2580 1542 2611 29.
1566 2581 1672 2601 omnes
1693 2580 1773 2601 com-

375 2617 577 2646 tribunorum
599 2616 685 2655 pleb.
703 2616 882 2645 vetabatur.
907 2615 945 2644 cf.
963 2625 1050 2653 supr.
1092 2619 1188 2653 pacto
1210 2625 1276 2645 rem
1299 2619 1411 2653 ayunt.
1458 2614 1512 2643 Ita
1529 2613 1696 2652 composito
1715 2621 1774 2651 pro

376 2659 419 2689 iii.
437 2658 488 2697 65.
1096 2667 1136 2687 ez·
1151 2658 1330 2696 composito,
1347 2656 1436 2695 Virg.
1452 2656 1534 2685 Aen.
1547 2654 1580 2685 ii.
1595 2664 1663 2695 129.
1689 2654 1773 2684 RAS-

420 2712 438 2738 4
463 2703 569 2737 Quum
585 2701 736 2731 arderent
752 2700 894 2737 invidia]
920 2699 1053 2728 Invidia
1097 2707 1189 2728 CHIG.

378 2742 569 2780 plerumque
600 2742 738 2771 sumitur
772 2741 910 2780 passivo,
941 2744 977 2770 ut
1007 2741 1050 2770 lo—
1139 2739 1158 2770 6
1181 2741 1233 2770 Ab
1255 2741 1322 2777 his]
1349 2750 1392 2770 sc.
1410 2738 1568 2769 Patriciis.
1615 2737 1772 2768 Nondum

378 2786 519 2820 quuntur
535 2782 762 2820 Gmmmatici,
781 2793 887 2819 sensu,
908 2792 971 2812 non
995 2792 1052 2821 pro
1097 2782 1182 2812 enim
1200 2786 1291 2812 erant
1306 2781 1425 2811 tribuni
1441 2780 1583 2810 militum
1597 2779 1725 2818 Sergius
1740 2781 1773 2807 et

378 2824 452 2853 odio
469 2826 554 2861 quod
577 2826 728 2863 gerimus,
744 2826 800 2855 sed
825 2835 882 2864 pro
906 2835 943 2855 eo
967 2825 1053 2863 quod
1100 2823 1274 2863 Virginius,
1294 2833 1393 2862 quum
1417 2832 1516 2861 opera
1538 2832 1558 2851 a
1581 2819 1772 2851 Veientibus

378 2865 409 2894 in
428 2876 485 2894 uos
501 2866 571 2903 quis
588 2867 694 2896 habet.
719 2868 825 2897 Cam.
1098 2866 1229 2896 incensa
1244 2871 1327 2895 sunt.
1353 2866 1459 2896 CRER

423 2915 439 2944 5
465 2907 648 2945 Compacto]
684 2918 725 2937 se.
745 2908 795 2937 Ex
821 2912 1002 2947 compacto,
1020 2911 1053 2937 ut
