1934 3211
176 258 220 290 U.
239 259 276 290 C.
295 269 366 298 434.

176 304 214 334 A.
239 303 276 333 C.
297 305 367 340 318.

178 1523 328 1563 Papirius

177 1567 302 1596 obsidet
320 1567 383 1597 Lu-

178 1619 304 1640 ceriam.

251 2370 314 2407 14.

394 166 476 204 514
913 159 1061 201 TITI
1099 160 1277 202 LIVII

395 253 548 309 cuique
571 252 734 293 animus
756 266 917 292 memor
942 251 1197 307 ignominiae
1224 251 1465 291 adhortator
1490 249 1644 291 aderat.
1705 247 1794 289 Va-

394 311 502 351 dunt
522 310 650 366 igitur
670 310 713 349 in
735 308 941 365 proelium
964 317 1162 363 urgentes
1183 308 1424 363 signiferos:
1459 316 1513 357 ct,
1536 322 1590 348 nc
1612 321 1729 347 mora
1748 306 1793 346 in

395 382 599 409 concursu
624 366 720 423 pilis
748 366 991 407 emittendis
1019 366 1355 421 stringendisque
1382 364 1481 405 inde
1502 364 1651 421 gladiis
1671 371 1792 412 esset,

392 426 490 482 pila,
518 425 635 466 velut
666 424 765 465 dato
797 423 851 464 ad
885 423 930 464 id
965 423 1098 478 signo,
1128 423 1343 471 abiiciunt,
1372 422 1609 477 strictisque
1643 420 1794 477 gladiis

394 498 518 524 cursu
551 482 595 522 in
625 482 790 522 hostem
821 482 1025 520 feruntur.
1104 479 1227 520 Nihil
1258 479 1342 520 illic
1374 479 1663 535 imperatoriae
1695 477 1794 519 artis

394 540 611 581 ordinibus
643 547 716 580 aut
747 537 942 578 subsidiis
974 536 1161 578 locandis
1192 536 1297 577 fuit:
1339 537 1480 577 omnia
1510 536 1573 577 ira
1603 535 1794 577 militaris

395 612 524 653 prope
551 611 705 638 vesano
736 595 900 649 impetu
929 594 1026 649 egit.
1089 593 1238 648 Itaque
1270 608 1357 634 non
1386 593 1466 634 fusi
1497 593 1623 635 modo
1653 593 1794 634 hostes

394 663 519 703 sunt3
558 653 644 702 sed,
677 667 730 692 ne
764 651 905 692 castris
941 650 1115 705 quidem
1151 650 1235 690 suis
1271 650 1413 706 fugam
1448 650 1652 706 impedire
1689 650 1792 699 ausi,

397 711 598 767 Apuliam
620 708 809 764 dissipati
833 707 1017 764 petiere:
1052 707 1277 748 Luceriam
1307 715 1460 757 tamen,
1482 716 1626 749 coacto
1653 722 1794 748 rursus

397 769 440 808 in
476 782 608 808 unum
645 766 826 822 agmine,
864 772 927 806 est
961 773 1222 820 perventum.
1287 764 1502 806 Romanos
1537 765 1598 806 ira
1632 765 1793 813 eadem,

396 840 504 880 quae
525 839 601 880 per
625 823 809 864 mediam
837 822 970 863 aciem
999 821 1183 863 hostium
1211 821 1376 872 tulerat,
1399 830 1443 863 et
1469 822 1514 862 in
1542 830 1674 863 castra
1698 837 1795 878 per-

396 882 504 923 tulit.
568 880 634 922 Ibi
664 880 771 936 plus,
795 894 923 935 quam
950 880 995 920 in
1023 879 1125 928 acie,
1148 879 1362 936 sanguinis
1390 895 1438 921 ac
1465 879 1605 920 caedis
1623 879 1793 930 factum,

396 938 662 995 praedaeque
685 953 778 994 pars
799 937 931 978 maior
952 937 1012 977 ira
1032 945 1239 993 corrupta.

456 996 679 1037 Exercitus
700 995 804 1036 alter
824 1010 921 1036 cum
943 994 1114 1051 Papirio
1135 994 1304 1036 consule
1333 993 1435 1035 locis
1462 992 1682 1035 maritimis
1701 1008 1796 1050 per-

397 1061 569 1095 venerat
590 1053 730 1109 Arpos
751 1067 827 1109 per
848 1052 990 1093 omnia
1010 1061 1169 1108 pacata,
1195 1051 1448 1093 Samnitium
1473 1051 1606 1107 magis
1633 1051 1796 1092 iniuriis
1810 1063 1827 1093 3

397 1120 440 1152 et
469 1111 579 1161 odio,
603 1126 731 1167 quam
760 1109 967 1151 beneficio
996 1109 1081 1150 ullo
1109 1109 1256 1165 populi
1278 1109 1472 1150 Romani.
1536 1108 1651 1150 Nam
1678 1108 1797 1151 Sam-

397 1169 518 1218 nites,
541 1184 591 1209 ea
622 1175 869 1224 tempestate
901 1167 945 1207 in
976 1167 1189 1208 montibus
1213 1167 1383 1208 vicatim
1413 1166 1662 1216 habitantes,
1684 1181 1828 1210 cam-4

396 1226 551 1282 pesti-ia
579 1234 621 1267 et
646 1225 854 1266 maritima
879 1224 982 1274 loca,
1005 1233 1248 1280 contempto
1277 1224 1486 1266 cultorum
1513 1223 1704 1265 moUiore
1735 1232 1797 1265 at-

397 1298 493 1339 que,
516 1291 563 1323 ut
589 1282 731 1324 evenit
750 1282 850 1331 fere,
873 1281 974 1323 locis
1002 1281 1127 1322 simili
1154 1297 1323 1338 genere,
1346 1282 1425 1338 ipsi
1453 1281 1644 1322 montani
1670 1289 1796 1336 atque

395 1348 577 1396 agrestes
609 1339 986 1396 depopulabantur.
1052 1338 1174 1388 Quae
1206 1339 1322 1395 regio
1353 1339 1387 1380 si
1419 1339 1506 1380 fida
1540 1338 1798 1380 Samnitibus

395 1397 554 1447 fuisset,
578 1406 650 1439 aut
679 1397 897 1453 pervenire
921 1396 1061 1452 Arpos
1089 1397 1299 1438 exercitus
1321 1396 1540 1438 Romanus
1567 1396 1795 1451 nequisset,

396 1463 469 1495 aut
496 1455 716 1496 interiecta
744 1455 855 1495 inter
877 1454 1059 1495 Romam
1087 1463 1130 1495 et
1151 1453 1305 1510 Arpos,
1331 1453 1508 1510 penuria
1537 1468 1677 1494 rerum
1708 1466 1827 1497 om-5

396 1511 528 1560 nium,
550 1511 740 1552 exclusos
761 1527 785 1552 a
806 1511 1108 1552 commeatibus
1129 1511 1436 1567 absumpsisset.
1490 1510 1604 1552 Tum
1625 1525 1796 1567 quoque
1809 1518 1829 1549 6

396 1568 603 1623 profectos
633 1568 732 1608 inde
761 1568 815 1609 ad
840 1568 1078 1618 Luceriam,
1101 1568 1219 1609 iuxta
1244 1568 1483 1610 obsidentes
1512 1568 1796 1624 obsessosque,

396 1625 539 1681 inopia
567 1625 744 1666 vexavit.
810 1624 967 1665 Omnia
996 1625 1047 1665 ab
1074 1625 1202 1680 Arpis
1232 1625 1437 1666 Romanis
1469 1625 1797 1681 suppeditaban-

395 1691 489 1731 tur3
523 1691 711 1723 ceterum
742 1681 848 1722 adeo
881 1681 1048 1737 exigue,
1071 1691 1119 1722 ut
1152 1681 1287 1731 militi,
1310 1691 1515 1738 occupato
1548 1682 1796 1723 stationibus

395 1739 632 1795 vigiliisque
655 1748 698 1780 et
722 1753 861 1794 opere,
884 1753 1014 1794 eques
1034 1738 1228 1779 folliculis
1255 1739 1300 1779 in
1325 1747 1459 1780 castra
1486 1739 1537 1779 ab
1560 1738 1690 1794 Arpis
1709 1739 1796 1780 fru-

395 1805 587 1837 mentum
624 1796 820 1844 veheret3
868 1795 1083 1836 interdum
1124 1810 1298 1836 occursu
1338 1796 1522 1836 hostium
1563 1803 1794 1852 cogeretur,

396 1854 559 1895 abiecto
595 1869 647 1894 ex
685 1868 795 1909 equo
830 1852 1054 1901 frumento,
1092 1867 1291 1908 pugnare.
1354 1852 1412 1894 Et
1452 1853 1627 1894 obsessis
1666 1854 1794 1909 prius,

395 1926 522 1966 quam
551 1910 655 1951 alter
683 1909 829 1951 consul
856 1910 1013 1950 victore
1043 1910 1231 1950 exercitu
1262 1909 1444 1959 advenit,
1466 1919 1508 1951 et
1538 1918 1795 1951 commeatus

395 1983 447 2008 ex
469 1968 681 2009 montibus
705 1966 957 2008 Samnitium
979 1967 1134 2007 invecti
1156 1976 1286 2016 erant,
1305 1975 1348 2008 ct
1368 1967 1525 2008 auxilia
1544 1967 1792 2009 intromissa.
1816 2012 1821 2017 ,

396 2024 567 2066 Artiora
587 2024 730 2066 omnia
750 2023 954 2065 adventus
976 2023 1148 2064 Publilii
1173 2024 1298 2073 fecit3
1332 2024 1419 2080 qui,
1442 2024 1660 2065 obsidione
1680 2024 1794 2066 dele-

394 2091 491 2137 gata
523 2083 567 2123 in
600 2097 743 2123 curam
780 2081 977 2137 collegae,
1012 2096 1169 2122 vacuus
1200 2096 1276 2137 per
1307 2097 1426 2138 agros
1459 2090 1611 2123 cuncta
1646 2082 1795 2124 infesta

394 2140 696 2180 commeatibus
732 2139 915 2180 hostium
952 2138 1118 2179 fecerat.
1197 2138 1345 2195 Itaque
1382 2154 1514 2194 quum
1549 2154 1643 2195 spes
1677 2139 1795 2181 nulla

394 2206 514 2246 esset,
537 2197 696 2238 diutius
717 2196 903 2238 obsessos
924 2196 1110 2251 inopiam
1131 2195 1300 2246 laturos,
1324 2196 1457 2237 coacti
1482 2196 1702 2246 Samnites,
1720 2197 1793 2253 qui

394 2254 447 2294 ad
470 2253 694 2295 Luceriam
722 2262 856 2295 castra
887 2253 1112 2302 habebant,
1144 2253 1334 2309 undique
1367 2254 1592 2295 contractis
1621 2254 1791 2303 viribus,

394 2311 513 2366 signa
533 2326 629 2352 cum
646 2311 816 2367 Papirio
838 2310 1039 2351 conferre.

452 2368 536 2410 Per
556 2368 599 2409 id
621 2377 799 2424 tempus,
817 2367 1059 2423 parantibus
1080 2367 1268 2423 utrisque
1290 2383 1332 2408 se
1354 2367 1407 2409 ad
1428 2367 1649 2424 proelium,
1665 2367 1792 2425 legati

437 2534 454 2564 3
478 2525 602 2564 Arpos]
644 2523 742 2554 Hanc
766 2522 918 2554 Dauniae
944 2523 1068 2559 urbem,
1114 2520 1194 2552 κατὰ
1210 2521 1311 2559 κώμας
1327 2521 1454 2553 dicitur.

393 2567 470 2597 olim
494 2567 721 2606 Argyrippam,
738 2576 757 2596 a
774 2565 936 2596 Diomede
960 2564 1068 2594 condi-
1157 2572 1174 2603 5
1191 2566 1261 2594 Aut
1276 2565 1463 2602 interiecta]
1490 2564 1521 2596 h.
1535 2574 1563 2596 e.
1580 2564 1648 2596 Aut
1662 2565 1791 2602 saltem,

393 2613 458 2639 tam
473 2609 569 2639 fuisse
585 2609 739 2639 traditum
753 2612 811 2643 est,
822 2608 908 2646 quod
921 2617 961 2637 ex
977 2617 1069 2637 num·
1114 2610 1287 2646 postquam
1318 2607 1460 2637 Romani
1497 2607 1604 2646 Arpos
1638 2617 1790 2648 pervene-

394 2650 454 2680 mis
463 2661 591 2690 quoque
602 2654 747 2690 apparet.
776 2650 851 2680 Hoc
867 2654 977 2680 autem
989 2653 1068 2679 tem-
1114 2653 1197 2685 rant,
1216 2648 1384 2679 interiecta
1406 2649 1490 2680 inter
1510 2649 1653 2679 Romam
1676 2654 1708 2680 et
1732 2651 1789 2680 Ar-

394 2703 470 2731 pore
498 2693 649 2724 Dauniae
678 2693 772 2722 urbes
802 2692 960 2722 seditione
986 2691 1070 2721 inter
1114 2701 1183 2730 pos,
1200 2701 1241 2721 ne
1260 2695 1460 2722 commeatus
1477 2701 1497 2721 a
1513 2692 1621 2722 Roma
1642 2691 1789 2723 subveni-

392 2744 460 2765 sese
476 2736 677 2771 laborabant,
690 2738 721 2765 et
739 2734 884 2774 partibus
899 2733 970 2764 aliis
985 2734 1069 2764 aliae
1113 2737 1195 2770 rent,
1211 2733 1306 2764 facile
1322 2733 1547 2773 prohibuisset.

392 2776 552 2807 favebant.
586 2777 700 2816 Arpini
717 2776 749 2806 in
763 2777 987 2807 Romanorum
1006 2775 1068 2806 fide
1155 2774 1175 2806 6
1202 2777 1281 2805 Tum
1296 2777 1436 2816 quoque]
1464 2777 1572 2815 Atque
1588 2775 1684 2806 etiam
1701 2775 1787 2812 licet,

393 2827 492 2855 usque
511 2820 551 2848 ad
570 2820 693 2849 bellum
712 2819 872 2849 Punicum
889 2819 1065 2849 seeundum
1112 2821 1147 2847 ut
1166 2818 1263 2848 modo
1282 2817 1433 2855 diximus,
1449 2817 1534 2857 regio
1557 2817 1616 2848 illa
1635 2817 1700 2847 fida
1722 2826 1786 2846 non

393 2860 577 2890 manebant.
603 2861 738 2890 Niebhr.
756 2861 776 2891 i.
793 2872 823 2891 n.
841 2869 913 2899 473.
1111 2864 1193 2890 esset
1217 2859 1427 2897 Samnitibus,
1446 2861 1501 2891 sed
1526 2863 1639 2899 pacata
1665 2859 1785 2889 Roma-

435 2913 452 2938 4
485 2902 632 2937 l'icatim]
662 2902 700 2930 Id
718 2903 803 2939 quod
820 2903 906 2941 apud
925 2901 1066 2932 Graecos
1110 2902 1168 2932 nis.
1193 2902 1299 2933 Cam.
