1934 3211
407 201 491 240 260
919 195 1068 238 ΤΙΤΙ
1106 195 1286 237 LIVII

192 292 236 324 U·
253 292 291 325 C.
311 301 382 333 329·
409 288 542 345 equis,
560 287 756 344 imperat:
790 294 833 328 et
852 287 941 342 ipse
958 286 1166 343 princeps,
1185 285 1415 327 calcaribus
1431 285 1608 327 subditis
1624 292 1806 335 evectus,

189 336 230 368 A.
254 336 292 368 O.
309 344 383 375 423·
409 347 569 388 effreno
590 360 701 401 equo
723 345 768 386 in
789 344 950 386 medios
966 344 1086 400 ignes
1106 343 1305 385 infertur:
1340 351 1383 384 et
1403 343 1473 384 alii
1494 343 1693 385 concitati
1708 343 1810 399 equi

409 403 543 445 libero
583 417 708 443 cursu
747 402 889 443 ferunt
929 401 1117 457 equitem
1157 401 1203 441 in
1238 400 1414 442 hostem.
1476 400 1622 442 Pulvis
1661 400 1808 450 elatus,

411 461 653 516 mixtusque
693 459 822 509 fumo,
859 458 999 500 lucem
1040 473 1094 499 ex
1127 457 1258 499 0011115
1291 458 1476 499 virorum
1516 472 1808 514 equorumque

412 518 558 560 aufert.
623 517 698 566 Ea,
731 531 838 572 quae
870 515 1048 556 militem
1080 523 1298 564 terruerat,
1330 516 1489 571 species
1519 515 1627 556 nihil
1661 515 1811 557 terruit

413 591 556 632 equos.
620 574 787 616 Ruinae
816 573 946 628 igitur
971 571 1150 613 similem
1178 580 1361 627 stragem
1389 588 1532 627 eques,
1555 587 1809 629 quacunque

412 640 663 689 pervaserat,
705 630 834 671 dedit.
919 628 1091 670 Clamor
1130 628 1285 669 deinde
1333 629 1487 670 accidit
1526 645 1682 671 novus:
1736 629 1812 685 qui

414 706 546 747 quum
568 698 790 743 utramque
812 685 1103 726 mirabundam
1126 686 1170 726 in
1192 701 1235 726 se
1257 685 1390 726 aciem
1412 687 1614 736 vertisset,
1633 687 1813 728 dictator

413 747 632 795 exclamat,
668 744 947 792 <Quinctium
979 743 1166 799 legatum
1205 751 1247 784 et
1280 758 1376 784 suos
1411 744 1462 785 ab
1495 752 1612 800 tergo
1647 744 1813 786 hostem

415 803 642 845 ‘adortosz'
678 802 781 858 ipsc,
813 800 1098 855 redintegrato
1128 800 1323 850 013111010,
1354 800 1482 842 infert
1513 801 1648 843 acrius
1679 801 1811 857 signa.

196 865 383 913 Vincuntur
417 861 565 909 Quum
586 860 694 901 duae
717 859 839 908 acies,
862 857 947 899 duo
969 858 1133 899 diversa
1158 857 1331 914 proelia,
1354 858 1663 900 circumventos
1685 858 1813 900 Etru-

195 909 400 982 §.gentsssset
412 933 504 960 scos
525 925 568 959 et
588 933 613 959 a
632 917 768 958 fronte
791 924 835 957 et
856 916 908 957 ab
929 923 1047 971 tergo
1068 925 1280 971 urgerent,
1302 930 1442 971 neque
1465 916 1510 956 in
1531 924 1667 957 035113
1685 924 1811 966 10110,

225 961 235 982 ¹
261 961 321 982 ena
337 961 354 981 e
374 974 380 981 '
412 990 553 1031 neque
570 975 616 1016 in
637 982 813 1023 montes,
837 973 950 1014 unde
972 988 1016 1014 50
1036 987 1171 1014 novus
1191 972 1321 1014 hostis
1343 973 1566 1024 obiecerat,
1589 973 1670 1015 iter
1689 973 1812 1028 fugae

413 1040 534 1082 esset,
557 1040 601 1074 et
625 1031 813 1087 equitem
835 1030 988 1086 passim
1009 1029 1129 1071 liberi
1149 1029 1278 1071 frenis
1303 1030 1564 1072 distulissent
1590 1031 1704 1087 equi,
1725 1030 1814 1072 Ve-

412 1090 593 1132 ientium
624 1089 808 1130 maxima
838 1103 932 1144 pars
964 1087 1154 1129 Tiberim
1186 1087 1307 1128 effusi
1337 1096 1510 1144 petunt:
1545 1088 1815 1130 Fidenatium

414 1147 489 1203 qui
510 1154 748 1203 supersunt,
770 1145 824 1187 ad
852 1146 1000 1187 urbem
1022 1144 1204 1186 Fidenas
1225 1145 1419 1187 tendunt.
1480 1144 1614 1187 Infert
1641 1145 1815 1202 pavidos

413 1205 514 1261 fuga
540 1205 585 1245 in
616 1204 800 1245 mediam
830 1203 1026 1244 eaedem:
1060 1202 1364 1244 obtruncantur
1393 1202 1437 1243 in
1466 1203 1590 1259 ripis:
1624 1203 1739 1254 31105,
1770 1203 1816 1243 111

415 1277 568 1318 aquam
589 1261 838 1317 compulsos,
860 1260 1047 1316 gurgites
1067 1259 1230 1301 ferunt:
1265 1259 1392 1301 etiam
1412 1260 1570 1316 peritos
1585 1260 1717 1301 nandi
1735 1260 1817 1301 135-

417 1319 558 1360 51111(10
579 1327 622 1361 01
641 1318 817 1359 vulnera
837 1327 880 1359 et
906 1332 1036 1374 pavor
1057 1316 1310 1373 degravant3
1343 1317 1468 1373 pauci
1489 1333 1542 1359 ex
1570 1317 1713 1359 multis
1733 1324 1817 1358 tra-

417 1385 531 1418 nant.
585 1376 783 1417 Alterum
805 1390 957 1431 agmen
978 1374 1109 1415 fertur
1128 1390 1205 1430 per
1220 1382 1354 1416 castra
1374 1374 1419 1415 in
1439 1376 1600 1417 urbem.
1654 1374 1816 1416 Eadem

420 1441 461 1474 et
483 1433 700 1475 Romanos
721 1440 946 1488 sequentes
966 1432 1150 1488 impetus
1170 1432 1300 1488 rapit:
1338 1431 1591 1480 Quinctium
1619 1432 1815 1482 maxime,

419 1499 462 1532 et
481 1505 579 1531 011111
607 1506 658 1531 eo
681 1490 898 1546 degressos
928 1489 1054 1530 modo
1077 1489 1129 1530 de
1159 1489 1385 1539 montibus,
1407 1490 1742 1531 recentissimum
1764 1489 1819 1531 ad

270 1550 339 1588 34.
418 1547 606 1589 laborem
653 1547 843 1596 militem,
886 1547 986 1602 quia
1026 1546 1175 1588 ultimo
1221 1546 1382 1602 proelio
1421 1546 1660 1589 advenerat.
1742 1546 1817 1597 Hi,

200 1606 328 1645 Captae
345 1604 397 1637 Fi-
418 1613 641 1661 postquam
669 1604 789 1644 mixti
820 1604 1010 1645 hostibus
1037 1612 1202 1658 portam
1227 1604 1449 1653 intravere,
1475 1604 1520 1644 in
1549 1619 1690 1645 muros
1722 1619 1819 1645 eva-

201 1649 314 1679 denae.
419 1663 550 1710 dunt3
582 1661 752 1717 suisque
774 1661 884 1716 capti
901 1660 1047 1716 oppidi
1069 1661 1237 1716 signum
1258 1676 1311 1701 ex
1329 1675 1449 1702 muro
1465 1661 1631 1703 toUunt.
1688 1661 1818 1709 Quod

420 1719 493 1761 ubi
515 1719 693 1760 dictator
705 1718 937 1773 conspexit,
956 1718 1059 1772 (iam
1081 1718 1195 1758 enim
1216 1726 1259 1758 et
1280 1718 1368 1773 ipse
1386 1718 1431 1757 in
1452 1718 1618 1759 deserta
1632 1718 1818 1759 hostium

421 1785 555 1818 castra
573 1775 901 1832 penetraverat,)
918 1774 1161 1830 cupientem
1182 1774 1360 1815 militem
1377 1774 1609 1816 discurrere
1624 1775 1677 1816 ad
1697 1790 1819 1832 prae-

421 1834 532 1883 dam,
555 1848 627 1889 spe
648 1833 804 1874 iniecta
824 1832 991 1873 maioris
1004 1832 1048 1872 in
1070 1832 1172 1872 urbe
1194 1831 1388 1887 praedae,
1411 1832 1466 1872 ad
1486 1840 1650 1888 portam
1671 1833 1790 1874 ducit
1806 1849 1817 1883 3

422 1899 700 1947 receptusque
729 1890 840 1931 intra
865 1904 1018 1939 muros,
1046 1890 1090 1929 in
1121 1904 1272 1938 3100111,
1300 1904 1385 1944 quo
1415 1904 1537 1930 ruere
1565 1889 1820 1946 fugientium

423 1949 587 1989 turbam
614 1947 796 1997 videbat,
818 1946 967 2003 pergit.
1031 1945 1075 1986 N
1079 1961 1126 1987 00
1151 1945 1289 1986 minor
1309 1945 1458 1986 caedes
1482 1946 1528 1987 in
1552 1947 1668 1996 urbe,
1692 1962 1820 2003 quam

423 2005 468 2046 in
492 2004 664 2061 proelio,
686 2005 789 2053 fuit3
823 2004 972 2053 donec,
1002 2003 1175 2044 abiectis
1205 2003 1342 2053 armis,
1364 2001 1471 2044 nihil
1497 2012 1664 2059 praeter
1689 2005 1819 2045 vitam

453 2071 627 2111 etentes,
649 2061 844 2102 dictatori
872 2061 1099 2102 deduntur.
1164 2060 1277 2102 Urbs
1306 2069 1523 2116 castraque
1549 2060 1818 2117 diripiuntur.

422 2078 596 2160 Fostero
614 2119 681 2160 die
704 2118 878 2174 singulis
894 2118 1068 2174 captivis
1089 2118 1141 2159 ab
1162 2118 1305 2174 equite
1323 2117 1377 2158 ad
1398 2118 1690 2160 centurionem
1710 2127 1819 2160 sorte

423 2176 574 2226 ductis,
603 2185 658 2226 01,
681 2191 862 2232 quorum
886 2176 1043 2216 eximia
1069 2175 1200 2216 virtus
1227 2176 1374 2225 fuerat,
1395 2175 1518 2225 binis,
1542 2175 1632 2217 aliis
1653 2176 1729 2217 sub
1750 2191 1821 2217 co-

423 2249 527 2275 rona
546 2233 810 2283 venundatis,
834 2233 1064 2274 exercitum
1086 2233 1290 2274 victorem
1312 2233 1647 2288 opulentumque
1664 2233 1821 2289 praeda

423 2291 688 2347 triumphans
720 2290 900 2331 dictator
934 2289 1117 2331 Romam
1152 2290 1349 2331 reduxit:
1394 2290 1590 2345 iussoque
1622 2290 1820 2346 magistro

422 2349 615 2404 equitum
647 2347 840 2389 abdicare
876 2361 918 2387 se
955 2347 1211 2402 magistratu,
1242 2347 1331 2402 ipse
1362 2346 1516 2388 deinde
1549 2346 1717 2388 abdicat
1750 2346 1819 2388 die

423 2414 543 2446 sexto
563 2405 742 2454 decimo,
765 2403 931 2445 reddito
953 2404 998 2444 in
1019 2418 1122 2460 pace
1144 2404 1334 2459 imperio,
1358 2403 1474 2459 quod
1495 2403 1538 2444 in
1559 2403 1670 2445 bello
1692 2403 1820 2460 trepi-

423 2462 488 2503 dis
520 2478 573 2504 ue
593 2463 718 2504 rebus
739 2469 966 2517 acceperat.

205 2523 369 2556 classibus
485 2477 621 2560 &lassi
654 2533 824 2575 quoque
858 2517 912 2559 ad
944 2517 1124 2558 Fidenas
1157 2526 1392 2573 pugnatum
1423 2533 1521 2559 cum
1551 2517 1818 2568 Veientibus,

206 2571 385 2641 {Eglfssffitum
423 2576 596 2631 quidam
617 2575 788 2617 annales
808 2574 1007 2616 retulere:
1040 2589 1130 2615 rem
1151 2590 1284 2630 aeque
1306 2574 1520 2616 difficilem
1536 2582 1662 2631 atque
1684 2575 1820 2616 incre-

288 2620 298 2640 1
324 2620 409 2642 enas.
423 2633 610 2683 dibilem,
633 2647 713 2673 nec
733 2647 848 2673 nunc
862 2631 946 2673 lato
961 2631 1058 2672 satis
1079 2631 1133 2672 ad
1148 2631 1228 2673 hoc
1245 2646 1367 2672 amne
1382 2647 1392 2681 ;
1425 2640 1468 2673 01
1484 2641 1575 2673 111111
1590 2632 1818 2688 aliquanto,

423 2697 472 2730 ut
491 2705 516 2731 a
534 2690 746 2732 veteribus
767 2689 1017 2745 accepimus,
1040 2688 1214 2729 artiore:
1247 2688 1329 2730 nisi
1350 2689 1392 2730 in
1416 2689 1594 2730 traiectu
1612 2689 1718 2730 forte
1739 2688 1819 2729 flu-

472 2805 491 2835 8
520 2806 622 2836 classi
648 2816 772 2846 quoque
791 2828 799 2836 .
816 2828 823 2836 .
841 2827 849 2835 .
866 2827 874 2836 .
894 2805 1096 2844 pugnatum]
1139 2805 1310 2844 procincta
1326 2808 1422 2844 capta
1437 2815 1515 2836 esse.
1556 2803 1692 2844 Quippe
1708 2803 1819 2834 classis

426 2845 581 2876 Ridicula
597 2857 680 2885 pene
694 2848 776 2878 haec
791 2846 995 2886 disceptatio,
1007 2846 1098 2885 quip-
1138 2848 1308 2886 procincta
1338 2846 1454 2877 dicitur
1482 2857 1534 2886 ap.
1565 2847 1651 2876 Fest.
1679 2845 1713 2875 in
1740 2853 1819 2875 voce

425 2897 466 2926 pe
488 2887 521 2917 in
540 2888 699 2918 veteribus
713 2889 885 2920 annalibus
898 2888 986 2918 haud
1002 2887 1099 2919 dubie
1142 2890 1330 2927 Procincta,
1353 2892 1385 2920 et
1407 2899 1460 2928 ap.
1477 2889 1517 2919 A.
1534 2887 1622 2918 Gell.
1645 2886 1666 2918 i.
1689 2895 1736 2918 11.
1759 2896 1817 2925 pro

425 2928 580 2967 scriptum
603 2933 682 2967 erat,
697 2930 802 2969 spolia
816 2928 984 2960 Tolumnii
999 2931 1098 2962 classe
1142 2932 1212 2962 (wie
1226 2932 1396 2962 instructa.
1422 2930 1461 2961 cf.
1478 2938 1562 2969 supr.
1580 2938 1631 2960 20.
