1934 3211
576 205 704 246 LIB.
746 205 778 246 Ι.
822 205 967 246 CAP.
1001 209 1069 246 46.
1468 210 1522 249 53

159 295 244 338 uod
264 294 418 336 addere
450 295 543 336 u1bi
567 294 707 336 decus.
771 293 861 335 Iam
891 303 981 335 tum
1006 302 1095 336 erat
1123 294 1330 335 inclutum
1355 295 1521 338 Dianae
1536 304 1568 331 et
1586 300 1714 331 latina

96 353 337 410 6phesiae
357 352 524 393 fanum:
557 351 601 392 id
615 352 895 394 communiter
914 367 939 393 a
958 351 1196 393 civitatibus
1217 352 1345 393 Asiae
1365 352 1571 395 factumm

126 411 237 452 fama
254 409 424 451 ferebat.
491 409 637 458 Quum
662 425 913 451 consensum
940 409 1126 466 deosque
1152 409 1409 451 consociatos
1433 410 1523 452 lau-

127 467 246 510 daret
271 467 375 509 mire
407 467 576 509 Servius
596 468 707 509 inter
732 482 928 524 proceres
956 467 1220 533 Latinorum,
1244 482 1340 508 cum
1369 468 1523 524 quibus

126 525 294 591 publice
340 525 621 582 privatimque
668 525 851 582 hospitia
890 525 1177 581 amicitiasque
1218 524 1270 567 de
1317 525 1524 567 industria

125 591 347 625 lunxerat·
338 615 348 633 ,
406 598 529 640 saepe
577 583 769 624 iterando
816 583 964 624 eadem
1011 582 1195 640 perpulit
1242 582 1427 633 tandem,
1475 592 1523 624 ut

97 640 291 686 7Romae
317 641 463 682 fanum
489 641 654 682 Dianae
681 640 827 698 populi
855 641 1002 682 Latini
1028 656 1124 682 cum
1144 640 1301 697 populo
1327 640 1522 682 Romano

94 698 322 741 8facerent.
385 698 451 740 Ea
477 708 566 740 erat
585 699 802 749 confessio,
831 708 958 756 caput
978 714 1118 740 rerum
1142 699 1322 740 Romam
1343 714 1445 749 esse,
1468 698 1521 740 de

126 771 211 813 quo
238 756 361 798 toties
385 757 509 798 armis
539 766 744 798 certatum
768 757 914 798 fuerat.
976 755 1029 798 Id
1053 771 1296 813 quanquam
1323 757 1523 798 omissum

125 814 210 856 iam
240 829 294 856 ex
321 815 511 856 omnium
535 830 635 856 cura
666 814 930 880 Latinorum,
959 815 1013 856 ob
1037 830 1126 856 rem
1155 814 1278 856 toties
1298 814 1523 856 infeliciter

126 880 330 914 tentatam
366 873 504 922 armis,
540 872 785 922 videbatur3
828 873 902 913 uni
935 887 978 914 se
1014 887 1069 914 ex
1107 872 1272 914 Sabinis
1303 872 1386 914 fors
1421 872 1521 914 dare

125 929 213 972 visa
225 939 288 972 est
303 930 394 986 priv
396 939 464 972 ato
480 930 680 972 consilio
671 931 834 987 lmperii
852 930 1141 987 recuperandi.

125 996 224 1030 nata
244 987 411 1030 cuidam
439 988 730 1045 patrifamiliae
751 988 918 1039 dicitur,
942 988 1131 1030 miranda
1160 988 1452 1044 magnitudine
1473 1004 1521 1029 ac

1194 929 1302 972 Bos
1292 945 1337 971 1n
1356 929 1521 971 Sabinis
1536 935 1602 966 Bos
1617 933 1710 975 insig-

1534 978 1583 1009 nis
1598 978 1718 1018 magul-

1534 1003 1669 1052 ῐιιᾱὶῐιίεῡ

339 1045 445 1088 Fixa
458 1061 534 1103 per
554 1046 706 1088 multas
727 1054 883 1088 aetates
903 1061 1061 1088 cornua
1080 1046 1125 1087 in
1145 1045 1353 1088 vestibulo
1376 1026 1545 1103 templit
1534 1069 1685 1096 mactata

125 1061 145 1088 s
175 1061 277 1088 ecle.

93 1046 291 1150 913ia1iae
317 1113 641 1146 monumentum
669 1104 709 1146 ei
735 1104 851 1146 fuere
880 1103 1092 1146 miraculo.
1157 1103 1328 1153 Habita,
1351 1112 1398 1145 ut
1418 1113 1520 1154 erat,

125 1177 191 1204 res
194 1161 393 1227 prodigii
420 1162 513 1204 loco
538 1171 622 1204 est·
656 1172 699 1204 et
720 1162 909 1203 cecinere
921 1170 1064 1228 vates,
1081 1162 1200 1203 cuius
1220 1161 1401 1203 civitatis
1428 1177 1522 1203 eam

125 1219 227 1262 civis
254 1197 419 1261 Dianae
440 1219 707 1270 immolasset,
730 1220 786 1261 ibi
809 1219 930 1261 fore
919 1219 1169 1276 lmperium3
1202 1219 1331 1276 idque
1353 1234 1522 1261 carmen

124 1286 373 1335 pervenerat
402 1277 455 1318 ad
480 1278 708 1319 antistitem
735 1277 821 1318 fani
846 1277 1023 1319 Dianae.
1089 1276 1280 1327 Sabinus,
1312 1285 1359 1318 ut
1389 1278 1524 1334 prima

126 1344 224 1392 apta
243 1335 334 1376 dies
361 1335 563 1377 sacrificio
588 1336 674 1376 visa
694 1344 770 1385 est,
798 1336 948 1377 bovem
976 1335 1157 1376 Romam
1185 1343 1319 1376 actam
1348 1334 1523 1377 deducit

126 1393 181 1434 ad
220 1393 364 1434 fanum
413 1393 591 1443 Dianae,
634 1401 675 1434 et
715 1402 811 1434 ante
853 1407 966 1434 aram
1006 1392 1161 1433 statuit.
1244 1392 1309 1433 Ibi
1349 1393 1522 1434 antistes

130 1450 359 1516 Romanus,
389 1466 521 1507 quum
551 1466 648 1492 eum
680 1449 928 1506 magnitudo
951 1450 1144 1491 victimae
1175 1449 1390 1492 celebrata
1412 1450 1523 1491 fama

126 1509 334 1558 movisset,
356 1523 516 1550 memor
542 1508 729 1564 responsi
760 1507 965 1550 Sabinum
993 1507 1052 1548 ita
1071 1506 1320 1563 alloquitur:
1356 1513 1368 1532 ⁶
1384 1508 1523 1557 Quid-

127 1572 139 1590 ‘
151 1581 249 1607 nam
265 1575 322 1615 tu,
339 1566 502 1622 hospes,
518 1581 658 1622 paras.
648 1566 685 1596 ‘³'
714 1565 866 1631 inquit,
886 1565 1067 1606 ‘inceste
1083 1565 1334 1607 sacrificium
1355 1565 1521 1607 Dianae

127 1623 310 1665 ‘facere.
301 1624 319 1654 Ῥ
372 1624 490 1672 Quin
512 1632 558 1664 tu
589 1632 686 1665 ante
708 1624 802 1665 vivo
824 1623 1088 1680 perfunderis
1113 1623 1319 1665 flumine?
1369 1623 1523 1665 Infima

127 1681 256 1723 ‘valle
300 1682 466 1723 raefluit
482 1681 675 1723 Tiberis.'
707 1681 932 1738 Religione
947 1689 1081 1723 tactus
1097 1681 1260 1738 hospeS,
1279 1682 1353 1738 qui
1367 1682 1481 1723 omni
1484 1698 1520 1732 a,

124 1748 172 1781 ut
184 1696 378 1796 prodigio
391 1740 665 1796 responderet
678 1748 866 1790 eventus,
881 1748 1055 1795 cuperet
1068 1739 1146 1780 rite
1159 1740 1280 1789 facta,
1296 1755 1348 1782 ex
1365 1740 1522 1796 templo

123 1797 344 1839 descendit
371 1797 423 1839 ad
446 1798 647 1839 Tiberim.
711 1797 880 1839 Interea
908 1797 1127 1839 Romanus
1147 1797 1336 1839 immolat
1357 1797 1522 1839 Dianae

124 1855 297 1897 bovem.
331 1855 375 1897 id
397 1856 500 1897 mire
522 1865 689 1912 gratum
710 1856 798 1912 regi
820 1864 892 1912 atq
894 1871 946 1897 ue
969 1855 1127 1897 civitati
1148 1855 1238 1897 fuit.

97 1926 109 1947 1
185 1912 365 1963 Servius,
383 1929 625 1970 quanquam
647 1914 730 1955 iam
751 1929 829 1955 usu
851 1913 965 1954 haud
986 1913 1164 1955 dubium
1186 1929 1362 1970 regnum
1383 1928 1525 1970 posse-

124 1970 256 2021 derat,
271 1980 425 2022 tamen,
440 1988 540 2028 quia
556 1972 768 2013 interdum
786 1972 929 2013 iactari
943 1987 1065 2013 voces
1081 1987 1106 2013 a
1121 1971 1189 2013 iuv
1193 1987 1271 2013 ene
1290 1971 1524 2028 Tarquinio

125 2029 334 2078 audiebat,
357 2045 400 2072 se
426 2030 586 2071 iniussu
614 2030 759 2086 populi
781 2045 970 2085 regnare,
992 2029 1213 2071 conciliata
1240 2030 1355 2086 prius
1376 2029 1525 2071 volun-

125 2095 210 2129 tate
232 2087 378 2144 plebis,
401 2103 500 2144 agro
521 2096 644 2144 capto
671 2103 725 2130 ex
746 2087 935 2129 hostibus
956 2087 1111 2128 viritim
1143 2087 1291 2136 diviso,
1317 2103 1440 2129 ausus
1461 2097 1524 2129 est

124 2145 230 2186 ferre
253 2145 306 2186 ad
328 2145 546 2202 populum,
571 2145 763 2195 ‘v,ellent
786 2145 1049 2194 iuberentne,
1072 2160 1114 2186 sc
1132 2159 1328 2201 regnare
1319 2145 1355 2175 ‘²’
1387 2154 1524 2186 tanto—

124 2218 207 2302 <lue
238 2218 457 2251 consensu,
490 2212 648 2259 quanto
679 2177 792 2244 huid
823 2202 1045 2259 quisquam
1077 2202 1180 2243 alius
1211 2212 1321 2251 ante,
1354 2217 1427 2243 rex
1461 2212 1523 2244 cst

154 2260 368 2302 celaratus.

171 2373 192 2405 6
219 2375 351 2406 Dianae
382 2374 544 2413 Ephesiae
565 2373 706 2411 sanum]
761 2373 801 2403 cf.
850 2371 930 2402 Livii
955 2371 1063 2402 animo
1088 2371 1225 2407 videtur,
1248 2372 1333 2411 quod
1360 2372 1467 2402 Latini
1491 2373 1522 2404 in

128 2417 212 2448 Plin.
228 2417 272 2449 Η.
289 2417 332 2448 N.
346 2417 455 2447 xxxvi.
477 2426 522 2454 ¹4·
536 2416 589 2455 qui
603 2415 632 2445 id
647 2425 733 2446 ccxx
748 2426 802 2445 an-
849 2414 1011 2445 Aventino
1042 2415 1132 2445 sedes
1169 2426 1241 2445 suas
1273 2415 1464 2454 posuissent,
1492 2421 1525 2447 et

126 2460 175 2491 nin
195 2470 216 2490 n.
236 2464 304 2490 tota
322 2459 397 2490 Asia
412 2459 617 2490 aedificatum
635 2458 754 2495 scribit,
770 2463 801 2488 ct
847 2458 930 2496 quod
946 2463 1036 2488 extra
1051 2458 1248 2497 pomoerium
1264 2468 1362 2497 usquc
1374 2458 1414 2488 ud
1427 2459 1523 2489 Clau-

126 2501 209 2533 inter
238 2503 350 2533 mundi
381 2502 537 2532 miracula
569 2502 726 2532 relatum:
762 2502 802 2530 nb
847 2501 890 2530 (lii
915 2505 1053 2530 aetatem
1079 2511 1170 2530 mons
1194 2501 1248 2530 illc
1265 2501 1415 2531 exclusus
1431 2508 1522 2533 esset.

129 2545 319 2576 Herostrnto
332 2545 460 2581 deinde,
474 2550 508 2575 ut
525 2544 801 2574 immortalitatem

128 2587 265 2618 nominis
294 2588 351 2618 sibi
385 2592 521 2628 puniret,
553 2587 731 2621 incensum,
758 2586 801 2616 in-

127 2635 369 2670 ntnurutumquc
391 2630 566 2661 Alexandri
591 2630 702 2668 Magni
723 2634 801 2659 tem-

130 2673 267 2713 poribus.
294 2673 377 2704 Ruv.

173 2724 188 2755 7
214 2717 331 2746 Romae
346 2717 467 2754 sanum
490 2716 636 2753 Dianae]
665 2715 800 2745 Factum

127 2758 158 2789 in
176 2768 302 2788 nummo
322 2758 439 2788 montis
456 2758 607 2788 Aventini
624 2757 802 2791 cacumine,

129 2811 236 2832 versun
265 2800 417 2831 Tiberim.
481 2801 516 2830 ln
548 2800 704 2830 ahena-:nn
736 2799 804 2829 cius

127 2845 312 2876 volumnum
331 2842 464 2874 Graecis
488 2843 586 2873 literis
606 2842 723 2872 int-imu-
740 2843 801 2871 soe-

128 2887 211 2918 ‹lerin
228 2887 323 2924 legen,
339 2897 421 2925 qum·
440 2885 571 2922 Λιικιικιῐ
596 2885 702 2914 ιιιΗιιιυ
724 2890 800 2914 tem-

129 2930 258 2970 poribus
275 2930 471 2966 legebantur.
501 2928 583 2958 Rrr.

170 2975 189 3002 8
214 2974 264 3004 En
281 2977 351 3002 crat
366 2972 536 3009 ronst-uio!
575 2970 739 3000 Excidisxe
763 2980 800 2999 ex

849 2545 886 2574 A.
905 2544 992 2574 Geli.
1011 2543 1074 2574 xiii.
1098 2553 1142 2581 ¹4.
1167 2545 1206 2574 cs.
1225 2543 1391 2574 wau-ham.
1407 2554 1436 2583 p.
1455 2543 1522 2583 165.

891 2597 910 2626 ‘)
935 2587 1081 2624 Dianae]
1100 2597 1141 2616 sc.
1156 2585 1375 2617 Aventinemi.
1393 2587 1432 2617 cl'.
1449 2587 1522 2618 val.

850 2629 938 2660 Max.
958 2629 1008 2659 xii.
1027 2638 1054 2667 3.

896 2681 903 2701 1
935 2673 1002 2701 lum
1029 2682 1089 2701 usu
1106 2695 1113 2701 .
1131 2695 1138 2702 .
1155 2695 1162 2701 .
1180 2695 1187 2702 .
1203 2672 1401 2711 possederat]
1437 2672 1521 2703 Tan-

847 2724 941 2753 quam
976 2725 1034 2743 usn
1065 2718 1201 2753 ceperat.
1250 2714 1335 2744 Num
1367 2717 1524 2755 usucapio

847 2763 892 2786 est
919 2756 966 2786 ius
989 2756 1029 2786 rei
1050 2756 1258 2795 possidendae
1276 2757 1324 2787 vel
1343 2757 1520 2795 legitinnuu

849 2799 891 2828 rvi
915 2799 1106 2834 dominium,
1128 2804 1237 2829 nutum
1262 2810 1300 2830 cx
1327 2801 1522 2839 pom-mone

848 2841 915 2870 vius
940 2841 1090 2871 diuturna
1114 2846 1145 2872 ct
1174 2853 1235 2872 non
1264 2842 1442 2883 interrupta
1468 2855 1523 2884 per

847 2890 968 2913 certum
989 2884 1171 2924 legibuuque
1184 2885 1351 2916 definitum
1369 2888 1522 2926 temporis

848 2926 997 2967 spatium.
1025 2928 1108 2959 eru
1139 2929 1179 2959 cs.
1193 2927 1267 2959 (inii
1289 2929 1366 2960 lnnt.
1381 2929 1410 2960 ii.
1428 2931 1445 2966 ἐ
1459 2940 1509 2969 4ο.

1604 1916 1673 1955 46.

433 2260 587 2317 Neque
609 2276 659 2302 ea
679 2276 743 2302 res
765 2260 999 2317 Tarquinio
1020 2275 1169 2317 spem
1158 2261 1290 2302 ¹iffect
1283 2260 1382 2301 mdi
1404 2261 1520 2317 renni
1538 2267 1572 2297 L.
1591 2266 1724 2307 Tarqui·
1752 2279 1755 2283 -
