1934 3211
178 233 222 264 U.
241 233 279 264 C.
295 242 368 274 459.

179 277 217 308 A.
241 277 278 308 C.
297 285 368 316 293·

249 924 316 962 45.

183 1103 331 1132 Etrusco-

182 1156 252 1175 rum
269 1145 367 1175 rebel-

184 1188 235 1219 lio.

398 135 478 174 608
903 131 1050 174 ΤΙΤΙ
1089 132 1266 174 LIVII

394 224 598 273 habitum,
633 238 764 280 quum
798 224 881 265 iam
913 233 1078 280 tempus
1109 233 1215 265 esset
1246 223 1483 264 deducendi
1519 224 1569 265 ab
1608 222 1780 265 Samnio

395 281 616 331 exercitus,
631 290 703 322 aut
715 281 945 338 utriusque,
960 291 1030 323 aut
1043 291 1153 323 certe
1171 281 1349 323 alterius.
1395 281 1616 337 Optimum
1628 281 1778 330 visum,

396 355 480 396 quo
509 339 639 396 magis
660 339 811 380 fractae
833 354 897 380 res
930 338 1179 380 Samnitium
1210 348 1359 388 essent,
1382 354 1432 380 eo
1461 338 1714 395 pertinacius
1734 347 1779 380 et

394 397 584 438 infestius
600 412 721 453 agere
743 406 881 438 cetera
896 405 937 438 et
952 397 1168 452 persequi:
1202 405 1248 437 ut
1263 396 1544 452 perdomitum
1561 395 1777 437 Samnium

395 455 712 511 insequentibus
732 454 970 495 consulibus
986 454 1091 494 tradi
1112 462 1261 509 posset.
1326 453 1508 501 Quando
1528 454 1611 494 iam
1638 453 1779 494 nullus

396 521 503 553 esset
519 512 700 553 hostium
722 512 940 560 exercitus,
959 511 1032 566 qui
1053 511 1180 566 signis
1201 510 1358 551 collatis
1378 510 1648 551 dimicaturus
1662 510 1780 551 vide-

395 579 521 619 retur,
545 585 676 611 unum
704 583 917 624 superesse
938 567 1035 608 belli
1067 583 1211 623 genus,
1234 567 1400 608 urbium
1421 568 1775 624 oppugnationes3

396 642 572 683 quarum
600 642 674 682 per
695 625 859 667 excidia
882 625 1057 666 militem
1078 624 1330 681 locupletare
1358 624 1523 681 praeda,
1545 634 1587 666 et
1615 625 1779 666 hostem

396 700 471 740 pro
507 685 585 725 aris
620 699 667 725 ac
701 683 802 724 focis
837 683 1107 724 dimicantem
1143 682 1346 723 conficere
1387 691 1567 738 possent.
1630 683 1777 738 Itaque

395 742 525 782 literis
550 741 682 782 missis
703 741 756 782 ad
785 749 975 781 senatum
995 740 1280 796 populumque
1309 740 1548 781 Romanum
1574 739 1626 780 de
1656 740 1778 781 rebus

396 800 448 840 ab
480 814 521 839 se
553 799 692 854 gestis,
721 798 885 848 diversi,
908 798 1099 853 Papirius
1130 797 1184 838 ad
1215 797 1456 853 Saepinum,
1490 796 1698 838 Carvilius
1725 796 1812 838 ad6

397 856 603 897 Volanam
625 856 950 913 oppugnandam
971 855 1154 911 legiones
1175 855 1346 896 ducunt.

454 913 622 955 Literae
637 913 855 955 consulum
869 913 1030 969 ingenti
1046 913 1201 954 laetitia
1216 921 1257 954 et
1272 913 1317 953 in
1333 912 1449 954 curia
1463 920 1506 953 et
1517 912 1562 953 in
1578 912 1779 953 concione

397 971 587 1021 auditae3
621 981 663 1013 et
685 971 896 1027 quatridui
917 970 1217 1027 supplicatione
1238 970 1452 1027 publicum
1473 969 1674 1026 gaudium
1694 969 1780 1025 pri-

398 1029 502 1070 vatis
523 1029 669 1070 studiis
689 1029 943 1070 celebratum
972 1037 1045 1070 est.
1108 1027 1201 1069 Nec
1231 1028 1386 1084 populo
1409 1028 1601 1069 Romano
1629 1041 1782 1082 magna

399 1086 545 1136 solum,
571 1087 644 1128 sed
673 1096 984 1143 peropportuna
1013 1086 1151 1136 etiam,
1179 1101 1228 1127 ea
1249 1085 1421 1127 victoria
1445 1085 1548 1134 fuit3
1581 1085 1680 1141 quia
1705 1099 1782 1140 per

399 1144 512 1186 idem
524 1145 629 1186 forte
652 1154 814 1201 tempus
830 1143 1046 1185 rebellasse
1070 1144 1266 1185 Etruscos
1287 1143 1456 1184 allatum
1469 1151 1541 1184 est.
1606 1141 1783 1183 Subibat

399 1202 595 1259 cogitatio
623 1203 821 1252 animum,
845 1217 1027 1258 quonam
1056 1201 1180 1243 modo
1203 1200 1424 1242 tolerabilis
1443 1200 1583 1241 futura
1613 1199 1783 1240 Etruria

398 1260 554 1310 fuisset,
577 1260 610 1301 si
639 1260 742 1316 quid
762 1260 807 1300 in
838 1259 1006 1301 Samnio
1033 1259 1195 1301 adversi
1215 1259 1416 1308 venisset3
1448 1273 1569 1314 quae,
1592 1256 1782 1298 coniura-

399 1318 512 1359 tione
537 1317 788 1359 Samnitium
813 1327 961 1366 erecta,
985 1317 1184 1373 quoniam
1205 1317 1326 1358 ambo
1347 1315 1537 1357 consules
1561 1314 1781 1370 omnisque

400 1375 594 1417 Romana
613 1376 674 1416 vis
695 1391 834 1416 aversa
854 1377 898 1416 in
917 1375 1134 1417 Samnium
1159 1383 1278 1424 esset,
1301 1373 1616 1429 occupationem
1636 1371 1782 1428 populi

400 1433 585 1474 Romani
624 1448 698 1489 pro
735 1433 948 1474 occasione
986 1432 1213 1473 rebellandi
1248 1431 1468 1473 habuisset.
1531 1429 1783 1486 Legationes

399 1491 617 1540 sociorum,
654 1506 677 1531 a
718 1490 779 1531 M.
804 1490 937 1531 Atilio
972 1499 1160 1546 praetore
1201 1490 1245 1530 in
1277 1497 1467 1530 senatum
1506 1487 1781 1535 introductae,

401 1548 692 1603 querebantur,
714 1548 779 1588 uri
807 1557 848 1588 et
868 1548 1017 1588 vastari
1044 1550 1162 1603 agros
1187 1562 1211 1588 a
1230 1546 1418 1588 finitimis
1447 1545 1645 1595 Etruscis,
1667 1544 1783 1601 quod

400 1605 627 1646 desciscere
668 1620 691 1645 a
725 1605 881 1660 populo
923 1605 1115 1646 Romano
1156 1604 1339 1646 nollent:
1387 1604 1782 1658 obtestabanturque

401 1662 546 1703 Patres
577 1662 842 1717 conscriptos,
875 1670 921 1702 ut
951 1677 992 1702 se
1025 1677 1050 1702 a
1079 1662 1120 1702 vi
1151 1671 1275 1717 atque
1315 1661 1468 1701 iniuria
1496 1659 1783 1701 communium

401 1719 583 1761 hostium
624 1728 858 1760 tutarentur
928 1719 1194 1774 Responsum
1232 1718 1389 1773 legatis,
1432 1723 1444 1740 ⁶
1459 1732 1580 1758 curae
1621 1716 1783 1757 senatui

404 1782 416 1800 ‘
431 1777 630 1826 futurum,
652 1792 705 1818 ne
722 1777 853 1817 socios
869 1776 967 1817 fidei
989 1791 1085 1817 suae
1106 1776 1361 1831 poeniteret:
1397 1774 1667 1815 Etruscorum
1687 1788 1784 1828 pro-

405 1841 416 1858 ‘
432 1834 600 1890 pediem
621 1834 797 1875 eandem
827 1834 1049 1882 fortunam,
1073 1848 1198 1889 quam
1223 1831 1486 1881 Samnitium,
1507 1831 1620 1872 fore?
1682 1830 1782 1886 Seg-

403 1893 497 1933 nius
528 1900 680 1941 tamen,
703 1891 817 1947 quod
847 1891 901 1931 ad
922 1890 1131 1931 Etruriam
1162 1890 1375 1938 attinebat,
1396 1897 1486 1929 acta
1515 1903 1580 1929 res
1606 1897 1713 1929 esset
1739 1887 1784 1928 ni

405 1949 583 1990 Faliscos
604 1964 785 2005 quoque,
809 1949 882 2004 qui
912 1963 986 2004 per
1007 1947 1158 1988 multos
1186 1961 1316 1988 annos
1336 1947 1380 1987 in
1408 1945 1589 1986 amicitia
1607 1945 1783 1994 fuerant,

404 2007 573 2048 allatum
593 2006 712 2056 foret,
734 2021 847 2047 arma
868 2005 1054 2046 Etruscis
1075 2004 1269 2045 iunxisse.
1333 2003 1472 2044 Huius
1498 2002 1786 2059 propinquitas

404 2064 549 2120 populi
570 2064 681 2105 acuit
702 2079 842 2105 curam
863 2063 1068 2112 Patribus,
1086 2071 1134 2103 ut
1147 2061 1306 2103 fetiales
1327 2057 1552 2102 mittendos
1564 2060 1618 2101 ad
1637 2075 1702 2101 res
1721 2075 1786 2100 re-

404 2121 606 2178 petendas
636 2129 866 2163 censerent.
932 2120 1097 2168 Quibus
1126 2135 1213 2161 non
1243 2118 1428 2168 redditis,
1460 2133 1513 2159 ex
1543 2117 1785 2159 auctoritate

406 2180 578 2220 Patrum
598 2180 713 2220 iussu
733 2178 878 2236 populi
899 2178 1055 2219 bellum
1077 2177 1244 2218 Faliscis
1259 2176 1465 2217 indictum
1487 2184 1570 2216 est:
1603 2174 1785 2230 iussique

403 2237 596 2278 consules
617 2237 765 2286 sortiri,
788 2245 880 2277 uter
909 2251 962 2277 ex
986 2235 1155 2276 Samnio
1176 2235 1221 2275 in
1250 2233 1459 2275 Etruriam
1480 2248 1577 2274 cum
1597 2232 1786 2274 exercitu

408 2295 609 2335 transiret.
673 2296 763 2336 Iam
805 2293 1011 2335 Carvilius
1051 2292 1270 2340 Volanam,
1313 2301 1355 2332 et
1394 2290 1703 2339 Palumbinum,
1744 2297 1786 2330 et
1801 2305 1818 2337 7

409 2351 722 2393 Herculaneum
737 2367 789 2392 ex
806 2351 1060 2393 Samnitibus
1073 2358 1259 2405 ceperat:
1294 2348 1500 2389 Volanam
1516 2348 1624 2388 intra
1634 2361 1788 2403 paucos

407 2409 509 2458 dies,
550 2409 848 2450 Palumbinum
888 2408 1049 2457 eodem,
1084 2422 1168 2463 quo
1207 2406 1260 2447 ad
1300 2421 1439 2446 muros
1473 2405 1653 2446 accessit.
1715 2403 1788 2445 Ad

411 2466 723 2508 Herculaneum
754 2467 816 2507 bis
848 2466 973 2507 etiam
1003 2465 1131 2520 signis
1166 2463 1323 2505 collatis
1351 2462 1522 2518 ancipiti
1554 2461 1723 2518 proelio,
1745 2470 1788 2502 et

410 2590 457 2620 M.
483 2594 581 2630 caput
608 2591 770 2630 galeatum
797 2600 870 2620 cum
898 2588 1077 2625 corniculis,
1122 2587 1172 2618 vio
1188 2591 1411 2624 memoratum,
1421 2590 1457 2617 ut
1469 2587 1741 2617 etPalumbinum
1756 2589 1789 2616 et

409 2633 525 2671 quibus
537 2632 658 2663 inditae
674 2633 815 2672 plumae,
826 2631 1039 2671 conspicimus
1047 2633 1076 2667 ;”
1121 2632 1374 2666 Herculaneum,
1390 2639 1474 2669 supr.
1492 2637 1541 2668 45.
1566 2629 1650 2660 RUP.

411 2675 512 2705 Marc.
530 2675 649 2706 Donat.
675 2676 714 2706 cf.
729 2675 829 2705 Drak.
846 2675 887 2705 ad
903 2675 932 2704 h.
946 2674 966 2705 l.
992 2674 1076 2703 RUP.
1166 2681 1181 2712 7
1202 2674 1369 2710 Volanam]
1391 2672 1487 2702 Hanc
1498 2681 1608 2701 vocem
1624 2674 1744 2701 temere
1755 2670 1788 2700 in

452 2716 472 2746 6
494 2718 687 2756 Saepinum]
726 2719 913 2757 Saepinum,
936 2714 1078 2747 Σαίπινον
1121 2719 1245 2745 textum
1286 2714 1457 2754 repositam
1497 2713 1592 2744 fuisse
1628 2713 1788 2744 existimat

414 2758 497 2788 Ptol.
515 2760 588 2790 hod.
603 2761 738 2799 Supina,
758 2761 799 2790 ad
816 2759 1024 2799 Apenninum
1046 2762 1077 2788 ct
1123 2757 1256 2788 Niebhr.
1280 2757 1323 2788 iii.
1348 2768 1377 2788 n.
1394 2756 1465 2795 664.
1482 2756 1535 2796 qui
1559 2757 1688 2793 Vellam,
1710 2755 1742 2786 h.
1760 2765 1787 2786 e.

412 2800 514 2830 fontes
526 2801 656 2832 Tamari
672 2803 702 2832 fl.
716 2803 802 2832 unde
815 2803 991 2840 municipes
1002 2802 1075 2831 Sae-
1127 2801 1257 2836 Veliam,
1273 2800 1337 2831 sive
1360 2800 1508 2830 Veleliam
1528 2799 1693 2838 legendam
1717 2807 1786 2827 sua-

410 2843 538 2880 pinales
561 2854 613 2882 ap.
635 2844 762 2875 Gruter.
780 2855 852 2883 44¹³
869 2856 898 2883 4.
921 2852 993 2883 513,
1014 2853 1081 2874 1.——
1125 2843 1189 2873 det.

419 2885 541 2914 Volana
557 2886 711 2924 oppidum
729 2887 861 2923 Samnii,
874 2897 937 2917 non
953 2885 1011 2916 nisi
1030 2885 1079 2915 Li-
