<?xml version="1.0" encoding="UTF-8"?>
<!DOCTYPE html PUBLIC "-//W3C//DTD XHTML 1.0 Transitional//EN"
    "http://www.w3.org/TR/xhtml1/DTD/xhtml1-transitional.dtd">
<html xmlns="http://www.w3.org/1999/xhtml" xml:lang="en" lang="en">
 <head>
  <title>
</title>
<meta http-equiv="Content-Type" content="text/html;charset=utf-8" />
  <meta name='ocr-system' content='tesseract 3.04.00' />
  <meta name='ocr-capabilities' content='ocr_page ocr_carea ocr_par ocr_line ocrx_word'/>
</head>
<body>
  <div class='ocr_page' id='page_1' title='image "./historiarumli01livyuoft_0220.png"; bbox 0 0 1934 3211; ppageno 0'>
   <div class='ocr_carea' id='block_1_1' title="bbox 439 183 1318 225">
    <p class='ocr_par' dir='ltr' id='par_1_1' title="bbox 439 183 1318 225">
     <span class='ocr_line' id='line_1_1' title="bbox 439 183 1318 225; baseline 0.001 -1"><span class='ocrx_word' id='word_1_1' title='bbox 439 187 520 224; x_wconf 83' lang='lat'>208</span> <span class='ocrx_word' id='word_1_2' title='bbox 948 183 1096 225; x_wconf 89' lang='lat' dir='ltr'>TITI</span> <span class='ocrx_word' id='word_1_3' title='bbox 1138 183 1318 225; x_wconf 92' lang='lat' dir='ltr'>LIVII</span> 
     </span>
    </p>
   </div>
   <div class='ocr_carea' id='block_1_2' title="bbox 214 273 1860 2094">
    <p class='ocr_par' dir='ltr' id='par_1_2' title="bbox 214 273 1860 2094">
     <span class='ocr_line' id='line_1_2' title="bbox 222 273 1831 331; baseline -0.002 -14"><span class='ocrx_word' id='word_1_4' title='bbox 222 286 265 317; x_wconf 89' lang='lat' dir='ltr'>U.</span> <span class='ocrx_word' id='word_1_5' title='bbox 282 286 320 317; x_wconf 86' lang='lat' dir='ltr'>C.</span> <span class='ocrx_word' id='word_1_6' title='bbox 339 285 410 326; x_wconf 84' lang='lat'><strong>306.</strong></span> <span class='ocrx_word' id='word_1_7' title='bbox 440 279 451 297; x_wconf 85' lang='lat'>‘</span> <span class='ocrx_word' id='word_1_8' title='bbox 469 283 599 331; x_wconf 86' lang='lat' dir='ltr'>tergo,</span> <span class='ocrx_word' id='word_1_9' title='bbox 616 276 810 331; x_wconf 87' lang='lat' dir='ltr'>sanguini</span> <span class='ocrx_word' id='word_1_10' title='bbox 832 275 986 318; x_wconf 90' lang='lat' dir='ltr'>civium</span> <span class='ocrx_word' id='word_1_11' title='bbox 1004 275 1191 324; x_wconf 89' lang='lat' dir='ltr'>infestus,</span> <span class='ocrx_word' id='word_1_12' title='bbox 1209 276 1344 331; x_wconf 80' lang='lat' dir='ltr'>virgas</span> <span class='ocrx_word' id='word_1_13' title='bbox 1364 289 1614 329; x_wconf 81' lang='lat' dir='ltr'>seculcsque</span> <span class='ocrx_word' id='word_1_14' title='bbox 1637 273 1831 315; x_wconf 89' lang='lat' dir='ltr'>omnibus</span> 
     </span>
     <span class='ocr_line' id='line_1_3' title="bbox 220 327 1829 397; baseline -0.001 -25"><span class='ocrx_word' id='word_1_15' title='bbox 220 329 259 359; x_wconf 82' lang='lat' dir='ltr'>A.</span> <span class='ocrx_word' id='word_1_16' title='bbox 283 329 321 359; x_wconf 86' lang='lat' dir='ltr'>C.</span> <span class='ocrx_word' id='word_1_17' title='bbox 338 327 410 368; x_wconf 78' lang='lat'>446-</span> <span class='ocrx_word' id='word_1_18' title='bbox 440 333 677 382; x_wconf 88' lang='lat' dir='ltr'>‘minitans,</span> <span class='ocrx_word' id='word_1_19' title='bbox 700 333 875 374; x_wconf 92' lang='lat' dir='ltr'>deorum</span> <span class='ocrx_word' id='word_1_20' title='bbox 908 332 1214 397; x_wconf 83' lang='lat' dir='ltr'>hominumque</span> <span class='ocrx_word' id='word_1_21' title='bbox 1247 340 1525 388; x_wconf 88' lang='lat' dir='ltr'>contemptor,</span> <span class='ocrx_word' id='word_1_22' title='bbox 1552 331 1829 379; x_wconf 88' lang='lat' dir='ltr'>carnificibus,</span> 
     </span>
     <span class='ocr_line' id='line_1_4' title="bbox 439 387 1830 445; baseline -0.001 -16"><span class='ocrx_word' id='word_1_23' title='bbox 439 394 452 412; x_wconf 90' lang='lat'>‘</span> <span class='ocrx_word' id='word_1_24' title='bbox 467 404 553 430; x_wconf 91' lang='lat' dir='ltr'>non</span> <span class='ocrx_word' id='word_1_25' title='bbox 574 389 801 439; x_wconf 89' lang='lat' dir='ltr'>lictoribus,</span> <span class='ocrx_word' id='word_1_26' title='bbox 826 390 1012 445; x_wconf 85' lang='lat' dir='ltr'>stipatus,</span> <span class='ocrx_word' id='word_1_27' title='bbox 1036 390 1119 430; x_wconf 86' lang='lat' dir='ltr'>iam</span> <span class='ocrx_word' id='word_1_28' title='bbox 1146 390 1197 430; x_wconf 91' lang='lat' dir='ltr'>ab</span> <span class='ocrx_word' id='word_1_29' title='bbox 1222 389 1378 445; x_wconf 83' lang='lat' dir='ltr'>rapinls</span> <span class='ocrx_word' id='word_1_30' title='bbox 1401 397 1443 429; x_wconf 88' lang='lat' dir='ltr'>et</span> <span class='ocrx_word' id='word_1_31' title='bbox 1466 388 1664 430; x_wconf 90' lang='lat' dir='ltr'>caedibus</span> <span class='ocrx_word' id='word_1_32' title='bbox 1689 387 1830 428; x_wconf 89' lang='lat' dir='ltr'>animo</span> 
     </span>
     <span class='ocr_line' id='line_1_5' title="bbox 439 444 1830 509; baseline -0.001 -22"><span class='ocrx_word' id='word_1_33' title='bbox 439 446 520 487; x_wconf 88' lang='lat' dir='ltr'>‘ad</span> <span class='ocrx_word' id='word_1_34' title='bbox 547 446 767 487; x_wconf 81' lang='lat' dir='ltr'>libidinem</span> <span class='ocrx_word' id='word_1_35' title='bbox 796 462 926 495; x_wconf 82' lang='lat' dir='ltr'>veiso,</span> <span class='ocrx_word' id='word_1_36' title='bbox 950 447 1155 502; x_wconf 86' lang='lat' dir='ltr'>virginem</span> <span class='ocrx_word' id='word_1_37' title='bbox 1189 447 1417 501; x_wconf 90' lang='lat' dir='ltr'>ingenuam</span> <span class='ocrx_word' id='word_1_38' title='bbox 1448 446 1493 486; x_wconf 89' lang='lat' dir='ltr'>in</span> <span class='ocrx_word' id='word_1_39' title='bbox 1524 445 1654 486; x_wconf 91' lang='lat' dir='ltr'>oculis</span> <span class='ocrx_word' id='word_1_40' title='bbox 1684 444 1830 509; x_wconf 91' lang='lat' dir='ltr'>populi</span> 
     </span>
     <span class='ocr_line' id='line_1_6' title="bbox 439 502 1830 567; baseline -0.001 -23"><span class='ocrx_word' id='word_1_41' title='bbox 439 509 451 526; x_wconf 89' lang='lat'>‘</span> <span class='ocrx_word' id='word_1_42' title='bbox 469 503 664 553; x_wconf 88' lang='lat' dir='ltr'>Romani,</span> <span class='ocrx_word' id='word_1_43' title='bbox 706 503 822 544; x_wconf 80' lang='lat' dir='ltr'>velut</span> <span class='ocrx_word' id='word_1_44' title='bbox 861 503 972 544; x_wconf 91' lang='lat' dir='ltr'>bello</span> <span class='ocrx_word' id='word_1_45' title='bbox 1014 511 1190 567; x_wconf 84' lang='lat' dir='ltr'>captam,</span> <span class='ocrx_word' id='word_1_46' title='bbox 1233 503 1284 543; x_wconf 88' lang='lat' dir='ltr'>ab</span> <span class='ocrx_word' id='word_1_47' title='bbox 1326 502 1550 558; x_wconf 90' lang='lat' dir='ltr'>complexu</span> <span class='ocrx_word' id='word_1_48' title='bbox 1590 502 1717 558; x_wconf 87' lang='lat' dir='ltr'>patris</span> <span class='ocrx_word' id='word_1_49' title='bbox 1757 502 1830 542; x_wconf 89' lang='lat' dir='ltr'>ab-</span> 
     </span>
     <span class='ocr_line' id='line_1_7' title="bbox 438 557 1830 616; baseline -0.001 -15"><span class='ocrx_word' id='word_1_50' title='bbox 438 565 639 616; x_wconf 81' lang='lat' dir='ltr'>‘reptam‚</span> <span class='ocrx_word' id='word_1_51' title='bbox 664 560 853 600; x_wconf 78' lang='lat' dir='ltr'>ministlo</span> <span class='ocrx_word' id='word_1_52' title='bbox 885 560 1066 600; x_wconf 86' lang='lat' dir='ltr'>cubiculi</span> <span class='ocrx_word' id='word_1_53' title='bbox 1095 560 1158 599; x_wconf 90' lang='lat' dir='ltr'>sui</span> <span class='ocrx_word' id='word_1_54' title='bbox 1186 559 1329 600; x_wconf 89' lang='lat' dir='ltr'>clienti</span> <span class='ocrx_word' id='word_1_55' title='bbox 1361 559 1472 600; x_wconf 91' lang='lat' dir='ltr'>dono</span> <span class='ocrx_word' id='word_1_56' title='bbox 1501 559 1676 600; x_wconf 84' lang='lat' dir='ltr'>dederit.</span> <span class='ocrx_word' id='word_1_57' title='bbox 1742 557 1830 599; x_wconf 91' lang='lat' dir='ltr'>Ubi</span> 
     </span>
     <span class='ocr_line' id='line_1_8' title="bbox 438 615 1830 671; baseline -0.002 -13"><span class='ocrx_word' id='word_1_58' title='bbox 438 617 625 658; x_wconf 86' lang='lat' dir='ltr'>‘crudeli</span> <span class='ocrx_word' id='word_1_59' title='bbox 658 617 827 657; x_wconf 90' lang='lat' dir='ltr'>decreto</span> <span class='ocrx_word' id='word_1_60' title='bbox 860 616 1136 671; x_wconf 84' lang='lat' dir='ltr'>nefandisque</span> <span class='ocrx_word' id='word_1_61' title='bbox 1170 616 1363 656; x_wconf 89' lang='lat' dir='ltr'>vindiciis</span> <span class='ocrx_word' id='word_1_62' title='bbox 1395 615 1589 656; x_wconf 84' lang='lat' dir='ltr'>dextram</span> <span class='ocrx_word' id='word_1_63' title='bbox 1620 615 1749 670; x_wconf 85' lang='lat' dir='ltr'>patris</span> <span class='ocrx_word' id='word_1_64' title='bbox 1783 615 1830 655; x_wconf 91' lang='lat' dir='ltr'>in</span> 
     </span>
     <span class='ocr_line' id='line_1_9' title="bbox 438 671 1826 728; baseline -0.001 -14"><span class='ocrx_word' id='word_1_65' title='bbox 438 680 449 697; x_wconf 87' lang='lat'>‘</span> <span class='ocrx_word' id='word_1_66' title='bbox 464 674 592 714; x_wconf 87' lang='lat' dir='ltr'>filiam</span> <span class='ocrx_word' id='word_1_67' title='bbox 616 673 861 714; x_wconf 84' lang='lat' dir='ltr'>armaverit:</span> <span class='ocrx_word' id='word_1_68' title='bbox 893 673 978 722; x_wconf 86' lang='lat' dir='ltr'>ubi,</span> <span class='ocrx_word' id='word_1_69' title='bbox 997 672 1189 713; x_wconf 89' lang='lat' dir='ltr'>tollentes</span> <span class='ocrx_word' id='word_1_70' title='bbox 1211 687 1360 728; x_wconf 88' lang='lat' dir='ltr'>corpus</span> <span class='ocrx_word' id='word_1_71' title='bbox 1381 672 1626 713; x_wconf 85' lang='lat' dir='ltr'>semianime</span> <span class='ocrx_word' id='word_1_72' title='bbox 1643 671 1826 728; x_wconf 88' lang='lat' dir='ltr'>virginis,</span> 
     </span>
     <span class='ocr_line' id='line_1_10' title="bbox 436 729 1860 786; baseline -0.001 -15"><span class='ocrx_word' id='word_1_73' title='bbox 436 737 447 754; x_wconf 91' lang='lat'>‘</span> <span class='ocrx_word' id='word_1_74' title='bbox 463 746 661 786; x_wconf 90' lang='lat' dir='ltr'>sponsum</span> <span class='ocrx_word' id='word_1_75' title='bbox 684 729 1055 784; x_wconf 87' lang='lat' dir='ltr'>avunculumque</span> <span class='ocrx_word' id='word_1_76' title='bbox 1046 745 1089 769; x_wconf 92' lang='lat' dir='ltr'>m</span> <span class='ocrx_word' id='word_1_77' title='bbox 1111 744 1319 770; x_wconf 85' lang='lat' dir='ltr'>carcerem</span> <span class='ocrx_word' id='word_1_78' title='bbox 1341 729 1439 770; x_wconf 90' lang='lat' dir='ltr'>duci</span> <span class='ocrx_word' id='word_1_79' title='bbox 1460 729 1650 770; x_wconf 89' lang='lat' dir='ltr'>iusserit:</span> <span class='ocrx_word' id='word_1_80' title='bbox 1684 737 1860 784; x_wconf 91' lang='lat' dir='ltr'>stupro9</span> 
     </span>
     <span class='ocr_line' id='line_1_11' title="bbox 435 785 1827 842; baseline -0.001 -15"><span class='ocrx_word' id='word_1_81' title='bbox 435 793 447 811; x_wconf 75' lang='lat'><strong><em>⁶</em></strong></span> <span class='ocrx_word' id='word_1_82' title='bbox 463 787 727 842; x_wconf 87' lang='lat' dir='ltr'>interpellato</span> <span class='ocrx_word' id='word_1_83' title='bbox 749 786 892 841; x_wconf 86' lang='lat' dir='ltr'>magis,</span> <span class='ocrx_word' id='word_1_84' title='bbox 916 801 1043 842; x_wconf 89' lang='lat' dir='ltr'>quam</span> <span class='ocrx_word' id='word_1_85' title='bbox 1071 786 1211 835; x_wconf 81' lang='lat' dir='ltr'>caede,</span> <span class='ocrx_word' id='word_1_86' title='bbox 1235 794 1383 827; x_wconf 90' lang='lat' dir='ltr'>motus.</span> <span class='ocrx_word' id='word_1_87' title='bbox 1447 785 1504 827; x_wconf 90' lang='lat' dir='ltr'>Et</span> <span class='ocrx_word' id='word_1_88' title='bbox 1531 786 1592 826; x_wconf 91' lang='lat' dir='ltr'>illi</span> <span class='ocrx_word' id='word_1_89' title='bbox 1619 800 1827 827; x_wconf 84' lang='lat' dir='ltr'>carcerem</span> 
     </span>
     <span class='ocr_line' id='line_1_12' title="bbox 436 843 1856 899; baseline 0 -15"><span class='ocrx_word' id='word_1_90' title='bbox 436 850 446 867; x_wconf 76' lang='lat'><strong><em>⁶</em></strong></span> <span class='ocrx_word' id='word_1_91' title='bbox 463 844 729 885; x_wconf 87' lang='lat' dir='ltr'>aedificatum</span> <span class='ocrx_word' id='word_1_92' title='bbox 752 858 854 892; x_wconf 86' lang='lat' dir='ltr'>esse,</span> <span class='ocrx_word' id='word_1_93' title='bbox 873 844 989 899; x_wconf 88' lang='lat' dir='ltr'>quod</span> <span class='ocrx_word' id='word_1_94' title='bbox 1009 843 1269 884; x_wconf 87' lang='lat' dir='ltr'>domicilium</span> <span class='ocrx_word' id='word_1_95' title='bbox 1290 843 1424 899; x_wconf 89' lang='lat' dir='ltr'>plebis</span> <span class='ocrx_word' id='word_1_96' title='bbox 1442 843 1658 884; x_wconf 85' lang='lat' dir='ltr'>Romanae</span> <span class='ocrx_word' id='word_1_97' title='bbox 1680 858 1826 884; x_wconf 82' lang='lat' dir='ltr'>vocare</span> <span class='ocrx_word' id='word_1_98' title='bbox 1844 861 1856 882; x_wconf 89' lang='lat'>1</span> 
     </span>
     <span class='ocr_line' id='line_1_13' title="bbox 436 900 1826 956; baseline 0 -15"><span class='ocrx_word' id='word_1_99' title='bbox 436 901 516 941; x_wconf 88' lang='lat' dir='ltr'>‘sit</span> <span class='ocrx_word' id='word_1_100' title='bbox 540 900 695 941; x_wconf 88' lang='lat' dir='ltr'>solitus.</span> <span class='ocrx_word' id='word_1_101' title='bbox 758 900 957 950; x_wconf 79' lang='lat' dir='ltr'>Proinde,</span> <span class='ocrx_word' id='word_1_102' title='bbox 981 909 1028 942; x_wconf 88' lang='lat' dir='ltr'>ut</span> <span class='ocrx_word' id='word_1_103' title='bbox 1055 900 1124 941; x_wconf 88' lang='lat' dir='ltr'>ille</span> <span class='ocrx_word' id='word_1_104' title='bbox 1156 901 1310 941; x_wconf 90' lang='lat' dir='ltr'>iterum</span> <span class='ocrx_word' id='word_1_105' title='bbox 1340 915 1387 941; x_wconf 90' lang='lat' dir='ltr'>ac</span> <span class='ocrx_word' id='word_1_106' title='bbox 1420 900 1584 956; x_wconf 89' lang='lat' dir='ltr'>saepius</span> <span class='ocrx_word' id='word_1_107' title='bbox 1615 909 1826 956; x_wconf 88' lang='lat' dir='ltr'>provocet,</span> 
     </span>
     <span class='ocr_line' id='line_1_14' title="bbox 435 957 1827 1013; baseline 0 -15"><span class='ocrx_word' id='word_1_108' title='bbox 435 960 448 981; x_wconf 83' lang='lat'><em>‘</em></span> <span class='ocrx_word' id='word_1_109' title='bbox 462 958 520 998; x_wconf 91' lang='lat' dir='ltr'>sic</span> <span class='ocrx_word' id='word_1_110' title='bbox 542 972 584 998; x_wconf 92' lang='lat' dir='ltr'>se</span> <span class='ocrx_word' id='word_1_111' title='bbox 606 958 758 999; x_wconf 91' lang='lat' dir='ltr'>iterum</span> <span class='ocrx_word' id='word_1_112' title='bbox 787 973 834 998; x_wconf 89' lang='lat' dir='ltr'>ac</span> <span class='ocrx_word' id='word_1_113' title='bbox 863 958 1026 1013; x_wconf 87' lang='lat' dir='ltr'>saepius</span> <span class='ocrx_word' id='word_1_114' title='bbox 1053 957 1236 999; x_wconf 90' lang='lat' dir='ltr'>iudicem</span> <span class='ocrx_word' id='word_1_115' title='bbox 1264 957 1326 998; x_wconf 92' lang='lat' dir='ltr'>illi</span> <span class='ocrx_word' id='word_1_116' title='bbox 1346 957 1465 1007; x_wconf 90' lang='lat' dir='ltr'>ferre,</span> <span class='ocrx_word' id='word_1_117' title='bbox 1488 958 1532 997; x_wconf 92' lang='lat' dir='ltr'>ni</span> <span class='ocrx_word' id='word_1_118' title='bbox 1552 957 1755 998; x_wconf 87' lang='lat' dir='ltr'>vindicias</span> <span class='ocrx_word' id='word_1_119' title='bbox 1775 958 1827 998; x_wconf 90' lang='lat' dir='ltr'>ab</span> 
     </span>
     <span class='ocr_line' id='line_1_15' title="bbox 436 1014 1825 1064; baseline 0.001 -10"><span class='ocrx_word' id='word_1_120' title='bbox 436 1014 653 1055; x_wconf 88' lang='lat' dir='ltr'>‘libertate</span> <span class='ocrx_word' id='word_1_121' title='bbox 685 1015 728 1055; x_wconf 87' lang='lat' dir='ltr'>in</span> <span class='ocrx_word' id='word_1_122' title='bbox 760 1015 1004 1056; x_wconf 87' lang='lat' dir='ltr'>servitutem</span> <span class='ocrx_word' id='word_1_123' title='bbox 1035 1015 1221 1056; x_wconf 84' lang='lat' dir='ltr'>dederit:</span> <span class='ocrx_word' id='word_1_124' title='bbox 1261 1015 1294 1055; x_wconf 90' lang='lat' dir='ltr'>si</span> <span class='ocrx_word' id='word_1_125' title='bbox 1328 1015 1381 1055; x_wconf 90' lang='lat' dir='ltr'>ad</span> <span class='ocrx_word' id='word_1_126' title='bbox 1413 1014 1598 1055; x_wconf 90' lang='lat' dir='ltr'>iudicem</span> <span class='ocrx_word' id='word_1_127' title='bbox 1628 1029 1716 1055; x_wconf 90' lang='lat' dir='ltr'>non</span> <span class='ocrx_word' id='word_1_128' title='bbox 1745 1023 1825 1064; x_wconf 88' lang='lat' dir='ltr'>eat,</span> 
     </span>
     <span class='ocr_line' id='line_1_16' title="bbox 436 1071 1826 1128; baseline 0 -16"><span class='ocrx_word' id='word_1_129' title='bbox 436 1077 447 1095; x_wconf 92' lang='lat'>‘</span> <span class='ocrx_word' id='word_1_130' title='bbox 463 1087 538 1127; x_wconf 92' lang='lat' dir='ltr'>pro</span> <span class='ocrx_word' id='word_1_131' title='bbox 559 1071 757 1112; x_wconf 86' lang='lat' dir='ltr'>damnato</span> <span class='ocrx_word' id='word_1_132' title='bbox 779 1072 823 1112; x_wconf 90' lang='lat' dir='ltr'>in</span> <span class='ocrx_word' id='word_1_133' title='bbox 844 1072 1012 1113; x_wconf 90' lang='lat' dir='ltr'>vincula</span> <span class='ocrx_word' id='word_1_134' title='bbox 1036 1072 1135 1113; x_wconf 88' lang='lat' dir='ltr'>duci</span> <span class='ocrx_word' id='word_1_135' title='bbox 1163 1072 1334 1113; x_wconf 88' lang='lat' dir='ltr'>iubere.’</span> <span class='ocrx_word' id='word_1_136' title='bbox 1394 1071 1457 1112; x_wconf 89' lang='lat' dir='ltr'>Ut</span> <span class='ocrx_word' id='word_1_137' title='bbox 1477 1071 1591 1112; x_wconf 88' lang='lat' dir='ltr'>haud</span> <span class='ocrx_word' id='word_1_138' title='bbox 1612 1086 1826 1128; x_wconf 90' lang='lat' dir='ltr'>quoquam</span> 
     </span>
     <span class='ocr_line' id='line_1_17' title="bbox 433 1128 1826 1185; baseline -0.001 -16"><span class='ocrx_word' id='word_1_139' title='bbox 433 1129 713 1184; x_wconf 78' lang='lat' dir='ltr'>improbante,</span> <span class='ocrx_word' id='word_1_140' title='bbox 744 1129 803 1170; x_wconf 91' lang='lat' dir='ltr'>sic</span> <span class='ocrx_word' id='word_1_141' title='bbox 836 1144 988 1185; x_wconf 87' lang='lat' dir='ltr'>magno</span> <span class='ocrx_word' id='word_1_142' title='bbox 1017 1137 1135 1170; x_wconf 86' lang='lat' dir='ltr'>motu</span> <span class='ocrx_word' id='word_1_143' title='bbox 1169 1129 1417 1178; x_wconf 90' lang='lat' dir='ltr'>animorum,</span> <span class='ocrx_word' id='word_1_144' title='bbox 1447 1144 1579 1184; x_wconf 90' lang='lat' dir='ltr'>quum</span> <span class='ocrx_word' id='word_1_145' title='bbox 1612 1129 1719 1170; x_wconf 90' lang='lat' dir='ltr'>tanti</span> <span class='ocrx_word' id='word_1_146' title='bbox 1748 1128 1826 1169; x_wconf 90' lang='lat' dir='ltr'>viri</span> 
     </span>
     <span class='ocr_line' id='line_1_18' title="bbox 218 1185 1826 1243; baseline 0.001 -19"><span class='ocrx_word' id='word_1_147' title='bbox 218 1195 257 1225; x_wconf 82' lang='lat' dir='ltr'>In</span> <span class='ocrx_word' id='word_1_148' title='bbox 276 1205 378 1243; x_wconf 55' lang='lat' dir='ltr'>carce-</span> <span class='ocrx_word' id='word_1_149' title='bbox 435 1186 639 1242; x_wconf 88' lang='lat' dir='ltr'>supplicio</span> <span class='ocrx_word' id='word_1_150' title='bbox 660 1194 822 1227; x_wconf 88' lang='lat' dir='ltr'>suamet</span> <span class='ocrx_word' id='word_1_151' title='bbox 842 1186 954 1242; x_wconf 89' lang='lat' dir='ltr'>plebi</span> <span class='ocrx_word' id='word_1_152' title='bbox 982 1186 1065 1227; x_wconf 86' lang='lat' dir='ltr'>iam</span> <span class='ocrx_word' id='word_1_153' title='bbox 1087 1186 1216 1226; x_wconf 91' lang='lat' dir='ltr'>nimia</span> <span class='ocrx_word' id='word_1_154' title='bbox 1236 1185 1404 1226; x_wconf 86' lang='lat' dir='ltr'>libertas</span> <span class='ocrx_word' id='word_1_155' title='bbox 1423 1185 1649 1234; x_wconf 87' lang='lat' dir='ltr'>videretur,</span> <span class='ocrx_word' id='word_1_156' title='bbox 1671 1186 1716 1227; x_wconf 90' lang='lat' dir='ltr'>in</span> <span class='ocrx_word' id='word_1_157' title='bbox 1737 1200 1826 1226; x_wconf 90' lang='lat' dir='ltr'>car-</span> 
     </span>
     <span class='ocr_line' id='line_1_19' title="bbox 215 1238 1856 1298; baseline 0 -15"><span class='ocrx_word' id='word_1_158' title='bbox 215 1238 423 1270; x_wconf 61' lang='lat'>‘⁰¹¹¹‘¹¹¹0¹‘¹¹¹·</span> <span class='ocrx_word' id='word_1_159' title='bbox 435 1258 574 1284; x_wconf 89' lang='lat' dir='ltr'>cerem</span> <span class='ocrx_word' id='word_1_160' title='bbox 614 1252 677 1284; x_wconf 88' lang='lat' dir='ltr'>est</span> <span class='ocrx_word' id='word_1_161' title='bbox 716 1243 954 1284; x_wconf 89' lang='lat' dir='ltr'>coniectus:</span> <span class='ocrx_word' id='word_1_162' title='bbox 1001 1244 1192 1284; x_wconf 90' lang='lat' dir='ltr'>tribunus</span> <span class='ocrx_word' id='word_1_163' title='bbox 1228 1243 1266 1284; x_wconf 91' lang='lat' dir='ltr'>ei</span> <span class='ocrx_word' id='word_1_164' title='bbox 1302 1243 1416 1284; x_wconf 89' lang='lat' dir='ltr'>diem</span> <span class='ocrx_word' id='word_1_165' title='bbox 1450 1242 1646 1298; x_wconf 84' lang='lat' dir='ltr'>prodixit.</span> <span class='ocrx_word' id='word_1_166' title='bbox 1709 1242 1856 1283; x_wconf 84' lang='lat' dir='ltr'>Inter2</span> 
     </span>
     <span class='ocr_line' id='line_1_20' title="bbox 435 1299 1828 1356; baseline -0.001 -15"><span class='ocrx_word' id='word_1_167' title='bbox 435 1300 539 1341; x_wconf 89' lang='lat' dir='ltr'>haec</span> <span class='ocrx_word' id='word_1_168' title='bbox 560 1301 611 1341; x_wconf 92' lang='lat' dir='ltr'>ab</span> <span class='ocrx_word' id='word_1_169' title='bbox 633 1300 796 1341; x_wconf 85' lang='lat' dir='ltr'>Latinis</span> <span class='ocrx_word' id='word_1_170' title='bbox 817 1308 860 1341; x_wconf 87' lang='lat' dir='ltr'>et</span> <span class='ocrx_word' id='word_1_171' title='bbox 882 1299 1080 1341; x_wconf 85' lang='lat' dir='ltr'>Hernicis</span> <span class='ocrx_word' id='word_1_172' title='bbox 1108 1300 1235 1356; x_wconf 89' lang='lat' dir='ltr'>legati</span> <span class='ocrx_word' id='word_1_173' title='bbox 1255 1299 1509 1356; x_wconf 80' lang='lat' dir='ltr'>gratulatum</span> <span class='ocrx_word' id='word_1_174' title='bbox 1530 1299 1582 1340; x_wconf 91' lang='lat' dir='ltr'>de</span> <span class='ocrx_word' id='word_1_175' title='bbox 1604 1299 1828 1340; x_wconf 87' lang='lat' dir='ltr'>concordia</span> 
     </span>
     <span class='ocr_line' id='line_1_21' title="bbox 435 1355 1825 1413; baseline -0.001 -16"><span class='ocrx_word' id='word_1_176' title='bbox 435 1356 611 1397; x_wconf 89' lang='lat' dir='ltr'>Patrum</span> <span class='ocrx_word' id='word_1_177' title='bbox 628 1372 674 1398; x_wconf 93' lang='lat' dir='ltr'>ac</span> <span class='ocrx_word' id='word_1_178' title='bbox 695 1357 829 1413; x_wconf 92' lang='lat' dir='ltr'>plebis</span> <span class='ocrx_word' id='word_1_179' title='bbox 847 1357 1027 1398; x_wconf 87' lang='lat' dir='ltr'>Romam</span> <span class='ocrx_word' id='word_1_180' title='bbox 1041 1373 1066 1397; x_wconf 89' lang='lat' dir='ltr'>v</span> <span class='ocrx_word' id='word_1_181' title='bbox 1068 1366 1274 1406; x_wconf 90' lang='lat' dir='ltr'>enerunt;</span> <span class='ocrx_word' id='word_1_182' title='bbox 1299 1357 1543 1412; x_wconf 89' lang='lat' dir='ltr'>donumque</span> <span class='ocrx_word' id='word_1_183' title='bbox 1561 1357 1613 1397; x_wconf 95' lang='lat' dir='ltr'>ob</span> <span class='ocrx_word' id='word_1_184' title='bbox 1628 1371 1721 1397; x_wconf 87' lang='lat' dir='ltr'>eam</span> <span class='ocrx_word' id='word_1_185' title='bbox 1734 1355 1825 1397; x_wconf 88' lang='lat' dir='ltr'>Iovi</span> 
     </span>
     <span class='ocr_line' id='line_1_22' title="bbox 435 1413 1825 1470; baseline 0.001 -17"><span class='ocrx_word' id='word_1_186' title='bbox 435 1414 596 1469; x_wconf 87' lang='lat' dir='ltr'>optimo</span> <span class='ocrx_word' id='word_1_187' title='bbox 611 1415 795 1455; x_wconf 87' lang='lat' dir='ltr'>maximo</span> <span class='ocrx_word' id='word_1_188' title='bbox 812 1429 1009 1455; x_wconf 88' lang='lat' dir='ltr'>coronam</span> <span class='ocrx_word' id='word_1_189' title='bbox 1026 1429 1193 1455; x_wconf 86' lang='lat' dir='ltr'>auream</span> <span class='ocrx_word' id='word_1_190' title='bbox 1214 1414 1259 1454; x_wconf 90' lang='lat' dir='ltr'>in</span> <span class='ocrx_word' id='word_1_191' title='bbox 1276 1413 1534 1470; x_wconf 87' lang='lat' dir='ltr'>Capitolium</span> <span class='ocrx_word' id='word_1_192' title='bbox 1556 1413 1688 1454; x_wconf 90' lang='lat' dir='ltr'>tulere</span> <span class='ocrx_word' id='word_1_193' title='bbox 1709 1414 1825 1469; x_wconf 87' lang='lat' dir='ltr'>parvi</span> 
     </span>
     <span class='ocr_line' id='line_1_23' title="bbox 434 1470 1825 1527; baseline 0.001 -17"><span class='ocrx_word' id='word_1_194' title='bbox 434 1470 644 1526; x_wconf 84' lang='lat' dir='ltr'>ponderis,</span> <span class='ocrx_word' id='word_1_195' title='bbox 676 1479 801 1526; x_wconf 84' lang='lat' dir='ltr'>prout</span> <span class='ocrx_word' id='word_1_196' title='bbox 833 1486 898 1512; x_wconf 92' lang='lat' dir='ltr'>res</span> <span class='ocrx_word' id='word_1_197' title='bbox 930 1471 1045 1512; x_wconf 90' lang='lat' dir='ltr'>haud</span> <span class='ocrx_word' id='word_1_198' title='bbox 1079 1471 1303 1527; x_wconf 87' lang='lat' dir='ltr'>opulentae</span> <span class='ocrx_word' id='word_1_199' title='bbox 1336 1480 1467 1520; x_wconf 78' lang='lat' dir='ltr'>eiant,</span> <span class='ocrx_word' id='word_1_200' title='bbox 1496 1470 1825 1526; x_wconf 86' lang='lat' dir='ltr'>colebanturque</span> 
     </span>
     <span class='ocr_line' id='line_1_24' title="bbox 433 1527 1826 1583; baseline 0.001 -16"><span class='ocrx_word' id='word_1_201' title='bbox 433 1527 656 1582; x_wconf 81' lang='lat' dir='ltr'>religiones</span> <span class='ocrx_word' id='word_1_202' title='bbox 683 1528 750 1582; x_wconf 90' lang='lat' dir='ltr'>pie</span> <span class='ocrx_word' id='word_1_203' title='bbox 780 1528 923 1583; x_wconf 88' lang='lat' dir='ltr'>magis,</span> <span class='ocrx_word' id='word_1_204' title='bbox 953 1543 1080 1583; x_wconf 89' lang='lat' dir='ltr'>quam</span> <span class='ocrx_word' id='word_1_205' title='bbox 1108 1528 1341 1583; x_wconf 88' lang='lat' dir='ltr'>magnifice.</span> <span class='ocrx_word' id='word_1_206' title='bbox 1405 1527 1560 1569; x_wconf 91' lang='lat' dir='ltr'>Iisdem</span> <span class='ocrx_word' id='word_1_207' title='bbox 1588 1527 1826 1569; x_wconf 89' lang='lat' dir='ltr'>auctoribus</span> 
     </span>
     <span class='ocr_line' id='line_1_25' title="bbox 434 1584 1826 1640; baseline 0.001 -17"><span class='ocrx_word' id='word_1_208' title='bbox 434 1584 651 1639; x_wconf 87' lang='lat' dir='ltr'>cognitum</span> <span class='ocrx_word' id='word_1_209' title='bbox 687 1592 762 1633; x_wconf 87' lang='lat' dir='ltr'>est,</span> <span class='ocrx_word' id='word_1_210' title='bbox 797 1584 971 1639; x_wconf 90' lang='lat' dir='ltr'>Aequos</span> <span class='ocrx_word' id='word_1_211' title='bbox 1004 1585 1264 1640; x_wconf 88' lang='lat' dir='ltr'>Volscosque</span> <span class='ocrx_word' id='word_1_212' title='bbox 1297 1600 1459 1626; x_wconf 89' lang='lat' dir='ltr'>summa</span> <span class='ocrx_word' id='word_1_213' title='bbox 1490 1585 1531 1625; x_wconf 88' lang='lat' dir='ltr'>vi</span> <span class='ocrx_word' id='word_1_214' title='bbox 1563 1584 1720 1625; x_wconf 89' lang='lat' dir='ltr'>bellum</span> <span class='ocrx_word' id='word_1_215' title='bbox 1752 1599 1826 1640; x_wconf 87' lang='lat' dir='ltr'>ap-</span> 
     </span>
     <span class='ocr_line' id='line_1_26' title="bbox 463 1615 1824 1697; baseline 0.001 -16"><span class='ocrx_word' id='word_1_216' title='bbox 463 1615 802 1695; x_wconf 79' lang='lat' dir='ltr'>aiare.Itaqi1e</span> <span class='ocrx_word' id='word_1_217' title='bbox 827 1641 973 1696; x_wconf 88' lang='lat' dir='ltr'>partiri</span> <span class='ocrx_word' id='word_1_218' title='bbox 998 1642 1230 1697; x_wconf 88' lang='lat' dir='ltr'>provincias</span> <span class='ocrx_word' id='word_1_219' title='bbox 1255 1641 1481 1682; x_wconf 91' lang='lat' dir='ltr'>consules</span> <span class='ocrx_word' id='word_1_220' title='bbox 1471 1642 1582 1682; x_wconf 90' lang='grc'><strong>111881.</strong></span> <span class='ocrx_word' id='word_1_221' title='bbox 1646 1640 1824 1682; x_wconf 89' lang='lat' dir='ltr'>Horatio</span> 
     </span>
     <span class='ocr_line' id='line_1_27' title="bbox 433 1656 1825 1753; baseline 0 -15"><span class='ocrx_word' id='word_1_222' title='bbox 433 1656 592 1746; x_wconf 56' lang='lat' dir='ltr'>gabini,</span> <span class='ocrx_word' id='word_1_223' title='bbox 620 1697 793 1739; x_wconf 88' lang='lat' dir='ltr'>Valerio</span> <span class='ocrx_word' id='word_1_224' title='bbox 820 1697 963 1753; x_wconf 91' lang='lat' dir='ltr'>Aequi</span> <span class='ocrx_word' id='word_1_225' title='bbox 990 1697 1219 1753; x_wconf 88' lang='lat' dir='ltr'>Volscique</span> <span class='ocrx_word' id='word_1_226' title='bbox 1256 1712 1447 1739; x_wconf 90' lang='lat' dir='ltr'>evenere.</span> <span class='ocrx_word' id='word_1_227' title='bbox 1514 1698 1659 1745; x_wconf 81' lang='lat' dir='ltr'>Quum</span> <span class='ocrx_word' id='word_1_228' title='bbox 1690 1698 1745 1738; x_wconf 90' lang='lat' dir='ltr'>ad</span> <span class='ocrx_word' id='word_1_229' title='bbox 1775 1713 1825 1739; x_wconf 87' lang='lat' dir='ltr'>ea</span> 
     </span>
     <span class='ocr_line' id='line_1_28' title="bbox 431 1754 1822 1810; baseline 0.001 -15"><span class='ocrx_word' id='word_1_230' title='bbox 431 1754 541 1795; x_wconf 90' lang='lat' dir='ltr'>bella</span> <span class='ocrx_word' id='word_1_231' title='bbox 562 1754 772 1795; x_wconf 89' lang='lat' dir='ltr'>delectum</span> <span class='ocrx_word' id='word_1_232' title='bbox 793 1754 1035 1803; x_wconf 85' lang='lat' dir='ltr'>edixissent,</span> <span class='ocrx_word' id='word_1_233' title='bbox 1057 1754 1196 1795; x_wconf 87' lang='lat' dir='ltr'>favore</span> <span class='ocrx_word' id='word_1_234' title='bbox 1218 1754 1351 1810; x_wconf 90' lang='lat' dir='ltr'>plebis</span> <span class='ocrx_word' id='word_1_235' title='bbox 1372 1769 1457 1794; x_wconf 90' lang='lat' dir='ltr'>non</span> <span class='ocrx_word' id='word_1_236' title='bbox 1478 1754 1662 1795; x_wconf 90' lang='lat' dir='ltr'>iuniores</span> <span class='ocrx_word' id='word_1_237' title='bbox 1683 1755 1822 1804; x_wconf 93' lang='lat' dir='ltr'>modo,</span> 
     </span>
     <span class='ocr_line' id='line_1_29' title="bbox 431 1810 1822 1867; baseline 0.001 -16"><span class='ocrx_word' id='word_1_238' title='bbox 431 1810 505 1851; x_wconf 88' lang='lat' dir='ltr'>sed</span> <span class='ocrx_word' id='word_1_239' title='bbox 538 1811 721 1852; x_wconf 88' lang='lat' dir='ltr'>emeritis</span> <span class='ocrx_word' id='word_1_240' title='bbox 754 1811 879 1852; x_wconf 88' lang='lat' dir='ltr'>etiam</span> <span class='ocrx_word' id='word_1_241' title='bbox 912 1811 1144 1867; x_wconf 88' lang='lat' dir='ltr'>stipendiis,</span> <span class='ocrx_word' id='word_1_242' title='bbox 1173 1826 1267 1867; x_wconf 87' lang='lat' dir='ltr'>pars</span> <span class='ocrx_word' id='word_1_243' title='bbox 1301 1826 1452 1867; x_wconf 86' lang='lat' dir='ltr'>magna</span> <span class='ocrx_word' id='word_1_244' title='bbox 1478 1811 1822 1861; x_wconf 88' lang='lat' dir='ltr'>voluntariorum,</span> 
     </span>
     <span class='ocr_line' id='line_1_30' title="bbox 431 1867 1821 1925; baseline 0.001 -17"><span class='ocrx_word' id='word_1_245' title='bbox 431 1867 484 1908; x_wconf 89' lang='lat' dir='ltr'>ad</span> <span class='ocrx_word' id='word_1_246' title='bbox 514 1868 686 1908; x_wconf 87' lang='lat' dir='ltr'>nomina</span> <span class='ocrx_word' id='word_1_247' title='bbox 716 1867 856 1908; x_wconf 87' lang='lat' dir='ltr'>danda</span> <span class='ocrx_word' id='word_1_248' title='bbox 884 1876 1049 1923; x_wconf 84' lang='lat' dir='ltr'>praesto</span> <span class='ocrx_word' id='word_1_249' title='bbox 1078 1868 1220 1909; x_wconf 89' lang='lat' dir='ltr'>fuere:</span> <span class='ocrx_word' id='word_1_250' title='bbox 1257 1883 1391 1923; x_wconf 89' lang='lat' dir='ltr'>eoque</span> <span class='ocrx_word' id='word_1_251' title='bbox 1421 1883 1507 1909; x_wconf 90' lang='lat' dir='ltr'>non</span> <span class='ocrx_word' id='word_1_252' title='bbox 1534 1868 1656 1925; x_wconf 89' lang='lat' dir='ltr'>copia</span> <span class='ocrx_word' id='word_1_253' title='bbox 1682 1868 1821 1918; x_wconf 90' lang='lat' dir='ltr'>modo,</span> 
     </span>
     <span class='ocr_line' id='line_1_31' title="bbox 431 1924 1823 1980; baseline 0.001 -15"><span class='ocrx_word' id='word_1_254' title='bbox 431 1924 506 1965; x_wconf 88' lang='lat' dir='ltr'>sed</span> <span class='ocrx_word' id='word_1_255' title='bbox 525 1940 679 1980; x_wconf 81' lang='lat' dir='ltr'>genere</span> <span class='ocrx_word' id='word_1_256' title='bbox 702 1925 827 1965; x_wconf 88' lang='lat' dir='ltr'>etiam</span> <span class='ocrx_word' id='word_1_257' title='bbox 849 1924 1043 1974; x_wconf 91' lang='lat' dir='ltr'>militum,</span> <span class='ocrx_word' id='word_1_258' title='bbox 1065 1925 1272 1966; x_wconf 89' lang='lat' dir='ltr'>veteranis</span> <span class='ocrx_word' id='word_1_259' title='bbox 1293 1925 1501 1974; x_wconf 83' lang='lat' dir='ltr'>admixtis,</span> <span class='ocrx_word' id='word_1_260' title='bbox 1524 1925 1682 1966; x_wconf 88' lang='lat' dir='ltr'>firmior</span> <span class='ocrx_word' id='word_1_261' title='bbox 1702 1940 1823 1966; x_wconf 91' lang='lat' dir='ltr'>exer-</span> 
     </span>
     <span class='ocr_line' id='line_1_32' title="bbox 431 1981 1822 2056; baseline 0.001 -34"><span class='ocrx_word' id='word_1_262' title='bbox 431 1982 537 2022; x_wconf 88' lang='lat' dir='ltr'>citus</span> <span class='ocrx_word' id='word_1_263' title='bbox 564 1982 654 2022; x_wconf 88' lang='lat' dir='ltr'>fuit.</span> <span class='ocrx_word' id='word_1_264' title='bbox 717 1981 969 2037; x_wconf 87' lang='lat' dir='ltr'>Priusquam</span> <span class='ocrx_word' id='word_1_265' title='bbox 1001 1983 1148 2022; x_wconf 89' lang='lat' dir='ltr'>urbem</span> <span class='ocrx_word' id='word_1_266' title='bbox 1179 1982 1490 2056; x_wconf 82' lang='lat' dir='ltr'>egrederentur,</span> <span class='ocrx_word' id='word_1_267' title='bbox 1513 1982 1626 2037; x_wconf 85' lang='lat' dir='ltr'>leges</span> <span class='ocrx_word' id='word_1_268' title='bbox 1653 1981 1822 2023; x_wconf 90' lang='lat' dir='ltr'>decem-</span> 
     </span>
     <span class='ocr_line' id='line_1_33' title="bbox 214 2038 1822 2094; baseline 0.001 -15"><span class='ocrx_word' id='word_1_269' title='bbox 214 2056 362 2086; x_wconf 76' lang='lat' dir='ltr'>Tabulae</span> <span class='ocrx_word' id='word_1_270' title='bbox 431 2039 592 2088; x_wconf 88' lang='lat' dir='ltr'>virales,</span> <span class='ocrx_word' id='word_1_271' title='bbox 611 2039 763 2094; x_wconf 91' lang='lat' dir='ltr'>quibus</span> <span class='ocrx_word' id='word_1_272' title='bbox 787 2038 962 2079; x_wconf 87' lang='lat' dir='ltr'>‘tabulis</span> <span class='ocrx_word' id='word_1_273' title='bbox 978 2038 1221 2079; x_wconf 83' lang='lat' dir='ltr'>duodecim&#39;</span> <span class='ocrx_word' id='word_1_274' title='bbox 1243 2047 1306 2080; x_wconf 90' lang='lat' dir='ltr'>est</span> <span class='ocrx_word' id='word_1_275' title='bbox 1326 2053 1494 2088; x_wconf 89' lang='lat' dir='ltr'>nomen,</span> <span class='ocrx_word' id='word_1_276' title='bbox 1517 2039 1561 2079; x_wconf 94' lang='lat' dir='ltr'>in</span> <span class='ocrx_word' id='word_1_277' title='bbox 1583 2053 1652 2080; x_wconf 87' lang='lat' dir='ltr'>aes</span> <span class='ocrx_word' id='word_1_278' title='bbox 1672 2039 1822 2080; x_wconf 87' lang='lat' dir='ltr'>incisas</span> 
     </span>
    </p>
   </div>
   <div class='ocr_carea' id='block_1_3' title="bbox 216 2095 1821 2265">
    <p class='ocr_par' dir='ltr' id='par_1_3' title="bbox 216 2095 1821 2265">
     <span class='ocr_line' id='line_1_34' title="bbox 216 2095 1821 2152; baseline 0.005 -23"><span class='ocrx_word' id='word_1_279' title='bbox 216 2099 304 2130; x_wconf 86' lang='lat' dir='ltr'>XII.</span> <span class='ocrx_word' id='word_1_280' title='bbox 432 2095 476 2136; x_wconf 91' lang='lat' dir='ltr'>in</span> <span class='ocrx_word' id='word_1_281' title='bbox 511 2095 680 2151; x_wconf 90' lang='lat' dir='ltr'>publico</span> <span class='ocrx_word' id='word_1_282' title='bbox 721 2104 1040 2151; x_wconf 89' lang='lat' dir='ltr'>proposuerunt.</span> <span class='ocrx_word' id='word_1_283' title='bbox 1126 2095 1245 2145; x_wconf 87' lang='lat' dir='ltr'>Sunt,</span> <span class='ocrx_word' id='word_1_284' title='bbox 1288 2096 1361 2152; x_wconf 92' lang='lat' dir='ltr'>qui</span> <span class='ocrx_word' id='word_1_285' title='bbox 1402 2096 1516 2136; x_wconf 89' lang='lat' dir='ltr'>iussu</span> <span class='ocrx_word' id='word_1_286' title='bbox 1557 2096 1821 2137; x_wconf 89' lang='lat' dir='ltr'>tribunorum</span> 
     </span>
     <span class='ocr_line' id='line_1_35' title="bbox 432 2152 1310 2194; baseline 0 -1"><span class='ocrx_word' id='word_1_287' title='bbox 432 2152 587 2194; x_wconf 85' lang='lat' dir='ltr'>aediles</span> <span class='ocrx_word' id='word_1_288' title='bbox 607 2153 772 2193; x_wconf 87' lang='lat' dir='ltr'>functos</span> <span class='ocrx_word' id='word_1_289' title='bbox 794 2167 844 2193; x_wconf 90' lang='lat' dir='ltr'>eo</span> <span class='ocrx_word' id='word_1_290' title='bbox 865 2153 1096 2194; x_wconf 88' lang='lat' dir='ltr'>ministerio</span> <span class='ocrx_word' id='word_1_291' title='bbox 1117 2153 1310 2194; x_wconf 89' lang='lat' dir='ltr'>scribant.</span> 
     </span>
     <span class='ocr_line' id='line_1_36' title="bbox 283 2209 1819 2265; baseline 0.001 -15"><span class='ocrx_word' id='word_1_292' title='bbox 283 2218 350 2256; x_wconf 80' lang='lat'>58,</span> <span class='ocrx_word' id='word_1_293' title='bbox 493 2209 543 2251; x_wconf 88' lang='lat' dir='ltr'>C.</span> <span class='ocrx_word' id='word_1_294' title='bbox 563 2209 780 2259; x_wconf 87' lang='lat' dir='ltr'>Claudius,</span> <span class='ocrx_word' id='word_1_295' title='bbox 804 2210 889 2264; x_wconf 86' lang='lat' dir='ltr'>qui,</span> <span class='ocrx_word' id='word_1_296' title='bbox 912 2225 1083 2265; x_wconf 86' lang='lat' dir='ltr'>perosus</span> <span class='ocrx_word' id='word_1_297' title='bbox 1105 2210 1437 2251; x_wconf 88' lang='lat' dir='ltr'>decemvirorum</span> <span class='ocrx_word' id='word_1_298' title='bbox 1463 2209 1631 2259; x_wconf 89' lang='lat' dir='ltr'>scelera,</span> <span class='ocrx_word' id='word_1_299' title='bbox 1654 2218 1698 2251; x_wconf 91' lang='lat' dir='ltr'>et</span> <span class='ocrx_word' id='word_1_300' title='bbox 1724 2218 1819 2251; x_wconf 88' lang='lat' dir='ltr'>ante</span> 
     </span>
    </p>
   </div>
   <div class='ocr_carea' id='block_1_4' title="bbox 430 2266 1824 2436">
    <p class='ocr_par' dir='ltr' id='par_1_4' title="bbox 430 2266 1824 2436">
     <span class='ocr_line' id='line_1_37' title="bbox 431 2266 1820 2332; baseline 0 -25"><span class='ocrx_word' id='word_1_301' title='bbox 431 2281 575 2307; x_wconf 91' lang='lat' dir='ltr'>omnes</span> <span class='ocrx_word' id='word_1_302' title='bbox 606 2266 742 2307; x_wconf 88' lang='lat' dir='ltr'>fratris</span> <span class='ocrx_word' id='word_1_303' title='bbox 773 2266 849 2306; x_wconf 88' lang='lat' dir='ltr'>filii</span> <span class='ocrx_word' id='word_1_304' title='bbox 882 2267 1099 2332; x_wconf 82' lang='lat' dir='ltr'>superbiae</span> <span class='ocrx_word' id='word_1_305' title='bbox 1134 2267 1319 2316; x_wconf 90' lang='lat' dir='ltr'>infestus,</span> <span class='ocrx_word' id='word_1_306' title='bbox 1345 2267 1572 2322; x_wconf 81' lang='lat' dir='ltr'>Regillum,</span> <span class='ocrx_word' id='word_1_307' title='bbox 1604 2267 1820 2323; x_wconf 88' lang='lat' dir='ltr'>antiquam</span> 
     </span>
     <span class='ocr_line' id='line_1_38' title="bbox 431 2322 1824 2388; baseline 0 -24"><span class='ocrx_word' id='word_1_308' title='bbox 431 2324 475 2364; x_wconf 89' lang='lat' dir='ltr'>in</span> <span class='ocrx_word' id='word_1_309' title='bbox 507 2324 696 2388; x_wconf 79' lang='lat' dir='ltr'>patriam,</span> <span class='ocrx_word' id='word_1_310' title='bbox 730 2338 772 2364; x_wconf 90' lang='lat' dir='ltr'>se</span> <span class='ocrx_word' id='word_1_311' title='bbox 807 2323 1054 2372; x_wconf 89' lang='lat' dir='ltr'>contulerat,</span> <span class='ocrx_word' id='word_1_312' title='bbox 1088 2324 1122 2364; x_wconf 89' lang='lat' dir='ltr'>is</span> <span class='ocrx_word' id='word_1_313' title='bbox 1155 2339 1306 2380; x_wconf 86' lang='lat' dir='ltr'>magno</span> <span class='ocrx_word' id='word_1_314' title='bbox 1340 2324 1421 2364; x_wconf 86' lang='lat' dir='ltr'>iam</span> <span class='ocrx_word' id='word_1_315' title='bbox 1454 2332 1569 2373; x_wconf 88' lang='lat' dir='ltr'>natu,</span> <span class='ocrx_word' id='word_1_316' title='bbox 1603 2338 1735 2379; x_wconf 92' lang='lat' dir='ltr'>quum</span> <span class='ocrx_word' id='word_1_317' title='bbox 1766 2322 1824 2365; x_wconf 75' lang='lat' dir='ltr'>ad</span> 
     </span>
     <span class='ocr_line' id='line_1_39' title="bbox 430 2380 1820 2436; baseline 0 -15"><span class='ocrx_word' id='word_1_318' title='bbox 430 2381 616 2436; x_wconf 85' lang='lat' dir='ltr'>pericula</span> <span class='ocrx_word' id='word_1_319' title='bbox 645 2381 733 2421; x_wconf 90' lang='lat' dir='ltr'>eius</span> <span class='ocrx_word' id='word_1_320' title='bbox 764 2380 1030 2436; x_wconf 87' lang='lat' dir='ltr'>deprecanda</span> <span class='ocrx_word' id='word_1_321' title='bbox 1061 2380 1246 2430; x_wconf 88' lang='lat' dir='ltr'>redisset,</span> <span class='ocrx_word' id='word_1_322' title='bbox 1273 2381 1391 2422; x_wconf 89' lang='lat' dir='ltr'>cuius</span> <span class='ocrx_word' id='word_1_323' title='bbox 1411 2380 1512 2421; x_wconf 88' lang='lat' dir='ltr'>vitia</span> <span class='ocrx_word' id='word_1_324' title='bbox 1531 2380 1708 2435; x_wconf 83' lang='lat' dir='ltr'>fugerat,</span> <span class='ocrx_word' id='word_1_325' title='bbox 1734 2394 1820 2422; x_wconf 89' lang='lat' dir='ltr'>sor-</span> 
     </span>
    </p>
   </div>
   <div class='ocr_carea' id='block_1_5' title="bbox 430 2515 1820 2889">
    <p class='ocr_par' dir='ltr' id='par_1_5' title="bbox 430 2515 1820 2683">
     <span class='ocr_line' id='line_1_40' title="bbox 472 2515 1820 2557; baseline 0.001 -11"><span class='ocrx_word' id='word_1_326' title='bbox 472 2526 492 2557; x_wconf 90' lang='lat'>9</span> <span class='ocrx_word' id='word_1_327' title='bbox 514 2518 556 2546; x_wconf 86' lang='grc' dir='ltr'>Ῑη</span> <span class='ocrx_word' id='word_1_328' title='bbox 571 2517 746 2554; x_wconf 80' lang='lat' dir='ltr'>carcerem]</span> <span class='ocrx_word' id='word_1_329' title='bbox 766 2517 933 2547; x_wconf 65' lang='lat' dir='ltr'>Caram-ern</span> <span class='ocrx_word' id='word_1_330' title='bbox 948 2517 1104 2547; x_wconf 79' lang='lat' dir='ltr'>vindicem</span> <span class='ocrx_word' id='word_1_331' title='bbox 1149 2523 1198 2555; x_wconf 83' lang='lat'>55.</span> <span class='ocrx_word' id='word_1_332' title='bbox 1228 2515 1282 2545; x_wconf 88' lang='lat' dir='ltr'>ubi</span> <span class='ocrx_word' id='word_1_333' title='bbox 1306 2525 1413 2546; x_wconf 84' lang='lat' dir='ltr'>carcer</span> <span class='ocrx_word' id='word_1_334' title='bbox 1438 2517 1494 2546; x_wconf 88' lang='lat' dir='ltr'>ille</span> <span class='ocrx_word' id='word_1_335' title='bbox 1523 2517 1610 2555; x_wconf 84' lang='lat' dir='ltr'>apud</span> <span class='ocrx_word' id='word_1_336' title='bbox 1636 2516 1820 2556; x_wconf 84' lang='lat' dir='ltr'>Syracusas,</span> 
     </span>
     <span class='ocr_line' id='line_1_41' title="bbox 431 2558 1818 2598; baseline 0.001 -10"><span class='ocrx_word' id='word_1_337' title='bbox 431 2560 629 2597; x_wconf 78' lang='lat' dir='ltr'>nefariorum</span> <span class='ocrx_word' id='word_1_338' title='bbox 643 2569 680 2589; x_wconf 80' lang='lat' dir='ltr'>ac</span> <span class='ocrx_word' id='word_1_339' title='bbox 694 2560 937 2598; x_wconf 65' lang='lat' dir='ltr'>mamfestorum</span> <span class='ocrx_word' id='word_1_340' title='bbox 951 2559 1105 2589; x_wconf 81' lang='lat' dir='ltr'>scelerum</span> <span class='ocrx_word' id='word_1_341' title='bbox 1150 2558 1354 2594; x_wconf 85' lang='lat' dir='ltr'>Lautumiae,</span> <span class='ocrx_word' id='word_1_342' title='bbox 1382 2558 1582 2588; x_wconf 88' lang='lat' dir='ltr'>domicilium</span> <span class='ocrx_word' id='word_1_343' title='bbox 1610 2558 1729 2589; x_wconf 87' lang='lat' dir='ltr'>civium</span> <span class='ocrx_word' id='word_1_344' title='bbox 1753 2559 1818 2590; x_wconf 82' lang='lat' dir='ltr'>Ro-</span> 
     </span>
     <span class='ocr_line' id='line_1_42' title="bbox 430 2599 1818 2633; baseline 0.002 -3"><span class='ocrx_word' id='word_1_345' title='bbox 430 2602 564 2631; x_wconf 77' lang='lat' dir='ltr'>maiores</span> <span class='ocrx_word' id='word_1_346' title='bbox 590 2611 655 2631; x_wconf 80' lang='lat' dir='ltr'>esse</span> <span class='ocrx_word' id='word_1_347' title='bbox 681 2602 862 2631; x_wconf 78' lang='lat' dir='ltr'>voluerunt.</span> <span class='ocrx_word' id='word_1_348' title='bbox 887 2599 955 2631; x_wconf 89' lang='lat' dir='ltr'>Cic.</span> <span class='ocrx_word' id='word_1_349' title='bbox 975 2600 1047 2631; x_wconf 83' lang='lat' dir='ltr'>Cat.</span> <span class='ocrx_word' id='word_1_350' title='bbox 1072 2600 1103 2630; x_wconf 86' lang='lat' dir='ltr'>ii.</span> <span class='ocrx_word' id='word_1_351' title='bbox 1149 2610 1317 2630; x_wconf 86' lang='lat' dir='ltr'>manorum</span> <span class='ocrx_word' id='word_1_352' title='bbox 1345 2599 1471 2632; x_wconf 83' lang='lat' dir='ltr'>dicitur.</span> <span class='ocrx_word' id='word_1_353' title='bbox 1508 2601 1547 2631; x_wconf 91' lang='lat' dir='ltr'>cf.</span> <span class='ocrx_word' id='word_1_354' title='bbox 1573 2600 1707 2632; x_wconf 87' lang='lat' dir='ltr'>Niebhr.</span> <span class='ocrx_word' id='word_1_355' title='bbox 1731 2600 1764 2632; x_wconf 90' lang='lat' dir='ltr'>ii.</span> <span class='ocrx_word' id='word_1_356' title='bbox 1786 2611 1818 2633; x_wconf 88' lang='lat' dir='ltr'>n.</span> 
     </span>
     <span class='ocr_line' id='line_1_43' title="bbox 436 2641 1218 2683; baseline 0 -11"><span class='ocrx_word' id='word_1_357' title='bbox 436 2652 481 2673; x_wconf 83' lang='lat'>12.</span> <span class='ocrx_word' id='word_1_358' title='bbox 506 2642 559 2671; x_wconf 88' lang='lat' dir='ltr'>ubi</span> <span class='ocrx_word' id='word_1_359' title='bbox 591 2643 719 2679; x_wconf 73' lang='lat' dir='ltr'>vindex,</span> <span class='ocrx_word' id='word_1_360' title='bbox 743 2643 797 2681; x_wconf 82' lang='lat' dir='ltr'>qui</span> <span class='ocrx_word' id='word_1_361' title='bbox 825 2642 884 2672; x_wconf 82' lang='lat' dir='ltr'>sibi</span> <span class='ocrx_word' id='word_1_362' title='bbox 911 2642 1031 2673; x_wconf 82' lang='lat' dir='ltr'>asserit.</span> <span class='ocrx_word' id='word_1_363' title='bbox 1063 2643 1101 2673; x_wconf 87' lang='lat' dir='ltr'>cf.</span> <span class='ocrx_word' id='word_1_364' title='bbox 1147 2641 1218 2683; x_wconf 85' lang='lat'><strong>649.</strong></span> 
     </span>
    </p>

    <p class='ocr_par' dir='ltr' id='par_1_6' title="bbox 431 2684 1817 2889">
     <span class='ocr_line' id='line_1_44' title="bbox 432 2684 1816 2724; baseline 0.001 -11"><span class='ocrx_word' id='word_1_365' title='bbox 432 2684 557 2720; x_wconf 86' lang='lat' dir='ltr'>Festus,</span> <span class='ocrx_word' id='word_1_366' title='bbox 574 2695 601 2715; x_wconf 88' lang='lat' dir='ltr'>v.</span> <span class='ocrx_word' id='word_1_367' title='bbox 626 2685 756 2715; x_wconf 64' lang='lat' dir='ltr'>Vz‘ndeoe¹</span> <span class='ocrx_word' id='word_1_368' title='bbox 798 2684 961 2723; x_wconf 84' lang='lat' dir='ltr'>Ulpianus</span> <span class='ocrx_word' id='word_1_369' title='bbox 976 2694 1103 2723; x_wconf 87' lang='lat' dir='ltr'>quoquc</span> <span class='ocrx_word' id='word_1_370' title='bbox 1191 2694 1207 2714; x_wconf 77' lang='lat'>2</span> <span class='ocrx_word' id='word_1_371' title='bbox 1232 2685 1399 2723; x_wconf 67' lang='lat' dir='ltr'>Prodiaeit]</span> <span class='ocrx_word' id='word_1_372' title='bbox 1428 2684 1526 2715; x_wconf 88' lang='lat' dir='ltr'>Diem</span> <span class='ocrx_word' id='word_1_373' title='bbox 1547 2684 1721 2724; x_wconf 88' lang='lat' dir='ltr'>longiorem</span> <span class='ocrx_word' id='word_1_374' title='bbox 1737 2684 1816 2715; x_wconf 89' lang='lat' dir='ltr'>iudi-</span> 
     </span>
     <span class='ocr_line' id='line_1_45' title="bbox 431 2725 1817 2763; baseline 0.002 -9"><span class='ocrx_word' id='word_1_375' title='bbox 431 2726 578 2763; x_wconf 80' lang='lat' dir='ltr'>affirmat,</span> <span class='ocrx_word' id='word_1_376' title='bbox 609 2736 768 2757; x_wconf 82' lang='lat' dir='ltr'>carcerem</span> <span class='ocrx_word' id='word_1_377' title='bbox 806 2727 847 2756; x_wconf 85' lang='lat' dir='ltr'>ad</span> <span class='ocrx_word' id='word_1_378' title='bbox 882 2725 1102 2763; x_wconf 78' lang='lat' dir='ltr'>continendos,</span> <span class='ocrx_word' id='word_1_379' title='bbox 1148 2726 1196 2756; x_wconf 92' lang='lat' dir='ltr'>cio</span> <span class='ocrx_word' id='word_1_380' title='bbox 1221 2726 1314 2763; x_wconf 83' lang='lat' dir='ltr'>dixit,</span> <span class='ocrx_word' id='word_1_381' title='bbox 1337 2726 1491 2763; x_wconf 83' lang='lat' dir='ltr'>iudicium</span> <span class='ocrx_word' id='word_1_382' title='bbox 1517 2727 1638 2758; x_wconf 79' lang='lat' dir='ltr'>remisit</span> <span class='ocrx_word' id='word_1_383' title='bbox 1659 2726 1693 2757; x_wconf 89' lang='lat' dir='ltr'>in</span> <span class='ocrx_word' id='word_1_384' title='bbox 1718 2726 1817 2757; x_wconf 85' lang='lat' dir='ltr'>aliam</span> 
     </span>
     <span class='ocr_line' id='line_1_46' title="bbox 432 2767 1815 2808; baseline 0.003 -14"><span class='ocrx_word' id='word_1_385' title='bbox 432 2776 494 2795; x_wconf 85' lang='lat' dir='ltr'>non</span> <span class='ocrx_word' id='word_1_386' title='bbox 511 2768 550 2796; x_wconf 84' lang='lat' dir='ltr'>ad</span> <span class='ocrx_word' id='word_1_387' title='bbox 569 2768 747 2806; x_wconf 80' lang='lat' dir='ltr'>puniendos</span> <span class='ocrx_word' id='word_1_388' title='bbox 763 2779 832 2798; x_wconf 86' lang='lat' dir='ltr'>reos</span> <span class='ocrx_word' id='word_1_389' title='bbox 847 2768 957 2799; x_wconf 82' lang='lat' dir='ltr'>haberi</span> <span class='ocrx_word' id='word_1_390' title='bbox 975 2769 1099 2799; x_wconf 86' lang='lat' dir='ltr'>debere.</span> <span class='ocrx_word' id='word_1_391' title='bbox 1146 2768 1230 2798; x_wconf 89' lang='lat' dir='ltr'>diem</span> <span class='ocrx_word' id='word_1_392' title='bbox 1259 2768 1470 2799; x_wconf 80' lang='lat' dir='ltr'>remotiorem.</span> <span class='ocrx_word' id='word_1_393' title='bbox 1517 2769 1569 2799; x_wconf 84' lang='lat' dir='ltr'>Sic</span> <span class='ocrx_word' id='word_1_394' title='bbox 1595 2779 1680 2808; x_wconf 83' lang='lat' dir='ltr'>supr.</span> <span class='ocrx_word' id='word_1_395' title='bbox 1707 2768 1739 2799; x_wconf 85' lang='lat' dir='ltr'>ii.</span> <span class='ocrx_word' id='word_1_396' title='bbox 1764 2767 1815 2799; x_wconf 85' lang='lat'>61.</span> 
     </span>
     <span class='ocr_line' id='line_1_47' title="bbox 433 2808 1814 2850; baseline 0.003 -14"><span class='ocrx_word' id='word_1_397' title='bbox 433 2808 472 2837; x_wconf 81' lang='lat' dir='ltr'>cf.</span> <span class='ocrx_word' id='word_1_398' title='bbox 492 2808 624 2840; x_wconf 86' lang='lat' dir='ltr'>Niebhr.</span> <span class='ocrx_word' id='word_1_399' title='bbox 641 2810 672 2841; x_wconf 90' lang='lat' dir='ltr'>ii.</span> <span class='ocrx_word' id='word_1_400' title='bbox 691 2821 720 2840; x_wconf 88' lang='lat' dir='ltr'>n.</span> <span class='ocrx_word' id='word_1_401' title='bbox 738 2811 808 2841; x_wconf 87' lang='lat'>818.</span> <span class='ocrx_word' id='word_1_402' title='bbox 1144 2815 1180 2841; x_wconf 77' lang='lat' dir='ltr'>ut</span> <span class='ocrx_word' id='word_1_403' title='bbox 1204 2812 1286 2841; x_wconf 78' lang='lat' dir='ltr'>diem</span> <span class='ocrx_word' id='word_1_404' title='bbox 1312 2812 1374 2849; x_wconf 75' lang='lat' dir='ltr'>ipsi</span> <span class='ocrx_word' id='word_1_405' title='bbox 1401 2822 1460 2841; x_wconf 73' lang='lat' dir='ltr'>sua</span> <span class='ocrx_word' id='word_1_406' title='bbox 1488 2813 1651 2842; x_wconf 80' lang='lat' dir='ltr'>voluntate</span> <span class='ocrx_word' id='word_1_407' title='bbox 1673 2811 1814 2850; x_wconf 79' lang='lat' dir='ltr'>prodice-</span> 
     </span>
     <span class='ocr_line' id='line_1_48' title="bbox 478 2851 1354 2889; baseline 0.006 -12"><span class='ocrx_word' id='word_1_408' title='bbox 478 2858 486 2877; x_wconf 97' lang='lat'>1</span> <span class='ocrx_word' id='word_1_409' title='bbox 517 2851 735 2889; x_wconf 76' lang='lat' dir='ltr'>Domicz&#39;linm]</span> <span class='ocrx_word' id='word_1_410' title='bbox 768 2853 806 2882; x_wconf 80' lang='lat' dir='ltr'>cf.</span> <span class='ocrx_word' id='word_1_411' title='bbox 825 2852 892 2883; x_wconf 87' lang='lat' dir='ltr'>Cic.</span> <span class='ocrx_word' id='word_1_412' title='bbox 913 2852 944 2883; x_wconf 86' lang='lat' dir='ltr'>in</span> <span class='ocrx_word' id='word_1_413' title='bbox 964 2853 1053 2883; x_wconf 88' lang='lat' dir='ltr'>Vcrr.</span> <span class='ocrx_word' id='word_1_414' title='bbox 1072 2863 1099 2883; x_wconf 76' lang='lat' dir='ltr'>v.</span> <span class='ocrx_word' id='word_1_415' title='bbox 1145 2858 1226 2883; x_wconf 79' lang='lat' dir='ltr'>rent.</span> <span class='ocrx_word' id='word_1_416' title='bbox 1251 2854 1354 2883; x_wconf 75' lang='lat' dir='ltr'>CREv.</span> 
     </span>
    </p>
   </div>
  </div>
 </body>
</html>
