1934 3211
477 202 532 239 44
985 198 1132 240 TITI
1169 197 1346 240 LIVII

255 300 369 331 Circus
475 286 641 336 dicitur,
663 286 903 352 designatus
922 287 1038 329 locus
1058 296 1142 329 est:
1166 287 1256 329 loca
1276 287 1406 329 divisa
1421 286 1614 328 Patribus
1630 285 1860 342 equitibus-

256 342 426 373 maximus.
476 359 571 400 que,
605 344 675 386 ubi
712 345 946 401 spectacula
977 345 1055 387 sibi
1085 346 1262 402 quisque
1291 345 1499 394 facerent3
1535 344 1614 386 fori
1648 342 1857 400 appellati.

479 401 726 457 Spectavere
759 403 885 444 furcis
922 403 1139 444 duodenos
1172 405 1222 444 ab
1256 412 1364 443 terra
1395 401 1630 467 spectacula
1661 401 1743 442 alta
1771 413 1889 441 sus-2

474 459 707 501 tinentibus
750 460 890 516 pedes.
966 461 1198 501 Ludicrum
1236 460 1337 501 fuit.
1386 459 1484 515 equi
1522 458 1766 515 pugilesque
1806 472 1860 498 ex

477 516 646 557 Etruria
675 517 854 558 maxime
886 518 1018 559 acciti.
1083 517 1300 559 Sollennes
1330 517 1484 558 deinde
1513 516 1642 557 annui
1671 530 1859 556 mansere

258 583 343 631 Ludi
360 583 425 613 Ro·
474 573 576 623 ludi,
601 574 784 616 Romani
805 575 1038 631 Elagnique
1059 575 1170 616 varie
1192 574 1398 630 appellati.
1443 573 1514 615 Ab
1531 573 1680 614 eodem
1699 587 1796 628 rege
1817 580 1861 613 et

256 636 354 657 mam.
476 631 586 672 circa
611 631 748 672 forum
774 633 944 688 privatis
972 632 1231 673 aedificanda
1252 632 1383 672 divisa
1405 639 1502 672 sunt
1530 631 1644 679 loca3
1675 629 1860 686 porticus

476 689 757 745 tabernaeque
778 689 922 731 factae.

323 750 389 788 36.
534 745 661 787 Muro
683 762 851 802 quoque
876 747 1041 803 lapideo
1066 746 1321 788 circumdare
1349 746 1496 787 urbem
1523 745 1707 801 parabat,
1729 759 1861 800 quum

258 805 389 836 Bellum
478 802 681 844 Sabinum
704 804 860 845 bellum
882 805 1038 860 coeptis
1066 804 1313 845 inteivenit:
1348 803 1536 859 adeoque
1565 817 1615 843 ea
1638 801 1773 843 subita
1795 816 1861 842 res

257 858 332 921 ξξὸῃ]
349 847 437 879 Sabi
474 860 566 910 fuit,
602 869 650 901 ut
688 861 802 916 prius
837 862 1051 903 Anienem
1086 862 1310 902 transirent
1344 861 1494 910 hostes,
1531 875 1657 916 quam
1697 859 1862 901 obviam

308 915 315 921 ”
474 917 534 958 110
568 932 615 958 30
647 918 868 973 prohibere
901 920 1107 960 exercitus
1137 919 1352 960 Romanus
1382 926 1531 983 posset:
1593 916 1743 973 Itaque
1778 924 1862 957 tre-

474 974 665 1030 pidatum
707 975 869 1017 Romae
920 985 1010 1018 est:
1064 985 1106 1018 et
1150 977 1285 1032 primo
1326 976 1454 1017 dubia
1492 974 1664 1016 victoria
1711 988 1863 1029 magna

475 1032 685 1088 utrimque
708 1033 834 1075 caede
856 1042 1090 1090 pugnatum
1118 1042 1190 1075 est.
1255 1033 1458 1075 Reductis
1479 1032 1668 1074 deinde
1658 1047 1704 1072 111
1730 1039 1863 1072 035113

474 1089 658 1130 hostium
686 1091 827 1145 copiis,
860 1091 1041 1146 datoque
1062 1092 1194 1146 spatio
1216 1091 1431 1140 Romanis,
1460 1090 1514 1132 ad
1534 1088 1864 1154 comparandum

476 1146 529 1187 de
550 1147 714 1202 integro
734 1147 904 1197 bellum,
921 1148 1189 1204 Tarquinius,
1207 1149 1393 1203 equitem
1414 1148 1593 1189 maxime
1614 1162 1698 1188 51115
1718 1146 1862 1187 deesse

477 1204 632 1245 viribus
662 1212 787 1254 ratus,
829 1205 882 1246 ad
913 1205 1111 1255 Ramnes,
1144 1205 1365 1254 Titienses,
1398 1205 1594 1254 Luceres,
1630 1219 1732 1261 quas
1765 1218 1864 1245 cen-

479 1262 606 1302 turias
640 1262 846 1303 Romulus
877 1263 1105 1318 scripserat,
1132 1262 1285 1303 addere
1318 1262 1417 1303 alias
1444 1262 1672 1311 constituit,
1703 1276 1862 1317 suoque
1877 1275 1895 1306 3

478 1319 662 1375 insignes
682 1319 918 1375 relinquere
940 1320 1122 1361 nomine.
1185 1320 1237 1361 Id
1264 1320 1364 1376 quia
1388 1320 1636 1376 inaugurato
1657 1318 1865 1360 Romulus

263 1382 360 1428 Attus
477 1376 642 1427 fecerat,
664 1392 817 1433 negare
836 1378 964 1418 Attus
986 1377 1159 1427 Navius,
1181 1377 1364 1418 inclutus
1384 1392 1433 1418 ea
1453 1385 1698 1433 tempestate
1719 1391 1864 1432 augur,

264 1424 399 1455 Navms.
478 1449 616 1489 neque
637 1435 802 1484 mutari,
820 1450 958 1490 neque
979 1450 1135 1476 novum
1156 1435 1365 1484 constitui,
1382 1435 1462 1476 nisi
1483 1450 1578 1476 aves
1593 1434 1864 1484 addixissent,

478 1506 611 1548 posse.
676 1491 742 1532 Ex
764 1507 814 1533 eo
835 1492 896 1533 ira
915 1493 1003 1548 regi
1024 1501 1148 1541 mota,
1171 1492 1429 1548 eludensque
1461 1501 1605 1542 artem,
1636 1500 1685 1533 ut
1710 1491 1864 1540 ferunt,

481 1554 493 1572 ‘
509 1549 735 1605 Agedum,'
755 1549 906 1605 inquit,
930 1555 941 1573 ⁶
957 1550 1096 1591 divine
1118 1558 1176 1599 tu,
1198 1550 1412 1605 inaugura,
1429 1549 1576 1590 fierine
1592 1549 1732 1614 possit,
1750 1548 1867 1604 quod

482 1612 622 1648 ‘nunc
652 1622 730 1663 ego
761 1615 901 1648 mente
933 1607 1136 1663 concipio.
1141 1607 1150 1625 ⁹
1212 1606 1357 1655 Quum
1386 1607 1469 1657 ille,
1500 1607 1546 1647 in
1575 1606 1749 1663 augurio
1776 1620 1867 1647 rem

481 1673 690 1720 expertuS‚
720 1665 908 1729 profecto
937 1665 1119 1705 futuram
1159 1664 1354 1713 dixisset3
1408 1670 1419 1688 ‘
1441 1664 1576 1720 Atqui
1610 1664 1690 1705 hoc
1725 1663 1866 1704 animo

484 1722 688 1778 ‘agitavi,’
718 1722 868 1778 inquit,
904 1728 971 1763 ‘te
1007 1722 1207 1763 novacula
1237 1731 1373 1763 cotem
1406 1722 1684 1763 discissurum.
1748 1719 1866 1776 Cape

485 1779 627 1829 ‘haec‚
657 1788 699 1820 et
727 1795 892 1835 perage,
923 1780 1037 1836 quod
1069 1795 1164 1821 aves
1191 1788 1286 1820 tuae
1319 1779 1411 1820 fieri
1437 1794 1555 1835 posse
1583 1735 1868 1835 portendunt?

484 1837 598 1878 Tum
646 1836 765 1877 illum
816 1837 930 1878 haud
977 1846 1222 1878 cunctanter
1273 1837 1483 1878 discidisse
1531 1846 1669 1878 cotem
1713 1835 1864 1877 ferunt.

487 1893 633 1936 Statua
668 1894 763 1935 Atti
803 1895 937 1951 capite
972 1895 1119 1945 velato,
1156 1909 1240 1950 quo
1275 1895 1319 1934 in
1351 1894 1443 1935 1000
1478 1909 1543 1936 105
1578 1902 1669 1936 3013
1707 1901 1795 1944 est,
1822 1893 1868 1934 in

485 1952 666 2001 comitio,
683 1952 728 1992 in
747 1952 945 2007 gradibus
966 1952 1065 2008 ipsis
1081 1952 1134 1993 ad
1149 1952 1309 1993 laevam
1325 1952 1462 1993 curiae
1478 1951 1579 1993 suit:
1610 1960 1748 1993 cotem
1764 1966 1869 2007 quo-

486 2024 568 2065 que
600 2009 749 2050 eodem
779 2009 870 2050 1000
901 2010 1022 2051 5113111
1051 2010 1175 2050 fuisse
1201 2018 1447 2058 memorant,
1478 2017 1526 2050 ut
1555 2017 1662 2050 esset
1691 2008 1745 2050 ad
1773 2023 1869 2065 pos—

487 2076 596 2107 teros
616 2067 804 2107 miraculi
825 2067 914 2108 eius
935 2076 1266 2108 monumentum.
1323 2066 1525 2122 Auguriis
1546 2074 1657 2108 certe
1679 2065 1870 2107 sacerdo-

487 2124 628 2180 tioque
650 2139 855 2189 augurum
876 2133 1014 2166 tantus
1034 2125 1166 2166 honos
1187 2124 1369 2173 accessit,
1399 2132 1446 2165 ut
1472 2123 1579 2165 nihil
1604 2123 1705 2165 belli
1735 2123 1870 2165 domi-

486 2197 568 2237 que
608 2190 763 2246 postea,
805 2182 885 2223 nisi
929 2182 1152 2238 auspicato,
1194 2190 1435 2247 gereretur.
1491 2181 1667 2223 concilia
1709 2180 1903 2238 populi,4

486 2239 693 2280 exercitus
713 2240 859 2289 vocati,
889 2255 1050 2280 summa
1076 2255 1227 2288 rerum,
1257 2239 1332 2281 ubi
1357 2254 1452 2280 aves
1481 2254 1568 2280 non
1594 2238 1869 2288 admisissent,

486 2296 791 2337 dirimeiwentui.
854 2296 1008 2352 Neque
1050 2305 1139 2338 tum
1173 2296 1428 2352 Tarquinius
1464 2296 1517 2337 de
1550 2296 1741 2352 equitum
1772 2310 1872 2337 cen-

487 2353 604 2394 turiis
644 2353 868 2409 quicquam
910 2354 1110 2395 mutavit:
1163 2369 1337 2395 numero
1373 2353 1549 2394 alterum
1590 2362 1753 2394 tantum
1797 2352 1902 2398 ad-5

530 2487 546 2507 2
570 2478 702 2515 Fure-is]
734 2476 762 2507 E
779 2477 980 2516 spectaculis,
995 2477 1060 2508 sive
1076 2477 1156 2508 sedi·
1200 2477 1334 2517 scripsit,
1374 2487 1470 2517 supra
1510 2486 1556 2517 13.
1623 2477 1740 2507 Tullus
1775 2487 1873 2517 supra

486 2519 581 2557 libus,
596 2520 669 2550 altis
691 2520 855 2550 duodenos
877 2521 917 2550 ab
940 2524 1024 2550 terra
1047 2521 1156 2559 pedes,
1201 2530 1249 2559 30.
1274 2521 1386 2551 decem
1408 2525 1529 2550 turmas
1552 2530 1591 2550 ex
1616 2519 1750 2550 Albanis
1771 2520 1869 2560 legit:

486 2573 569 2601 quac
584 2562 679 2592 furcis
694 2562 937 2592 sustinebantur.
1199 2573 1292 2601 quae,
1303 2573 1401 2602 quum
1418 2562 1559 2601 singulae
1574 2561 1702 2592 tricenis
1713 2562 1873 2602 equitibus

532 2614 549 2643 3
572 2606 699 2635 Addere
714 2606 811 2643 alius]
847 2605 897 2635 Ex
914 2605 1009 2645 plebe
1026 2605 1158 2643 scilicet,
1202 2608 1393 2642 constarent,
1423 2605 1588 2635 universae
1617 2609 1777 2636 trecentos
1806 2605 1872 2636 effi-

487 2652 523 2676 ut
540 2647 571 2677 N
575 2646 718 2677 iebuhrio
736 2648 850 2686 placet.
1202 2647 1299 2678 ciunt.
1346 2648 1473 2686 Itaque,
1488 2647 1513 2677 si
1531 2647 1659 2678 Livium
1675 2648 1779 2678 solum
1798 2657 1872 2678 con-

532 2701 550 2727 4
573 2691 714 2720 Com-ilia
727 2691 1020 2729 popnli‚ea‘ercitzcs
1036 2691 1154 2728 vocati]
1202 2691 1354 2725 sulamus,
1384 2695 1551 2720 sexcentos
1587 2694 1713 2720 tantum
1750 2690 1873 2729 equites

490 2731 521 2761 h.
535 2741 561 2761 e.
579 2731 717 2762 Comitia
734 2732 865 2769 curiata,
882 2736 914 2763 et
930 2732 1070 2763 Comitia
1086 2743 1157 2763 cen·
1201 2737 1276 2763 autc
1306 2732 1516 2771 Tarquinium
1552 2733 1717 2763 habemus.
1773 2732 1871 2764 Dion.

490 2773 606 2803 turiata
623 2774 660 2804 cf.
680 2774 813 2805 Nic-bhv.
829 2774 848 2805 i.
866 2785 896 2814 p.
914 2776 985 2813 418.
1202 2774 1233 2805 ii.
1255 2775 1363 2805 scribit
1384 2775 1473 2805 1111110
1495 2775 1594 2806 ferme
1619 2775 1742 2814 equites
1762 2784 1782 2804 a
1805 2774 1870 2805 Ro-

535 2824 551 2852 5
575 2817 721 2846 Alteram
737 2819 878 2855 tcmzum]
913 2818 1086 2853 Quomodo
1103 2818 1158 2847 du·
1202 2818 1291 2847 mulo
1321 2817 1448 2848 relictos
1476 2817 1591 2849 fuisse:
1627 2817 1681 2856 qui
1710 2827 1872 2853 numerus,

493 2856 629 2895 plicatus
659 2859 801 2897 equitum
830 2870 982 2890 numerus
1010 2860 1100 2889 mille
1128 2864 1159 2890 et
1205 2870 1277 2890 011111
1307 2859 1344 2890 115
1373 2870 1452 2899 quos
1481 2860 1598 2891 Tullus
1626 2859 1760 2897 addidit,
1789 2859 1871 2891 iusto

492 2898 689 2937 octingentos
701 2901 834 2937 dederit,
847 2912 909 2931 non
926 2902 1000 2932 satis
1015 2906 1159 2941 apparet.
1204 2902 1305 2933 maior
1320 2902 1387 2933 erit.
1411 2903 1515 2933 ΟΜΝ.

492 2941 653 2972 Romulus
674 2947 736 2973 tres
755 2943 897 2981 equiturn
915 2944 1074 2975 centurias
1089 2955 1161 2974 con-
