1934 3211
0 2667 7 2687 “’
6 2644 9 2654 —·
0 2619 14 2630 Ξ
0 2567 16 2605 .·>
0 2463 14 2546 ιν
0 2381 12 2452 -·»’.o·=
0 2356 10 2369 v
2 2302 10 2316 κ

598 146 722 188 LIB.
758 146 812 186 X.
861 145 1004 186 CAP.
1040 150 1076 187 (3.
1444 150 1524 189 :263

150 236 330 293 pandere
362 238 469 278 viam
496 237 617 292 fugae
650 236 987 285 conclamassent,
1018 237 1155 292 plures
1189 238 1377 288 inermes,
1401 252 1582 294 quamv.
1600 251 1636 282 (⁴.
1654 262 1724 290 45¹-

149 295 306 344 armati‚
332 294 524 336 evadunt.
589 292 683 335 Hoc
713 293 871 349 proelio
898 293 1049 335 fractae
1080 294 1229 335 iterum
1257 295 1576 337 EtmscorumA·
1599 296 1635 325 C·
1655 304 1723 333 30¹·

149 351 279 394 vires:
313 360 366 401 et,
400 360 522 407 pacto
554 366 695 392 annuo
727 350 947 407 stipendio,
976 360 1019 392 et
1045 351 1175 392 duum
1209 353 1414 393 mensium
1442 354 1526 394 fru-

149 417 302 458 mento,
318 409 563 465 permissum
580 409 631 450 ab
647 408 861 458 dictatore,
879 417 925 450 ut
941 408 993 450 de
1015 423 1115 465 pace
1137 408 1294 464 legatos
1314 409 1526 451 mitterent

150 465 340 508 Romam.
403 466 489 508 Pax
526 475 700 522 negata:
746 466 931 507 indutiae
967 467 1126 508 biennii
1161 466 1306 508 datae:
1352 466 1527 508 dictator

147 523 407 580 triumphans
441 524 485 564 in
520 525 665 566 urbem
701 524 836 566 rediit.
899 523 1048 565 Habeo
1084 532 1284 574 auctores,
1317 524 1406 565 sine
1441 524 1526 565 ullo

147 581 404 622 memorabili
438 581 597 638 proelio
632 591 819 638 pacatam
854 582 905 623 ab
942 582 1143 623 dictatore
1178 581 1387 623 Etruriam
1423 597 1524 631 esse,

146 637 419 681 seditionibus
469 648 631 681 tantum
672 639 965 682 Arretinorum
1005 640 1254 696 compositis,
1300 647 1343 680 et
1384 638 1526 680 Cilnio

145 710 298 752 genere
326 712 421 738 cnm
452 697 573 753 plebe
604 697 647 738 in
677 698 850 754 gratiam
881 697 1064 739 reducto.
1129 696 1289 739 Consul
1316 712 1368 738 ex
1396 696 1526 738 dicta-

147 762 240 795 tura
256 753 390 796 factus
412 754 472 796 M.
490 754 692 796 Valerius
757 754 857 796 Non
881 756 1107 811 petentem,
1129 764 1254 811 atque
1276 754 1380 795 adeo
1401 754 1525 796 etiam

145 811 373 862 absentem,
402 821 586 854 creatum
619 812 833 854 credidere
865 812 1062 868 quidam3
1097 824 1139 854 et
1170 827 1246 869 per
1277 812 1527 868 interregem

146 883 196 910 ea
218 870 386 911 comitia
402 870 519 911 facta.
572 869 623 911 Id
644 885 775 911 unum
796 885 882 911 non
903 870 1136 926 ambigitur,
1155 869 1414 911 consulatum
1431 885 1526 911 cum

147 926 360 983 Appuleio
382 927 518 969 Pansa
541 928 725 983 gessisse.

203 983 266 1026 M.
283 984 452 1027 Valerio
476 995 519 1026 et
543 985 595 1034 Q.
613 985 826 1042 Appuleio
847 985 1097 1035 consulibus,
1119 986 1216 1027 satis
1239 995 1407 1042 pacatae
1429 985 1526 1026 foris
1623 983 1660 1021 6-

145 1056 210 1084 res
230 1042 356 1084 fuere.
420 1042 642 1085 Etruscum
665 1043 835 1085 adversa
855 1043 953 1084 belli
978 1058 1042 1084 res
1067 1052 1109 1085 et
1129 1043 1315 1085 indutiae
1338 1043 1525 1100 quietum
1540 1039 1583 1071 U·
1601 1039 1639 1070 Ο·
1655 1047 1726 1078 45²·

147 1100 367 1142 tenebant:
395 1100 638 1151 Samnitem,
655 1100 879 1142 multorum
893 1116 1096 1142 annorum
1110 1101 1294 1142 cladibus
1307 1101 1524 1150 domitum,
1538 1083 1586 1156 ‘31'-
1599 1082 1730 1155 8213?ssss

145 1156 360 1199 hauddum
381 1158 558 1200 foederis
580 1159 676 1200 novi
698 1159 950 1216 poenitebat.
1000 1158 1160 1200 Romae
1177 1174 1344 1215 quoque
1361 1158 1527 1215 plebem
1540 1167 1581 1198 V.
1594 1167 1636 1215 Q.
1649 1168 1714 1207 Ap-

145 1215 330 1272 quietam
351 1224 394 1258 et
414 1227 682 1258 exoneratam
703 1216 884 1258 deducta
903 1216 946 1256 in
963 1216 1144 1258 colonias
1165 1216 1389 1258 multitudo
1410 1231 1528 1272 prae·
1540 1210 1742 1250 pu1e10C0ss.

145 1273 289 1315 stabat.
332 1273 509 1324 Tamen,
525 1290 579 1316 ne
601 1274 787 1331 undique
810 1273 1055 1330 tranquillae
1072 1289 1136 1316 res
1153 1283 1300 1323 essent,
1318 1283 1527 1315 certamen
1540 1281 1718 1329 Certamen.

144 1330 345 1372 iniectum
372 1331 481 1374 inter
507 1333 709 1389 primores
741 1332 930 1381 civitatis,
953 1332 1146 1388 patricios
1172 1331 1452 1388 plebeiosque,
1476 1332 1527 1372 ab
1540 1328 1622 1371 inter
1638 1327 1732 1396 {atlu-

146 1388 322 1430 tribunis
352 1389 484 1446 plebis
517 1390 570 1439 Q.
595 1399 637 1432 et
670 1390 751 1431 Cn.
772 1389 976 1446 Ogulniis.
1043 1389 1142 1439 Qui,
1175 1389 1361 1445 undique
1392 1389 1529 1431 erimi-
1540 1376 1743 1445 ζὲἰξᾱξεῖζ.

145 1446 380 1488 nandorum
422 1447 593 1490 Patrum
635 1448 746 1504 apud
788 1447 952 1504 plebem
992 1447 1276 1488 occasionibus
1318 1447 1528 1503 quaesitis,
1540 1451 1696 1483 cerdotiis.

145 1513 367 1561 postquam
388 1505 468 1547 alia
487 1505 638 1547 frustra
659 1514 817 1547 tentata
837 1514 968 1554 erant,
991 1520 1082 1546 cam
1107 1505 1313 1546 actionem
1338 1519 1529 1560 suscepe-

145 1571 256 1611 runt,
279 1577 362 1619 qua
383 1578 467 1604 non
489 1563 674 1605 infimam
696 1563 861 1620 plebem
882 1562 1170 1611 accenderent,
1193 1561 1266 1603 sed
1287 1561 1375 1618 ipsa
1394 1562 1530 1618 capita

145 1619 290 1676 plebis,
312 1620 547 1662 consulares
570 1620 922 1677 triumphalesque
948 1619 1157 1676 plebeios:
1191 1634 1369 1675 quorum
1397 1619 1528 1661 hono-

145 1677 259 1719 ribus
298 1677 415 1729 nihil,
452 1688 614 1735 praeter
652 1677 892 1728 sacerdotia,
929 1692 1035 1734 quac
1072 1677 1260 1718 nondum
1295 1677 1529 1734 promiscua

116 1744 276 1786 3erant,
299 1735 472 1778 deesset.
536 1736 813 1793 Rogationem
838 1750 936 1791 crgo
963 1734 1293 1792 promulgarunt,
1316 1744 1374 1785 ut,
1397 1750 1526 1791 quum

145 1802 343 1850 quattuor
362 1809 550 1851 augures,
572 1802 770 1850 quattuor
796 1793 1014 1850 pontifices
1040 1808 1090 1834 ea
1110 1801 1355 1849 tempestate
1377 1802 1526 1839 essent,

145 1850 411 1908 placeretque
447 1852 589 1909 augeri
623 1851 885 1893 sacerdotum
921 1865 1155 1900 numerum,
1193 1859 1390 1906 quattuor
1424 1866 1529 1907 pon-

115 1909 290 1959 4tifices,
327 1910 515 1966 quinque
556 1924 746 1965 augures,
788 1908 840 1949 de
882 1907 1002 1964 plebe
1043 1923 1200 1957 omnes,
1237 1908 1526 1963 allegerentur.

115 1965 519 2028 gQuemadmodum
564 1967 617 2008 ad
667 1974 864 2022 quattuor
912 1979 1116 2020 augurum
1168 1980 1402 2014 numerum,
1449 1966 1527 2006 nisi

148 2032 279 2065 morte
301 2024 493 2073 duorum,
520 2023 562 2064 id
590 2023 721 2080 redigi
750 2022 971 2078 collegium
1001 2022 1195 2078 potuerit,
1219 2037 1303 2062 non
1332 2022 1525 2066 invenio:

147 2143 179 2170 et
190 2137 363 2177 Sigoniani.
399 2137 506 2175 Vulgo
519 2138 790 2177 superas-lamium
805 2149 813 2165 .-

147 2182 233 2222 quod
251 2182 380 2212 sortasse
403 2180 553 2210 mendum
578 2184 624 2209 est
648 2188 814 2218 operarum

147 2235 206 2265 per
227 2224 344 2255 multas
365 2223 516 2262 deinceps
536 2221 701 2254 editiones,
719 2227 751 2250 ut
770 2222 815 2254 lit,

148 2271 370 2308 propagatum.
394 2268 499 2296 (Ὶικν.

192 2321 210 2351 3
234 2310 454 2350 Royaeionmn]
490 2308 585 2343 Quae
613 2312 720 2345 postea
749 2307 814 2336 Lex

149 2353 290 2394 Ogulnia
307 2357 418 2382 vocata
433 2357 488 2381 est.

192 2409 211 2436 4
235 2397 284 2428 De
305 2396 395 2436 plebe
421 2395 541 2431 omnes]
572 2392 734 2428 Quoniam
760 2402 812 2422 :iu-

148 2449 240 2478 aures
258 2437 387 2470 comitia
407 2437 555 2475 religione
572 2436 709 2475 quadam
733 2445 813 2473 rege-

149 2483 238 2519 bant,
253 2486 349 2522 atque
366 2480 533 2520 pontifices
551 2489 599 2509 reu
617 2488 730 2513 meras,
746 2488 812 2508 san-

149 2528 264 2562 emet
274 2523 433 2565 religiosas·
442 2521 717 2555 administrabant,
728 2530 813 2550 max-

149 2567 204 2598 imi
224 2566 377 2598 momenti
395 2570 461 2596 emt
489 2565 571 2605 plebi
596 2569 625 2593 ut
651 2563 757 2593 nalitus
774 2563 811 2593 acl

140 2610 261 2641 ¹horum
288 2619 419 2640 munera
445 2607 509 2638 auia
537 2611 669 2647 pateret,
687 2617 725 2635 ne
748 2606 814 2635 iura

149 2664 207 2684 sua
218 2653 324 2684 civilia
336 2651 572 2692 quodammodo
589 2648 813 2679 claudicarent.

194 2705 211 2736 5
227 2697 282 2726 Ad
292 2700 443 2737 qrmttuor
454 2704 613 2733 «myrarum
628 2702 792 2721 numerum
805 2692 811 2728 1

149 2739 218 2771 Cic.
231 2740 272 2770 de
287 2738 370 2778 Rep.
387 2737 417 2768 ii.
435 2747 464 2777 9.
484 2736 671 2769 Romulum,
687 2733 738 2773 qui
756 2733 812 2763 sibi

149 2785 254 2814 meent
275 2781 306 2812 in
329 2780 490 2820 aruspiciis,
505 2789 542 2809 cx
566 2776 697 2815 „iugulis
717 2776 812 2824 tribu-

151 2826 209 2855 bus
233 2824 374 2864 singulos
399 2826 563 2861 coopnume
586 2830 719 2857 iiiigurefl
742 2829 811 2849 nerl-

150 2867 212 2903 bit:
234 2877 356 2898 necnon
374 2865 516 2897 Numam
535 2873 637 2900 regem
655 2862 692 2892 nd
713 2861 812 2901 pri-‹ti-

151 2920 225 2940 num
258 2919 423 2940 numerum
455 2909 534 2936 duos
565 2915 698 2942 augure.-
728 2904 812 2934 iuldi·

861 2135 954 2170 disse,
977 2141 1007 2165 et
1031 2135 1126 2165 sacris
1148 2146 1165 2165 e
1194 2135 1372 2175 principum
1398 2146 1529 2166 numero

862 2178 1028 2217 pontifices
1039 2178 1178 2217 quinque
1196 2177 1396 2217 prm-fecisse:
1417 2179 1470 2208 scd
1488 2190 1525 2209 ex

862 2221 971 2251 horum
989 2231 1120 2251 numero
1134 2231 1231 2251 uuum
1247 2222 1424 2260 pontific-cm
1442 2232 1526 2252 mas·

860 2265 954 2293 imum
972 2263 1066 2294 fuiss-e
1090 2264 1199 2303 liquet,
1216 2263 1258 2293 ita
1279 2269 1311 2293 ut
1332 2268 1523 2294 tantummo-

860 2307 901 2336 do
914 2311 1063 2345 quattuor
1082 2308 1247 2346 pontifices
1263 2307 1394 2337 maiores
1411 2312 1524 2337 essent.

864 2349 948 2379 llinc
976 2350 1054 2379 falso
1081 2349 1201 2378 dictum
1229 2349 1352 2379 videtur
1374 2359 1458 2388 supr.
1484 2349 1524 2380 iv.

860 2404 887 2430 4.
911 2403 1051 2431 auynrcs
1079 2393 1209 2421 Romulo
1240 2396 1393 2430 rcytmnte
1423 2393 1526 2422 nullos

852 2436 968 2472 suisse-

901 2477 919 2506 (i
944 2478 1016 2507 Nisi
1040 2482 1135 2508 morte
1158 2478 1309 2515 duorum!
1347 2476 1525 2507 Niobnhrio

860 2519 877 2550 i.
904 2531 934 2550 n.
963 2529 1030 2559 773.
1062 2520 1165 2559 placet
1195 2519 1338 2559 putribus
1366 2519 1523 2550 minorum

858 2562 1012 2600 gentium,
1024 2562 1144 2592 scilicet
1159 2562 1342 2597 Luceribua,
1355 2572 1457 2601 neque
1471 2573 1523 2593 au-

858 2616 950 2642 gures
975 2616 1077 2644 neque
1105 2605 1270 2644 pontifices
1299 2604 1453 2635 hactenus
1478 2605 1522 2635 fu-

861 2648 936 2678 isse:
962 2647 1080 2687 quippe
1101 2648 1274 2678 Romulum
1297 2658 1333 2677 cx
1364 2648 1522 2678 Ramnen-

859 2691 938 2721 nium
963 2695 993 2720 et
1013 2690 1201 2720 'sitii-mium
1226 2690 1369 2720 tribubus
1390 2700 1524 2728 augures

859 2733 998 2771 singulo„
1023 2738 1199 2772 ψωρικῶν,
1222 2733 1336 2772 quibus
1361 2733 1441 2763 duna
1469 2734 1522 2764 ad-

859 2775 967 2806 iecisse
986 2776 1127 2806 Numam
1143 2787 1148 2806 :
1179 2775 1223 2806 itu
1244 2781 1277 2806 ut
1293 2780 1443 2815 «pinttuor
1458 2786 1522 2806 om-

860 2818 934 2849 niuo
950 2829 1082 2856 augures
1098 2819 1278 2850 evaderent.
1325 2818 1386 2849 Sed
1404 2819 1444 2849 de
1465 2818 1524 2849 ha«-

860 2872 891 2891 re
907 2862 1002 2891 udi-un
1017 2861 1147 2891 omnino
1166 2860 1321 2892 Niebuhr.
1340 2861 1358 2892 i.
1376 2872 1405 2892 n.
1425 2870 1494 2902 775.

1182 2950 1298 2987 ‹io‘Z
