1934 3211
591 544 670 604 T.
733 541 1010 604 LIVII
1075 540 1596 603 PATAVlNl

833 716 1178 768 LIBER
1261 715 1365 767 IX.

968 895 1023 898 ἡ
1079 886 1108 910 ,
1219 898 1225 899 ⁷

183 1042 226 1073 U.
245 1042 282 1072 C.
300 1051 371 1081 435·
487 1028 776 1078 EQUITUR
805 1028 918 1068 hunc
950 1041 1108 1067 annum
1140 1025 1291 1067 nobilis
1321 1025 1439 1067 clade
1463 1025 1658 1068 Romana
1680 1027 1794 1070 Cau-

181 1085 220 1114 A.
245 1085 282 1115 C·
302 1094 371 1125 319-
505 1088 606 1128 dina
620 1101 717 1143 pax,
735 1085 786 1126 T.
797 1084 976 1126 Veturio
996 1083 1188 1132 Calvino,
1214 1082 1283 1139 Sp.
1300 1082 1519 1124 Postumio
1540 1084 1791 1127 consulibus.

181 1126 220 1156 T.
236 1127 371 1156 Veturio
533 1146 541 1153 .
815 1143 822 1149 -
1304 1140 1312 1148 .
1603 1142 1626 1150 ..
1694 1143 1702 1150 .

181 1168 229 1198 Π,
248 1169 302 1207 Sp.
316 1170 376 1199 Po·
402 1145 608 1187 Samnltes
625 1159 675 1185 eo
689 1158 799 1184 anno
813 1149 1107 1198 imperatorem
1127 1140 1176 1181 C.
1188 1140 1403 1190 Pontium,
1420 1140 1630 1182 Herennu
1645 1143 1792 1192 filium,

179 1211 296 1240 stumio
314 1212 362 1242 H.
397 1203 647 1250 habuerunt,
664 1209 781 1257 patre
797 1199 920 1255 longe
937 1198 1263 1254 prudentissimo
1279 1207 1439 1247 natum,
1456 1199 1639 1254 primum
1655 1200 1792 1256 ipsum
1810 1219 1821 1239 1

178 1253 267 1284 0⁰³³·
396 1260 640 1301 bellatorem
661 1258 910 1313 ducemque.
973 1255 1028 1304 Is,
1050 1255 1121 1296 ubi
1142 1254 1281 1311 legati,
1304 1255 1378 1311 qui
1406 1255 1460 1296 ad
1487 1255 1702 1297 dedendas
1728 1272 1794 1297 res

180 1324 385 1355 PontiiSam-
398 1318 511 1358 missi
552 1324 683 1365 erant,
724 1330 827 1371 pace
867 1313 1022 1354 infecta
1061 1311 1290 1361 redierunt,
1343 1318 1355 1335 ‘
1372 1312 1440 1353 Ne
1481 1312 1588 1353 nihil
1627 1315 1794 1363 actum,'

179 1367 376 1398 nitisoratio,
397 1375 549 1430 inquit,
584 1380 595 1398 ‘
610 1374 688 1414 hac
710 1372 918 1428 legatione
940 1369 1156 1419 censeatis,
1178 1370 1395 1425 expiatum
1416 1378 1491 1420 est,
1514 1370 1719 1426 quicquid
1739 1385 1792 1412 ex

399 1432 595 1472 ‘foedere
623 1438 747 1486 rupto
774 1430 929 1470 irarum
956 1428 1001 1468 in
1028 1442 1104 1468 nos
1132 1427 1377 1468 coelestium
1401 1426 1491 1468 fuit.
1557 1426 1665 1468 Satis
1692 1428 1791 1478 scio,

398 1493 409 1511 ‘
425 1488 760 1543 quibuscumque
788 1486 868 1527 diis
895 1485 1011 1526 cordi
1034 1484 1125 1533 fuit,
1148 1484 1284 1540 subigi
1314 1499 1390 1524 nos
1421 1484 1475 1525 ad
1501 1484 1791 1526 necessitatem

398 1550 409 1568 ‘
425 1544 610 1585 dedendi
635 1559 714 1593 res,
736 1558 843 1598 quae
866 1558 890 1583 a
910 1542 1030 1583 nobis
1051 1557 1104 1582 ex
1124 1541 1291 1582 foedere
1318 1541 1519 1597 repetitae
1540 1541 1720 1592 fuerant,
1742 1542 1792 1583 iis

399 1607 410 1624 ‘
425 1616 511 1642 non
531 1601 655 1641 fuisse
685 1600 800 1640 cordi
827 1608 910 1639 tam
939 1599 1116 1653 superbe
1146 1599 1197 1639 ab
1220 1598 1424 1639 Romanis
1448 1598 1627 1639 foederis
1647 1599 1791 1655 expia-

399 1664 411 1682 ‘
428 1659 585 1699 tionem
607 1665 797 1713 spretam.
855 1655 973 1703 Quid
993 1655 1106 1695 enim
1128 1654 1238 1694 ultra
1257 1655 1349 1695 fieri
1369 1655 1422 1695 ad
1442 1655 1669 1710 placandos
1689 1656 1790 1697 deos

399 1721 410 1739 ‘
426 1714 764 1770 mitigandosque
795 1712 987 1754 homines
1016 1710 1167 1767 potuit,
1190 1725 1317 1765 quam
1342 1711 1457 1766 quod
1483 1727 1559 1752 nos
1584 1712 1790 1753 fecimus?

399 1772 515 1813 ‘Res
550 1772 733 1813 hostium
767 1770 812 1810 in
847 1768 1003 1825 praeda
1037 1775 1190 1823 captas,
1223 1782 1329 1822 quae
1365 1767 1465 1809 belli
1500 1768 1590 1809 iure
1625 1777 1789 1810 nostrae

399 1835 410 1853 ‘
426 1829 688 1877 videbantur,
709 1827 969 1868 remisimus:
1003 1833 1191 1866 auctores
1214 1824 1326 1874 belli,
1350 1825 1449 1881 quia
1467 1825 1583 1866 vivos
1607 1840 1693 1867 non
1714 1841 1789 1882 po—

398 1892 409 1910 ‘
425 1887 594 1935 tuimus,
616 1885 857 1941 perfunctos
883 1883 967 1923 iam
993 1882 1078 1923 fato
1109 1881 1372 1922 dedidimus:
1406 1883 1517 1923 bona
1546 1897 1706 1933 eorum,
1735 1898 1787 1925 ne

398 1949 409 1967 ‘
426 1943 529 1999 quid
556 1958 610 1983 ex
637 1941 886 1996 contagione
916 1955 1051 1980 noxae
1083 1946 1317 1979 remaneret
1342 1953 1472 1995 penes
1495 1954 1584 1989 nos,
1608 1939 1790 1981 Romam

397 2006 409 2024 ‘
424 2000 690 2055 portavimus.
757 1997 875 2045 Quid
895 1996 1005 2037 ultra
1025 1995 1113 2044 tibi,
1138 1995 1345 2045 Romane,
1368 1996 1472 2051 quid
1491 1996 1662 2046 foederi,
1685 1997 1789 2053 quid

397 2062 408 2080 ‘
424 2056 503 2097 diis
534 2055 696 2097 arbitris
725 2054 903 2095 foederis
924 2053 1091 2095 debeo?
1155 2052 1296 2100 Quem
1325 2053 1401 2094 tibi
1429 2062 1594 2094 tuarum
1618 2053 1787 2104 irarum,

397 2120 409 2137 ‘
425 2129 552 2170 quem
580 2127 769 2154 meorum
797 2110 1097 2167 suppliciorum
1116 2109 1300 2150 iudicem
1320 2109 1483 2151 feram?
1543 2110 1787 2161 Neminem,

395 2178 561 2226 ‘neque
593 2169 810 2226 populum,
842 2183 981 2223 neque
1014 2168 1236 2223 privatum,
1264 2166 1391 2222 fugio.
1457 2167 1586 2216 Quod
1617 2168 1652 2208 si
1682 2167 1818 2209 nihil2

395 2233 407 2251 ‘
423 2243 519 2268 cum
546 2227 780 2283 potentiore
809 2225 910 2266 iuris
937 2224 1112 2265 humani
1138 2224 1392 2279 relinquitur
1418 2224 1548 2280 inopi,
1572 2233 1615 2266 at
1634 2239 1713 2281 ego
1733 2225 1788 2266 ad

394 2284 522 2325 ‘deos
546 2283 734 2324 vindices
761 2281 1047 2323 intolerandae
1076 2280 1295 2336 superbiae
1323 2281 1588 2337 confugiam3
1622 2289 1666 2323 et
1691 2297 1787 2338 pre-

393 2342 557 2391 ‘cabor,
584 2350 632 2381 ut
661 2341 742 2381 iras
772 2353 865 2380 suas
889 2346 1054 2379 vertant
1085 2338 1130 2378 in
1159 2352 1243 2386 eOS,
1266 2337 1418 2392 quibus
1448 2352 1534 2378 non
1562 2353 1659 2379 suae
1690 2338 1786 2380 red-

392 2398 532 2439 ‘ditae
567 2413 645 2446 res,
680 2412 766 2437 non
802 2395 960 2437 alienae
997 2393 1281 2435 accumulatae
1318 2394 1415 2435 satis
1450 2394 1559 2444 sint3
1605 2410 1785 2451 quorum

393 2461 403 2479 ‘
419 2455 633 2496 saevitiam
654 2469 739 2494 non
768 2467 876 2493 mors
904 2452 1141 2500 noxiorum,
1163 2466 1248 2492 non
1269 2450 1429 2492 deditio
1450 2452 1784 2494 exanimatorum

392 2518 653 2567 ‘corporum,
676 2525 762 2550 non
791 2510 902 2550 bona
932 2508 1150 2564 sequentia
1180 2507 1341 2548 domini
1373 2508 1632 2550 deditionem
1666 2524 1784 2550 exsa-

393 2574 403 2592 ⁶
420 2569 552 2617 tient3
585 2566 740 2623 plac-ari
766 2566 839 2621 qui
870 2573 1096 2620 nequeant,
1122 2564 1201 2604 nisi
1229 2564 1508 2606 hauriendum
1536 2565 1783 2622 sanguinem

392 2625 698 2679 ‘laniandaque
738 2623 895 2663 viscera
933 2630 1073 2662 nostra
1111 2621 1434 2676 praebuerimus
1516 2621 1680 2663 Iustum
1720 2632 1782 2664 est

437 2785 446 2803 1
476 2776 576 2805 Putre
599 2776 690 2812 Ionye
710 2773 973 2812 prudentissimo]
1006 2771 1062 2801 Vi·
1152 2781 1167 2801 2
1197 2772 1288 2808 Quod
1316 2773 1344 2801 si
1374 2773 1460 2802 nihil
1486 2782 1558 2802 cum
1584 2773 1777 2811 potentiore]

389 2825 439 2844 ros
455 2815 509 2844 ille
526 2815 776 2854 sapientissimos
792 2818 995 2853 cognoverat,
1007 2815 1062 2844 Ar·
1110 2813 1209 2848 Quod
1225 2814 1249 2843 si
1267 2813 1346 2843 nihil
1363 2818 1410 2843 est
1427 2814 1526 2853 inopi⁷
1540 2813 1706 2843 infirmiori
1725 2814 1778 2842 ad-

389 2857 518 2894 chytam
546 2861 577 2885 et
606 2857 790 2892 Platonem,
817 2860 898 2886 teste
926 2855 993 2886 Cic.
1022 2856 1061 2886 de
1108 2865 1213 2885 versus
1238 2855 1452 2894 potentiorem
1477 2855 1623 2894 praesidii
1648 2855 1679 2884 in
1705 2854 1777 2891 legi—

389 2899 461 2928 Sen.
481 2907 528 2935 41.
554 2898 660 2927 (Ῐιῑιςν.
1106 2898 1164 2926 bus
1181 2897 1339 2928 humanis
1364 2897 1470 2927 Cnssv.
