1934 3211
22 3089 53 3211 ses·-

578 168 705 208 LIB.
740 166 818 208 111.
865 168 1012 208 CAP.
1047 172 1113 208 54.
1423 134 1427 139 Ι
1459 170 1541 208 203

155 261 167 279 ‘
182 263 230 296 ut
256 255 365 296 ultro
385 256 502 297 vobis
521 255 749 296 deferenda
772 255 927 296 fuerint
945 272 954 295 :
988 255 1169 296 libertati
1200 255 1313 295 enim
1344 270 1395 296 ea
1423 270 1542 310 prae-
1558 265 1602 296 U.
1618 266 1656 297 C.
1675 273 1747 305 305.

155 312 288 353 ‘sidia
316 312 470 368 petitis,
504 327 591 353 non
622 312 816 354 licentiae
849 312 904 353 ad
936 311 1244 368 impugnandos
1277 311 1387 352 alios.
1451 312 1542 354 Irae
1557 309 1596 339 A.
1619 309 1748 346 0447·

155 376 339 410 ‘vestrae
385 370 517 426 magis
562 370 879 425 ignoscendum,
922 385 1054 425 quum
1100 368 1407 424 indulgendum
1453 379 1539 409 est:

154 426 338 482 ‘quippe
375 427 448 482 qui
484 426 742 468 crudelitatis
778 427 875 468 odio
917 427 960 466 in
1001 425 1291 467 crudelitatem
1332 425 1465 474 ruitis,
1502 435 1542 466 et

154 483 296 540 ‘prius
316 499 464 540 paene,
487 499 614 540 quam
636 485 714 540 ipsi
736 484 855 526 liberi
877 484 977 533 sitis,
1000 484 1207 525 dominari
1230 484 1311 524 iam
1334 483 1378 522 in
1399 482 1544 523 adver-

154 541 308 582 ‘sarios
328 541 464 582 vultis.
528 541 818 597 Nunquamne
840 542 1029 598 quiescet
1058 541 1202 582 civitas
1230 550 1370 582 nostra
1397 555 1421 580 a
1448 555 1545 595 sup-

154 597 329 696 ‘lssliciiffi
358 607 430 640 aut
462 598 636 640 Patrum
669 600 713 640 in
745 599 912 655 plebem
947 599 1196 647 Romanam,
1231 608 1303 639 aut
1335 597 1469 654 plebis
1502 597 1544 637 in

153 661 167 680 ‘
220 656 359 697 atres?
411 655 540 698 Scuto
562 657 677 697 vobis
699 657 842 713 magis,
865 671 991 713 quam
1012 656 1164 712 gladio,
1187 671 1293 712 opus
1313 665 1385 696 est.
1437 653 1546 695 Satis

154 719 167 738 ‘
181 727 230 754 su
287 727 390 769 rque
412 713 582 755 humilis
603 723 678 764 est,
701 714 774 770 qui
795 714 883 756 iure
912 729 1048 770 aequo
1075 714 1119 754 in
1140 713 1308 754 civitate
1328 712 1444 761 vivit,
1466 727 1545 752 nec

154 769 226 810 ‘in
243 770 400 812 erendo
423 771 631 820 iniuriam,
654 786 732 812 nee
753 771 965 827 patiendo.
1030 770 1184 819 Etiam,
1207 770 1241 811 si
1262 769 1432 825 quando
1458 784 1546 810 me-

154 827 362 869 ‘tuendos
386 843 459 869 vos
486 828 715 884 praebituri
742 829 853 878 estis,
876 843 1020 884 quum,
1051 827 1303 883 reeuperatis
1331 826 1547 882 magistra-

155 890 167 909 ‘
182 884 293 926 tibus
313 884 560 941 legibusque
581 886 738 934 vestris,
761 885 916 926 iudicia
944 901 1072 941 penes
1092 900 1164 926 vos
1191 894 1315 926 erunt
1336 883 1388 924 de
1410 883 1545 939 eapite

155 947 167 966 ‘
182 951 324 983 nostro
345 943 631 999 fortunisque3
656 952 770 992 tunc,
793 952 839 984 ut
860 958 1052 999 quaeque
1074 957 1197 984 causa
1218 942 1308 991 erit,
1330 941 1543 982 statuetis:

155 1005 297 1041 ‘nunc
332 999 567 1041 libertatem
603 1001 736 1056 repeti
773 1001 869 1040 satis
902 1001 990 1041 ests
1051 999 1267 1048 Facerent,
1299 1009 1346 1039 ut
1375 997 1545 1047 vellent,
1629 997 1697 1035 54.

153 1057 496 1154 permittentibus
517 1059 690 1107 cunctis,
714 1073 811 1098 mox
841 1057 1047 1098 redituros
1075 1072 1117 1098 se
1147 1057 1271 1112 legati
1303 1056 1426 1096 rebus
1452 1070 1548 1111 per-

170 1114 273 1156 ectis
305 1114 523 1156 affirmant.
586 1114 767 1156 Profecti
797 1130 928 1170 quum
962 1114 1159 1155 mandata
1191 1113 1324 1170 plebis
1353 1113 1549 1154 Patribus

153 1172 457 1227 exposuissent,
489 1172 558 1213 alii
590 1172 828 1220 decemviri,
861 1171 1207 1227 qnandoquidem
1238 1179 1402 1226 praeter
1432 1185 1548 1225 spem

153 1229 341 1285 ipsorum
368 1229 561 1285 supplicii
595 1229 659 1270 sui
693 1229 807 1269 nulla
841 1229 998 1269 mentio
1027 1229 1159 1277 fieret,
1182 1228 1296 1268 haud
1321 1227 1549 1283 quiequam

154 1286 350 1327 abnuere.
396 1286 575 1342 Appius,
595 1287 700 1327 truci
724 1286 893 1342 ingenio
914 1295 956 1326 et
978 1285 1135 1326 invidia
1149 1286 1386 1341 praecipua,
1404 1284 1549 1324 odium

155 1343 200 1384 in
236 1358 278 1384 se
314 1343 489 1384 aliorum
526 1359 600 1384 suo
638 1343 680 1383 in
717 1359 787 1384 eos
824 1343 999 1384 metiens
1032 1343 1143 1391 odio,
1189 1341 1348 1382 ‘Haud
1380 1340 1551 1396 ignaros

155 1401 308 1456 inquit,
343 1400 563 1441 ‘imminet
586 1400 763 1441 fortuna.
826 1399 978 1449 Video,
1001 1399 1138 1440 donec
1166 1414 1281 1439 arma
1307 1398 1552 1438 adversariis

158 1463 170 1481 ‘
187 1457 416 1507 tradantur,
435 1457 591 1498 differri
615 1457 812 1498 adversus
833 1472 908 1497 nos
929 1466 1164 1497 certamen:
1188 1455 1353 1496 dandus
1369 1454 1551 1495 invidiae

159 1520 170 1539 ‘
186 1524 249 1556 est
268 1515 446 1570 sanguis.
511 1513 631 1555 Nihil
653 1529 705 1555 ne
735 1530 813 1569 ego
835 1513 1008 1569 quidem
1038 1528 1187 1562 moror,
1211 1528 1295 1568 quo
1317 1512 1456 1552 minus
1478 1511 1551 1552 de-

159 1572 416 1613 ‘cemviratu
448 1572 620 1620 abeam,’
682 1570 856 1612 Factum
889 1569 1311 1619 senatusconsultum,
1354 1575 1365 1592 ‘
1384 1568 1445 1610 Ut
1478 1568 1552 1609 de—

129 1651 140 1672 1
158 1635 170 1653 ‘
185 1629 354 1670 eemviri
376 1645 419 1670 se
441 1629 576 1684 primo
597 1643 767 1684 quoque
795 1638 982 1684 tempore
1011 1628 1255 1684 magistratu
1283 1626 1548 1668 abdicarent:

126 1692 170 1730 2‘
189 1686 243 1734 Q.
267 1685 417 1727 Furius
447 1686 638 1742 pontifex
670 1686 877 1726 maximus
908 1686 1097 1726 tribunos
1127 1684 1261 1741 plebis
1291 1692 1476 1725 crearet:
1511 1692 1553 1724 et

157 1748 238 1785 ‘ne
279 1744 347 1785 cui
387 1743 523 1784 fraudi
564 1752 672 1784 esset
713 1743 890 1784 secessio
932 1742 1113 1783 militum
1154 1741 1399 1798 plebisque.’
1473 1739 1553 1780 His

155 1800 525 1842 senatusconsultis
557 1800 764 1856 perfectis,
799 1799 970 1840 dimisso
1002 1809 1162 1848 senatu,
1197 1798 1423 1840 decemviri
1456 1813 1553 1853 pro-

155 1857 289 1900 deunt
324 1858 368 1898 in
401 1858 662 1906 concionem,
700 1857 980 1913 abdicantque
1017 1873 1060 1898 se
1098 1857 1355 1912 magistratu,
1389 1855 1552 1911 ingenti

155 1915 374 1957 hominum
404 1915 573 1957 laetitia.
638 1915 903 1956 Nuntiantur
931 1915 1034 1956 haec
1062 1914 1200 1971 plebi:
1235 1913 1406 1969 legatos,
1433 1912 1552 1968 quic-

188 1972 262 2014 uid
283 1973 326 2014 in
348 1973 450 2014 urbe
472 1972 692 2014 hominum
713 1982 942 2027 supererat,
967 1972 1244 2027 prosequitur.
1310 1970 1424 2011 Huic
1446 1968 1553 2009 mul-

158 2030 330 2070 titudini
354 2029 460 2070 laeta
481 2029 561 2070 alia
583 2030 703 2070 turba
724 2044 777 2069 ex
799 2029 943 2068 castris
969 2029 1175 2069 occurrit:
1209 2026 1554 2082 congratulantur

157 2086 393 2128 libertatem
415 2087 767 2142 concordiamque
800 2085 956 2125 civitati
988 2085 1232 2125 restitutam.
1296 2083 1446 2136 Legati
1478 2096 1553 2137 pro

157 2144 388 2184 concione:
443 2143 602 2190 ‘Quod
649 2144 820 2190 bonum,
864 2142 1057 2189 faustum,
1100 2140 1284 2196 felixque
1330 2140 1381 2179 sit
1423 2138 1550 2187 vobis,

160 2200 331 2256 ‘reique
363 2200 567 2256 publicae,
592 2200 723 2240 redite
759 2199 800 2239 in
836 2199 1010 2255 patriam
1044 2198 1095 2238 ad
1130 2207 1314 2253 penates,
1337 2196 1550 2251 coniuges,

160 2257 423 2313 ‘liberosque
466 2266 646 2298 vestros:
695 2256 781 2305 sed,
824 2272 907 2311 qua
949 2255 1015 2296 hic
1058 2254 1259 2295 modestia
1296 2253 1442 2301 fuistis,
1482 2252 1550 2292 ubi

160 2320 172 2339 ‘
188 2314 343 2356 nullius
364 2330 462 2369 ager
484 2315 524 2354 in
545 2323 603 2354 tot
628 2328 764 2354 rerum
788 2328 863 2353 usu
883 2312 1114 2353 necessario
1132 2321 1270 2352 tantae
1290 2309 1550 2350 multitudini

160 2377 250 2413 ‘est
277 2371 466 2421 violatus,
496 2386 587 2412 eam
621 2370 867 2411 modestiam
899 2370 1002 2411 ferte
1036 2370 1078 2409 in
1111 2369 1268 2409 urbem.
1335 2367 1383 2406 ln
1408 2367 1553 2406 Aven-

160 2429 324 2470 ‘tinum
354 2429 423 2478 ite,
447 2429 559 2469 unde
589 2428 762 2492 profecti
792 2428 901 2468 estis,
968 2426 1028 2467 Ibi
1058 2425 1168 2466 felici
1192 2425 1295 2470 loco,
1321 2423 1388 2464 ubi
1420 2423 1555 2478 prima

160 2486 309 2527 ‘initia
330 2486 555 2527 inchoastis
578 2485 778 2526 libertatis
799 2494 972 2533 vestrae,
996 2484 1184 2525 tribunos
1210 2482 1320 2537 plebi
1347 2479 1552 2521 creabitis,

208 2618 217 2639 ι
246 2608 460 2644 Abdicarentl
501 2607 637 2646 Quippe
671 2606 831 2642 mugistm-
878 2606 975 2635 (Ὄτυ.
991 2605 1230 2641 Ι·ἠιμιιι.ι1ει·εηι
1244 2605 1388 2633 tribunos
1402 2612 1462 2641 per
1477 2612 1555 2640 pon-

161 2656 229 2681 tum
252 2650 503 2680 decemvirorum
524 2649 656 2678 ommno
681 2659 743 2678 non
766 2648 831 2677 lini—
879 2649 1005 2685 tisim-m.
1021 2647 1104 2686 quud
1120 2647 1326 2684 moymarius
1348 2644 1458 2673 nullu-s
1473 2648 1556 2679 erae,

161 2698 229 2723 tum
247 2692 343 2722 suinae
359 2691 522 2721 existinmt
540 2691 687 2725 Niebhr„
704 2690 754 2720 cui
772 2690 832 2719 hoc
876 2693 1078 2719 creaverunt.
1121 2686 1300 2717 Niebuhr-io
1319 2686 1444 2716 videtur
1460 2684 1552 2716 inter-

160 2734 414 2766 decemvimrum
441 2733 610 2770 mlh-aium
636 2732 768 2762 omnino
792 2732 833 2761 ul»
877 2730 974 2760 suim-
991 2729 1129 2759 comitiis
1145 2728 1272 2759 tributis
1293 2727 1437 2768 pontifex
1456 2722 1557 2758 maxi:

160 2777 218 2808 illo
249 2776 352 2816 priore
379 2775 533 2805 ‹limimile
565 2773 659 2804 fuisse
692 2773 832 2803 videtur:
883 2783 964 2805 mus,
978 2778 1008 2801 nt
1025 2771 1077 2809 qui
1095 2773 1316 2801 ann-toritatem
1332 2775 1462 2810 patrum
1481 2779 1556 2808 prae

160 2818 282 2850 scilicet
314 2818 393 2848 illud
422 2817 544 2853 legibus
567 2815 753 2848 scrilnmdin.
777 2815 836 2844 lio(-
882 2825 914 2843 se
932 2815 1037 2846 ferri-t.
1052 2819 1107 2843 nut
1125 2813 1178 2852 qni
1198 2815 1294 2851 lenam
1316 2813 1475 2843 ruriculam
1492 2822 1554 2850 qun

161 2860 376 2900 exsequendis
392 2863 544 2889 cremum.
884 2857 1064 2886 trilnnmtnn
1090 2855 1191 2895 plebis
1215 2856 1360 2886 subintus
1384 2859 1465 2891 emt,
1488 2854 1557 2892 ipse

207 2913 221 2933 2
251 2903 405 2940 l'ontism·
444 2902 618 2937 rnusimml
675 2898 742 2931 (Ἲς.
784 2909 839 2937 pro
883 2899 1058 2935 abrogaret.
