1934 3211
150 282 195 314 U.
212 283 251 314 C.
268 294 340 323 4²²·

149 326 189 356 A.
214 327 252 358 C.
271 337 341 375 339.

150 368 198 399 M.
208 369 358 410 Papirius

149 410 296 444 dictator.

150 699 338 730 Alexander

149 740 326 781 Epirensis,

148 982 264 1012 Novae
279 981 331 1012 tri-

144 1025 216 1061 bus,
228 1024 355 1056 Maecia

146 1070 178 1097 et
194 1067 335 1107 Scaptia.

222 1312 286 1350 18.

150 1367 194 1397 U.
211 1368 248 1398 C.
266 1377 337 1407 423.

151 1411 186 1439 A.
211 1410 248 1440 C.
267 1419 339 1450 3²9-

147 1452 194 1482 M.
203 1453 354 1490 Claudio,

146 1495 184 1524 (J.
198 1494 329 1525 Valerio

147 1538 235 1568 Coss.

148 1715 315 1746 Veneficia

146 1762 305 1788 matrona-

146 1811 228 1832 rum.

365 188 449 230 472
882 188 1031 230 ΤΙΤΙ
1071 188 1251 230 LIVII

370 277 629 334 Tranquillis
659 280 796 330 rebus,
817 280 927 322 fama
951 281 1105 322 Gallici
1124 281 1224 323 belli
1244 296 1320 337 pro
1346 280 1531 321 tumultu
1550 277 1694 328 valuit,
1716 284 1764 318 ut
1779 295 1792 316 1

370 335 618 377 dictatorem
647 337 730 378 dici
759 338 955 393 placeret.
1018 338 1171 380 Dictus
1203 338 1264 379 M.
1285 338 1478 394 Papirius
1511 335 1698 385 Crassus,
1721 342 1795 376 etz

371 394 567 449 magister
594 395 786 451 equitum
814 395 862 437 P.
878 395 1071 437 Valerius
1096 396 1325 437 Publicola.
1388 396 1431 436 A
1453 395 1606 451 quibus
1631 407 1764 449 quum

369 450 558 492 delectus
578 451 794 502 intentius,
813 468 939 508 quam
961 453 1157 494 adversus
1181 454 1361 494 finitima
1380 453 1501 502 bella,
1523 452 1762 499 haberetur,

369 508 653 564 exploratores
685 510 798 551 missi
839 510 1082 560 attulerunt,
1118 511 1261 566 quieta
1295 511 1436 552 omnia
1471 509 1584 566 apud
1618 507 1764 549 Gallos

369 580 469 606 esse.
535 566 753 607 Samnium
776 583 945 622 quoque
974 568 1057 607 iam
1078 568 1255 608 alterum
1277 583 1435 608 annum
1464 566 1620 608 turbari
1645 564 1764 606 novis

369 623 552 664 consiliis
584 633 823 679 suspectum
860 634 970 664 erat:
1015 639 1065 665 eo
1105 640 1159 665 ex
1194 640 1294 680 agro
1333 624 1520 665 Sidicino
1555 622 1765 665 exercitus

369 679 589 721 Romanus
621 696 707 721 non
740 690 803 721 est
838 681 1055 722 deductus.
1122 680 1324 722 Ceterum
1363 681 1571 722 Samnites
1605 679 1764 721 bellum

369 737 605 778 Alexandri
640 737 855 792 Epirensis
891 738 935 778 in
972 738 1166 779 Lucanos
1199 739 1348 779 traxit:
1392 739 1466 794 qui
1501 738 1586 779 duo
1618 735 1764 793 populi

369 794 564 834 adversus
595 809 750 849 regem,
780 795 1099 836 exscensionem
1130 811 1155 836 a
1184 795 1335 836 Paesto
1365 795 1603 843 facientem,
1636 793 1795 850 signisg

368 850 527 891 collatis
557 862 864 907 pugnaverunt.
928 852 992 893 Eo
1024 853 1251 893 certamine
1283 853 1472 909 superior
1505 851 1764 900 Alexander,

367 908 576 949 incertum
599 924 682 964 qua
702 909 786 950 fide
814 909 1014 959 culturus,
1037 911 1071 951 si
1092 910 1267 966 perinde
1290 919 1428 951 cetera
1453 908 1763 966 processissent,

367 979 514 1021 pacem
550 981 647 1006 cum
683 966 886 1007 Romanis
920 967 1030 1008 fecit.
1095 967 1258 1009 Eodem
1299 983 1411 1008 anno
1447 981 1596 1008 census
1635 974 1764 1014 actus,

368 1023 550 1078 novique
583 1023 693 1064 cives
714 1025 851 1065 censi:
886 1025 1017 1065 tribus
1048 1035 1219 1080 propter
1249 1040 1320 1066 eos
1341 1024 1507 1065 additae
1530 1023 1699 1064 Maecia
1722 1032 1797 1069 et4

371 1079 556 1136 Scaptia:
591 1096 784 1121 censores
817 1082 1073 1123 addiderunt
1108 1082 1161 1130 Q.
1181 1082 1390 1123 Publilius
1418 1081 1557 1131 Philo,
1593 1080 1662 1137 Sp.
1682 1080 1765 1122 Po-

366 1138 555 1178 stumius.
620 1137 803 1179 Romani
825 1139 923 1180 facti
946 1139 1163 1189 Acerrani,
1186 1140 1278 1195 lege
1310 1140 1362 1180 ab
1384 1139 1433 1180 L.
1453 1138 1624 1195 Papirio
1644 1153 1765 1194 prae·
1778 1156 1795 1187 5

367 1204 456 1236 tore
489 1194 583 1244 lata,
614 1210 698 1250 qua
725 1196 869 1236 civitas
900 1197 989 1236 sinc
1022 1197 1219 1252 suffragio
1247 1197 1355 1238 data.
1420 1195 1539 1238 Haec
1571 1211 1621 1238 eo
1652 1211 1764 1237 anno

366 1252 481 1293 domi
504 1252 762 1308 militiaeque
784 1262 913 1309 gesta.

425 1309 591 1350 Foedus
605 1310 832 1365 insequens
849 1326 983 1352 annus
997 1326 1070 1352 scu
1092 1311 1341 1367 intemperie
1358 1311 1476 1361 coeli,
1492 1326 1566 1352 seu
1580 1311 1767 1352 humana

365 1367 510 1408 fraude
548 1367 640 1416 fuit,
674 1367 736 1408 M.
757 1367 938 1409 Claudio
980 1368 1199 1418 Marcello,
1234 1369 1284 1409 C.
1304 1368 1474 1409 Valerio
1509 1368 1761 1409 consulibus.

367 1424 564 1465 Flaccum
585 1424 861 1480 Potitumque
883 1426 994 1466 varie
1017 1426 1062 1466 in
1083 1426 1303 1467 annalibus
1324 1441 1560 1482 cognomen
1581 1425 1764 1466 consulis

366 1481 559 1522 invenio:
594 1490 793 1531 ceterum,
817 1483 860 1523 in
889 1498 951 1532 co,
974 1483 1091 1538 parvi
1116 1483 1253 1532 refert,
1277 1483 1381 1539 quid
1408 1483 1495 1524 veri
1524 1483 1587 1524 sit.
1650 1481 1764 1523 Illud

365 1538 580 1593 pervelim,
608 1539 706 1593 (nec
738 1554 883 1580 onmes
917 1548 1106 1581 auctores
1137 1540 1254 1595 sunt)
1281 1541 1495 1596 proditum
1521 1540 1625 1581 falso
1660 1555 1762 1590 esse,

364 1595 538 1635 venenis
551 1595 804 1650 absumptos⁹
821 1612 999 1651 quorum
1017 1613 1127 1638 mors
1141 1597 1340 1639 infamem
1355 1613 1512 1639 annum
1526 1597 1765 1653 pestilentia
1775 1606 1796 1638 6

364 1652 521 1692 fecerit.
588 1651 705 1692 Sic-ut
730 1653 923 1707 proditur
949 1663 1090 1694 tamen
1122 1670 1199 1703 res,
1222 1671 1276 1696 ne
1299 1656 1366 1696 cui
1395 1664 1614 1696 auctorum
1634 1654 1764 1695 fidem

366 1708 665 1764 abrogaverim,
708 1710 961 1764 exponenda
1000 1720 1074 1751 est.
1153 1712 1299 1759 Quum
1340 1713 1544 1767 primores
1585 1711 1764 1752 civitatis

365 1766 569 1807 similibus
605 1765 773 1815 morbis,
808 1767 1043 1822 eodemque
1080 1767 1210 1808 ferme
1244 1783 1389 1809 omnes
1422 1776 1590 1817 eventu,
1627 1783 1762 1809 more-

364 1831 530 1872 rentur3
565 1822 715 1863 ancilla
735 1823 944 1879 quaedam
965 1824 1019 1865 ad
1044 1823 1097 1872 Q.
1122 1824 1299 1865 Fabium
1321 1824 1562 1866 Maximum
1583 1825 1760 1866 aedilem
1777 1839 1794 1873 7

410 1972 421 1992 1
448 1963 516 1992 Pro
539 1962 697 1999 tumultu]
734 1961 845 1999 Aeque
872 1971 910 1991 ac
938 1960 962 1990 si
989 1964 1037 1990 tu-

363 2005 485 2034 multus
498 2008 589 2034 essct.
622 2004 675 2033 De
688 2005 828 2033 tumultu
841 2003 880 2033 cf.
889 2013 973 2042 supr.
987 2003 1037 2033 vii.

364 2057 383 2086 9
409 2099 425 2118 2
443 2090 558 2119 Dictus
570 2089 789 2127 ALPapio-ius
802 2088 954 2126 Crassus]
974 2088 1039 2117 An-

364 2131 396 2161 ni
421 2130 534 2169 integri
558 2130 722 2161 historiam
748 2141 821 2161 cum
842 2130 1039 2167 consulibus,

365 2174 401 2204 L.
418 2173 549 2212 Papirio
566 2173 704 2203 Cursore
720 2179 752 2203 ct
768 2173 804 2204 C.
823 2172 969 2202 Poetelio
988 2173 1038 2202 Li-

364 2216 446 2245 bone
468 2226 546 2254 quos
570 2215 698 2245 Solinus
717 2225 765 2254 32.
785 2218 953 2249 memorat.
969 2214 999 2244 h.
1018 2215 1038 2245 l.

364 2258 396 2287 in
414 2257 519 2292 Livio,
540 2257 573 2287 in
596 2257 741 2287 Diodoro
762 2256 897 2295 aliisque
919 2256 1040 2286 deside-

362 2299 436 2336 rari,
459 2304 570 2329 monet
587 2299 680 2339 Pigh.
701 2299 734 2328 in
752 2299 870 2329 Annal.
887 2299 928 2328 ad
947 2299 990 2329 U.
1003 2299 1040 2329 C.

364 2352 435 2380 421.
449 2342 504 2371 sed
520 2352 641 2371 annum
655 2341 865 2379 consulesque
880 2340 953 2369 illos
964 2344 1039 2370 ante

367 2393 413 2423 19.
422 2383 492 2413 infr.
501 2383 752 2422 interponendos
762 2386 871 2413 censet
878 2382 1038 2412 Dodwell.

363 2426 402 2456 de
419 2426 511 2465 Cycl.
529 2426 614 2455 Diss.
631 2436 662 2456 x.
680 2426 696 2462 ξ
713 2425 761 2464 78,
776 2432 822 2465 79.
847 2425 933 2455 Rnp.

405 2478 423 2507 3
445 2469 695 2498 Eoescensionem
710 2478 730 2497 α
743 2468 877 2504 Paesto]
898 2466 1038 2496 Exscen-

360 2510 483 2540 sionem
504 2509 536 2539 in
554 2509 731 2540 Luc-aniam
756 2509 796 2539 ab
818 2519 856 2538 ea
878 2512 967 2547 parte
983 2510 1038 2538 ubi

362 2552 517 2582 Paestum
543 2555 599 2582 est.
646 2551 698 2581 Sic
721 2554 753 2581 et
774 2550 845 2580 infr.
873 2550 962 2580 xxxi.
988 2561 1036 2588 ²4·

361 2595 412 2624 Ab
425 2595 546 2634 Dipylo
560 2594 706 2624 accessit:
726 2592 759 2622 id
776 2596 834 2629 est,
850 2592 982 2622 accessit
998 2593 1039 2622 ad

362 2637 487 2673 urbem,
503 2636 649 2666 Athenas
666 2644 796 2673 nempe,
811 2636 851 2664 ab
875 2644 913 2664 ea
936 2638 1038 2673 parte,

363 2688 427 2716 qua
442 2682 535 2717 porta
546 2678 603 2708 illa
615 2681 674 2714 est,
686 2687 768 2716 quae
780 2677 966 2716 appellatur
978 2676 1035 2706 Di-

362 2720 473 2759 pylon.
498 2720 537 2750 cf.
554 2730 638 2759 supr.
657 2729 684 2758 3.

405 2773 423 2798 4
445 2763 577 2792 Maecia
592 2767 623 2792 et
636 2762 786 2800 Scaptia]
821 2761 969 2799 Utraque
990 2771 1034 2791 re-

359 2802 411 2839 gio
427 2802 459 2832 in
477 2804 594 2833 Latino
610 2814 694 2843 agro.
740 2804 873 2833 Maecia
888 2813 908 2832 a
923 2806 1035 2833 monte

361 2843 488 2873 Maecio
504 2855 589 2884 supr.
602 2845 641 2876 vi.
657 2855 683 2875 2.
695 2845 783 2875 haud
800 2845 912 2883 procul
927 2845 1033 2874 Lanu-

360 2883 422 2920 vio,
446 2885 543 2921 dicta,
565 2888 709 2926 Scaptia,
739 2897 759 2916 a
786 2886 917 2925 Scaptio
944 2887 1034 2923 urbe,

360 2935 456 2964 quam
475 2927 654 2958 Crevierius
671 2927 807 2958 vicinam
826 2929 916 2959 Pedo
936 2928 1034 2959 fuisse

1083 1960 1255 1991 existimat.
1285 1960 1430 1990 Velitrae
1443 1959 1476 1990 in
1489 1959 1621 1999 Scaptia
1633 1959 1761 2000 regione

1084 2007 1186 2039 erant,
1203 2003 1326 2042 quippe
1344 2013 1422 2041 gens
1438 2002 1577 2032 Octavia
1594 2002 1761 2041 Scaptien-

1084 2045 1137 2081 sis‚
1154 2050 1185 2075 et
1203 2046 1316 2075 cadem
1331 2044 1466 2075 Velitris
1485 2044 1564 2075 olim
1586 2044 1762 2084 praecipua

1085 2091 1162 2118 erat.
1188 2088 1320 2118 Sueton.
1336 2087 1418 2126 Aug.
1429 2087 1449 2117 i.
1463 2096 1513 2125 40.
1557 2086 1630 2117 Iam
1644 2096 1761 2117 novem

1085 2134 1116 2160 et
1134 2129 1244 2170 viginti
1261 2129 1362 2159 tribus
1376 2130 1481 2159 factae
1497 2132 1582 2159 sunt.

1128 2181 1144 2211 5
1161 2173 1341 2209 Acerrani]
1363 2172 1432 2207 Qui
1448 2171 1532 2201 inter
1546 2170 1762 2211 municipales

1085 2214 1200 2253 optimi
1224 2214 1301 2244 iuris
1324 2224 1398 2244 cum
1420 2213 1601 2244 Formianis
1623 2217 1655 2244 et
1674 2214 1762 2244 Fun-

1086 2257 1177 2287 danis
1193 2266 1278 2296 supr.
1296 2266 1342 2294 14.
1359 2266 1378 2286 a
1394 2256 1492 2286 Festo
1508 2265 1760 2287 commemoran-

1086 2302 1147 2329 tur.

1128 2340 1146 2371 6
1178 2342 1313 2372 Venenis
1335 2341 1532 2380 absumptos]
1568 2339 1677 2380 Digna
1691 2340 1760 2379 qui—

1085 2383 1158 2412 dem
1175 2382 1388 2413 admiratione
1403 2383 1483 2413 haec
1499 2382 1649 2419 narratio,
1662 2392 1759 2421 quam

1085 2425 1118 2454 N
1121 2425 1285 2455 iebuhrius
1301 2425 1476 2464 praeteriit,
1491 2428 1588 2464 atque
1608 2424 1664 2454 alii
1687 2425 1758 2464 plu-

1084 2477 1133 2496 res
1149 2466 1317 2506 scriptores
1332 2468 1562 2506 neglexerunt:
1585 2467 1641 2496 sed
1654 2467 1694 2497 de
1707 2477 1759 2497 ve-

1082 2508 1205 2539 neficiis
1234 2508 1447 2539 foeminarum
1478 2519 1529 2540 an.
1556 2518 1627 2548 572.
1653 2509 1696 2540 U.
1719 2509 1757 2541 C.

1082 2551 1169 2580 haud
1194 2551 1291 2581 dubie
1312 2551 1514 2589 quaestiones
1535 2551 1661 2581 Romae
1684 2556 1759 2581 sunt

1083 2593 1224 2630 habitae,
1241 2593 1279 2622 cf.
1296 2593 1367 2623 infr.
1384 2593 1428 2622 xl.
1444 2600 1492 2632 37.
1510 2597 1542 2623 et
1558 2593 1667 2623 clades
1682 2593 1758 2623 huic

1084 2645 1239 2673 perquam
1262 2634 1375 2665 similis
1399 2635 1526 2665 Romae
1547 2635 1585 2665 A.
1603 2635 1646 2665 D.
1667 2634 1757 2675 1659.

1080 2676 1234 2706 accidisse
1266 2680 1473 2707 memoratur.
1512 2677 1550 2708 cf.
1576 2676 1756 2708 Beckman.

1082 2718 1169 2749 Hist.
1188 2719 1316 2749 Invent.

1127 2768 1142 2799 7
1167 2762 1203 2797 Q.
1219 2762 1357 2791 Fabium
1372 2762 1575 2799 Ivlaoeimum]
1607 2761 1670 2791 Per
1684 2771 1755 2800 pro-

1080 2802 1196 2841 lepsim
1224 2803 1364 2833 Fabium
1389 2803 1451 2832 hoc
1474 2803 1547 2833 loco
1570 2805 1754 2833 Maximum

1079 2844 1141 2874 dici
1154 2849 1265 2874 monet
1279 2844 1655 2884 Glareanus‚cogn0men
1668 2843 1753 2873 enim

1078 2888 1222 2916 Maoeimi
1248 2886 1280 2916 in
1309 2896 1442 2916 censura
1466 2887 1596 2917 demum
1620 2886 1648 2916 ei
1673 2884 1752 2915 indi-

1078 2933 1150 2958 tum
1167 2932 1222 2959 cst.
1255 2928 1295 2961 cf.
1311 2928 1384 2959 infr.
1399 2928 1442 2959 ix.
1460 2927 1511 2966 46-
