1934 3211
527 174 664 224 LIB.
698 173 823 215 VIII.
871 173 1017 215 CAP.
1056 178 1119 216 19.
1445 175 1530 217 473

134 264 335 314 curulem,
362 264 647 305 indicaturum
678 279 721 306 se
752 279 920 306 causam
950 264 1148 321 publicae*
1175 264 1317 320 pestiS,
1349 265 1533 321 professa

133 330 209 370 est,
231 322 264 362 si
292 322 344 362 ab
364 336 414 362 eo
435 321 541 362 fides
561 322 641 363 sibi
661 322 759 363 data
779 331 900 372 esset,
917 321 1033 363 haud
1051 322 1241 363 futurum
1263 337 1399 363 noxae
1422 323 1532 363 indi-

133 378 257 419 cium.
325 377 478 420 Fabius
518 379 739 421 confestim
774 395 863 421 rem
904 380 958 421 ad
999 379 1204 428 consules,
1247 379 1439 420 consules
1479 379 1534 420 ad

133 442 325 476 senatum
355 435 564 477 referunt:
609 452 902 493 consensuque
934 437 1093 479 ordinis
1123 436 1229 477 fides
1260 436 1392 477 indici
1422 436 1532 476 data.

135 492 249 533 Tum
279 493 547 548 patefactum,
571 494 767 536 muliebri
787 494 934 536 fraude
966 495 1180 536 civitatem
1211 494 1358 550 premi,
1382 502 1536 534 matro-

133 563 292 605 nasque
329 565 379 591 ea
407 566 571 593 venena
603 567 810 608 coquere,
843 561 898 602 et,
928 552 962 593 si
994 552 1114 608 sequi
1147 551 1361 607 externplo
1389 550 1534 599 velint,

133 607 357 649 manifesto
377 608 640 665 deprehendi
663 625 792 666 posse.
859 610 1002 652 Secuti
1023 610 1223 659 indicem,
1241 618 1284 650 et
1304 617 1536 664 coquentes

134 665 337 720 quasdam
354 667 675 718 medicamenta,
690 677 733 709 et
752 668 971 709 recondita
991 667 1082 717 alia,
1096 667 1361 708 invenerunt.
1428 665 1537 714 Qui-

133 721 212 763 bus
247 723 292 764 in
326 723 463 765 forum
496 724 658 775 delatis,
696 734 739 766 et
771 726 824 766 ad
855 725 1005 781 viginti
1042 724 1254 774 matronis,
1287 723 1401 780 apud
1433 737 1537 779 quas

135 779 399 836 deprehensa
419 791 551 831 erant,
566 798 642 838 per
656 783 859 823 viatorem
881 782 1036 830 accitis,
1054 782 1162 823 duae
1181 797 1234 823 ex
1255 781 1318 830 iis,
1337 780 1538 823 Cornelia

135 851 183 878 ac
208 836 365 894 Sergia,
388 840 588 894 patriciae
621 850 798 894 utraque
819 839 970 895 gentis,
993 854 1126 894 quum
1158 854 1208 879 ea
1228 839 1539 880 medicamenta

135 894 318 936 salubria
330 911 418 937 esse
428 895 749 945 contenderent,
759 897 810 937 ab
824 897 1069 937 confutante
1083 896 1224 936 indice
1238 896 1380 937 bibere
1390 896 1538 945 iussae,

137 960 185 993 ut
197 967 240 994 se
253 952 404 994 falsum
417 961 700 994 commentam
714 962 938 1009 arguerent
951 969 962 1002 3
996 953 1129 1009 spatio
1144 953 1196 994 ad
1211 952 1540 1008 colloquendum

137 1019 318 1066 sumpto,
342 1026 487 1067 quum,
511 1020 720 1052 summoto
734 1010 904 1067 populo,
922 1011 967 1051 in
989 1019 1216 1066 conspectu
1240 1010 1430 1051 omnium
1451 1025 1540 1051 rem

138 1067 193 1108 ad
223 1076 382 1109 ceteras
417 1068 679 1118 retulissent3
722 1068 838 1109 haud
873 1068 1156 1110 abnuentibus
1191 1076 1234 1109 et
1270 1067 1350 1108 illis
1382 1067 1539 1117 bibere,

138 1134 265 1180 epoto
286 1125 607 1176 medicamento,
627 1137 790 1167 suamet
810 1126 923 1182 ipsae
944 1125 1090 1167 fraude
1113 1140 1259 1167 omnes
1276 1125 1538 1166 interierunt.

141 1182 486 1239 Comprehensae
509 1183 723 1240 extemplo
741 1199 884 1225 earum
902 1184 1076 1225 comites
1093 1198 1295 1239 magnum
1317 1197 1541 1223 numerum

139 1248 425 1282 matronarum
440 1241 752 1283 indicaverunt:
784 1257 837 1282 ex
852 1242 1006 1297 quibus
1020 1241 1073 1282 ad
1087 1250 1258 1282 centum
1275 1240 1543 1296 septuaginta

139 1297 375 1340 damnatae.
439 1298 594 1355 Neque
631 1299 684 1340 de
716 1299 930 1341 veneficiis
965 1309 1062 1340 ante
1100 1314 1193 1340 eam
1229 1298 1344 1339 diem
1378 1297 1541 1339 Romae

140 1356 379 1412 quaesitum
419 1365 493 1398 est.
556 1357 747 1413 Prodigii
788 1373 837 1398 ea
872 1372 938 1399 res
978 1357 1070 1398 loeo
1110 1356 1277 1405 habita3
1326 1355 1542 1411 captisque

141 1413 273 1469 magis
304 1414 527 1464 mentibus,
555 1430 683 1470 quam
714 1414 1018 1464 consceleratis,
1042 1414 1188 1455 similis
1215 1413 1313 1454 visa.
1379 1412 1543 1468 Itaque,

110 1471 345 1512 Smemoria
369 1487 423 1513 ex
455 1472 674 1513 annalibus
706 1473 895 1528 repetita,
919 1473 963 1513 in
993 1471 1296 1513 secessionibus
1327 1470 1543 1526 quondam

110 1527 277 1585 9plebis
314 1529 478 1570 clavum
515 1530 566 1571 ab
605 1530 807 1571 dictatore
840 1530 987 1579 fixum,
1019 1529 1303 1584 alienatasque
1336 1526 1546 1568 discordia

144 1594 307 1627 mentes
324 1586 543 1628 homiuum
558 1603 608 1629 co
626 1587 792 1644 piaculo
809 1595 1024 1643 compotes
1037 1586 1101 1626 sui
1117 1586 1276 1634 fecisse,
1291 1585 1541 1626 dictatorem

143 1643 249 1684 clavi
263 1644 422 1700 figendi
444 1660 568 1686 causa
588 1645 717 1686 creari
739 1645 908 1700 placuit.
975 1643 1154 1685 Creatus
1178 1642 1259 1684 Cn.
1283 1641 1544 1690 Quinctilius

143 1701 387 1756 magistrum
429 1702 623 1757 equitum
657 1702 706 1743 L.
727 1702 945 1744 Valerium
981 1701 1112 1743 dixit:
1156 1701 1244 1756 qui,
1286 1700 1372 1741 fixo
1412 1699 1544 1749 clavo,

143 1759 388 1813 magistratu
409 1775 451 1800 sc
478 1759 788 1801 abdicaverunt.

117 1827 128 1848 ¹
205 1813 348 1858 Creati
371 1816 563 1857 eonsules
595 1816 644 1857 L.
663 1816 858 1872 Papirius
891 1815 1067 1856 Crassus
1099 1815 1266 1865 iterum,
1290 1815 1339 1856 L.
1356 1815 1548 1856 Plautius

114 1884 130 1904 2
145 1872 311 1915 Venno.
378 1873 514 1915 Cuius
535 1873 742 1929 principio
760 1873 860 1914 anni
882 1872 1008 1929 legati
1030 1888 1085 1914 ex
1101 1872 1266 1914 Volscis
1289 1872 1547 1921 Fabraterni,

145 1939 188 1972 ct
219 1931 398 1981 Lucani,
423 1931 606 1971 Romam
627 1939 848 1979 venerunt,
872 1939 1051 1979 orantes,
1075 1939 1122 1970 ut
1152 1930 1197 1970 in
1228 1930 1357 1971 fidem
1387 1929 1549 1986 recipe-

145 1996 313 2029 rentur:
347 1989 381 2028 si
403 2004 427 2028 a
446 1988 698 2029 Samnitium
713 1988 838 2028 armis
854 1987 1016 2028 defensi
1037 1996 1190 2036 essent,
1208 2002 1251 2028 se
1273 1988 1350 2028 sub
1372 1987 1549 2042 imperio

191 2118 211 2147 8
233 2119 274 2147 ln
289 2117 516 2147 secessionibus
531 2117 691 2156 quondum
706 2117 824 2156 plebis]
873 2126 944 2146 mus
983 2115 1014 2145 in
1050 2115 1128 2145 urbe
1166 2118 1294 2154 praetor
1323 2118 1406 2144 esset
1438 2113 1552 2144 Idibus

153 2159 261 2189 Huius
287 2159 330 2189 rei
359 2158 554 2189 mentionem
588 2169 745 2197 nusquam
774 2169 826 2197 ap.

150 2205 293 2232 nostrum
329 2211 494 2232 occurrere
530 2201 827 2231 aninmdverterunt

150 2246 244 2275 Crcv.
257 2248 289 2274 ct
304 2244 391 2283 Rup.
424 2244 487 2275 Sed
506 2243 642 2274 Nieblir.
658 2243 676 2274 i.
690 2254 719 2274 n.
737 2253 826 2282 ¹334-

150 2287 270 2317 nodum
288 2287 528 2325 quodammodo
545 2286 690 2325 expedit,
706 2286 828 2325 quippe

149 2339 202 2369 ap.
227 2329 295 2360 Cic.
322 2329 413 2360 Brut.
442 2339 488 2368 ¹4·
514 2330 656 2359 videmus
678 2353 684 2359 .
704 2352 710 2359 .
730 2352 736 2358 .
757 2339 828 2358 cnm

146 2372 254 2412 plebes
271 2395 278 2402 .
297 2396 304 2402 .
322 2395 328 2402 .
345 2376 479 2403 montem
499 2373 554 2412 qni
571 2373 670 2401 Sacer
685 2372 828 2410 appelln-

151 2419 202 2444 ωε
217 2419 274 2451 est,
290 2416 518 2454 occupavisset,
536 2415 585 2444 M.
606 2415 765 2443 Valerium
782 2414 828 2442 ‹11-

150 2461 301 2488 amtorem
317 2457 450 2487 dicendo
469 2458 627 2487 sedtwissc
643 2457 830 2493 discordias,

151 2503 208 2529 etc.
257 2498 353 2528 Hane
377 2509 443 2528 rem
470 2499 604 2529 Niebbr.
627 2499 668 2528 ad
694 2498 828 2537 primuni

152 2539 375 2577 secessionem,
396 2541 674 2571 Crustumerinam
697 2540 831 2575 dictam,

154 2583 353 2613 referendum
370 2588 488 2614 censet.
534 2583 597 2613 Sed
617 2593 696 2622 pace
713 2583 829 2612 summi

156 2624 211 2655 viri
233 2624 369 2655 dixerim
395 2625 472 2655 mihi
499 2625 604 2664 potius
629 2625 661 2655 in
687 2629 830 2655 mentem

154 2677 337 2697 succurrere
375 2668 583 2697 secessionem
619 2677 702 2703 eam,
733 2677 829 2706 quum

156 2714 273 2747 noster,
292 2714 445 2748 tunquam
470 2709 723 2739 coniurationem
749 2709 830 2738 mili-

155 2757 238 2788 tum,
255 2751 405 2785 nurrmit,
422 2752 550 2789 qnando
566 2752 606 2781 ud
628 2751 831 2781 concordium

873 2157 1129 2197 Septembribus,
1145 2168 1209 2187 nnn
1226 2156 1302 2195 quia
1325 2155 1454 2196 piaculo
1471 2166 1553 2195 opus

874 2205 965 2231 esset.
991 2201 1030 2230 cf.
1048 2210 1134 2239 supr.
1155 2199 1204 2229 vii.
1223 2209 1250 2238 3.

921 2253 930 2273 ι
964 2244 1073 2274 (’νε(ι1ι“
1100 2242 1261 2279 consules]
1308 2242 1439 2272 Annum
1469 2239 1553 2271 circa

874 2286 953 2316 baec
968 2290 1114 2324 tempora
1127 2284 1387 2314 interiieiendum
1399 2293 1467 2313 esse
1478 2293 1552 2314 con-

873 2328 1016 2359 sentiunt
1035 2328 1225 2366 interpretes
1241 2336 1362 2357 onmes.
1399 2325 1464 2356 llic
1478 2335 1552 2356 cum

874 2370 1145 2409 interponendum
1160 2380 1227 2399 esse
1245 2369 1433 2398 l)‹›dwellus
1445 2367 1552 2398 existi-

874 2417 953 2449 mat,
973 2412 1105 2442 Dissert.
1129 2412 1169 2442 de
1191 2410 1302 2450 Cyclis
1325 2411 1464 2441 Roman.
1487 2420 1516 2440 x.
1535 2411 1552 2447 5

878 2457 925 2494 78.
942 2460 974 2486 et
994 2464 1040 2495 79.
1059 2460 1091 2484 et
1112 2454 1143 2484 in
1165 2464 1239 2483 eum
1263 2453 1411 2483 consules
1430 2452 1497 2482 edit
1516 2452 1553 2483 L.

879 2497 1057 2536 Papirium,
1077 2498 1131 2536 Sp.
1157 2496 1193 2527 F.
1216 2497 1400 2529 Cursorem,
1416 2495 1453 2525 C.
1474 2495 1553 2525 Poe-

876 2540 1003 2576 telium,
1020 2541 1056 2570 (J.
1077 2539 1112 2569 1³.
1133 2538 1288 2569 Libonem
1311 2537 1469 2567 Visolum.
1492 2537 1554 2567 Cu.

920 2592 936 2612 2
962 2583 1074 2621 laeyati
1091 2592 1132 2612 ca·
1155 2582 1269 2611 Volscis
1287 2580 1552 2617 I·'‹1braterni,ee]

878 2624 990 2662 Legati
1005 2625 1143 2659 Lucani,
1156 2633 1252 2662 quem
1272 2622 1429 2661 populum
1446 2621 1557 2651 Livius

877 2667 947 2696 infr.
973 2676 1020 2705 25.
1045 2665 1140 2695 simul
1164 2675 1237 2695 cum
1264 2664 1380 2704 Apulis
1404 2665 1438 2694 in
1454 2664 1556 2702 fidem

879 2708 1000 2739 venisse
1019 2707 1115 2738 dicit:
1144 2712 1279 2746 net-epto
1296 2707 1380 2737 enim
1399 2705 1556 2736 beneficio

880 2761 935 2790 per
959 2751 1079 2788 legatos
1104 2749 1135 2779 in
1160 2749 1327 2779 Samnium
1354 2759 1373 2778 a
1399 2748 1558 2779 Romanis

156 2794 303 2824 ordinum
338 2793 573 2823 conciliandum
607 2794 654 2824 M.
685 2793 835 2823 Valerius
879 2793 991 2823 missum
1013 2792 1094 2822 bane
1118 2792 1251 2828 anutium
1274 2791 1420 2822 retulere.
1446 2791 1556 2821 GnoN.

157 2838 282 2884 (ἐφη-οε)
302 2835 439 2867 dictator
463 2835 647 2866 nominatus
665 2839 722 2866 cst.
748 2845 833 2874 supr.

158 2889 210 2909 vn.
270 2902 276 2908 .

198 2888 292 2960 0336
309 2922 461 2953 dictatore
475 2922 602 2961 fisum!
638 2919 727 2957 Quia
751 2930 833 2951 sum-

879 2836 1004 2865 Λνςιιηί
1031 2844 1087 2873 pru
1111 2836 1236 2864 Lucam·
1261 2833 1343 2864 coni.
1369 2833 1501 2864 Cluver.
1525 2836 1555 2863 ct

882 2878 1056 2908 l’olusecmi
1080 2876 1209 2907 Ruben.
1233 2881 1267 2906 ut
1289 2877 1354 2906 duo
1380 2876 1556 2906 Volscorum

882 2919 994 2960 populi
1010 2920 1057 2950 rel
1075 2918 1196 2958 oppida
1213 2922 1440 2950 memorentur.
1463 2918 1549 2949 Rrr.

1546 271 1590 302 U.
1608 271 1646 301 C.
1664 277 1736 308 423.

1546 315 1585 344 A.
1610 314 1647 344 C.
1666 321 1738 351 329.

1559 1592 1653 1625 Clari
1670 1593 1766 1632 figen-

1556 1636 1589 1666 di
1605 1646 1717 1666 caussa

1557 1683 1684 1709 creatus
1698 1678 1744 1708 di-

1558 1725 1672 1753 etator.

1635 1814 1653 1851 1
1662 1813 1699 1852 9.

1564 1869 1608 1900 U.
1625 1870 1663 1900 C.
1681 1878 1754 1907 4²5-

1563 1913 1602 1942 A.
1627 1913 1664 1942 C.
1683 1919 1755 1949 327.

1564 1955 1600 1984 L.
1615 1953 1746 1992 Papirio

1564 1997 1612 2027 11.
1627 1997 1662 2026 L.
1675 1996 1770 2026 Pluu-

1562 2039 1607 2070 tio
1623 2039 1714 2070 Coss.
