<?xml version="1.0" encoding="UTF-8"?>
<!DOCTYPE html PUBLIC "-//W3C//DTD XHTML 1.0 Transitional//EN"
    "http://www.w3.org/TR/xhtml1/DTD/xhtml1-transitional.dtd">
<html xmlns="http://www.w3.org/1999/xhtml" xml:lang="en" lang="en">
 <head>
  <title>
</title>
<meta http-equiv="Content-Type" content="text/html;charset=utf-8" />
  <meta name='ocr-system' content='tesseract 3.04.00' />
  <meta name='ocr-capabilities' content='ocr_page ocr_carea ocr_par ocr_line ocrx_word'/>
</head>
<body>
  <div class='ocr_page' id='page_1' title='image "./historiarumli01livyuoft_0602.png"; bbox 0 0 1934 3211; ppageno 0'>
   <div class='ocr_carea' id='block_1_1' title="bbox 189 242 378 326">
    <p class='ocr_par' dir='ltr' id='par_1_1' title="bbox 189 242 378 326">
     <span class='ocr_line' id='line_1_1' title="bbox 191 242 377 281; baseline 0 -8"><span class='ocrx_word' id='word_1_1' title='bbox 191 242 234 273; x_wconf 91' lang='lat' dir='ltr'>U.</span> <span class='ocrx_word' id='word_1_2' title='bbox 252 242 289 271; x_wconf 89' lang='lat' dir='ltr'>C.</span> <span class='ocrx_word' id='word_1_3' title='bbox 306 249 377 281; x_wconf 84' lang='lat'><strong>457.</strong></span> 
     </span>
     <span class='ocr_line' id='line_1_2' title="bbox 189 284 378 326; baseline -0.005 -10"><span class='ocrx_word' id='word_1_4' title='bbox 189 286 227 316; x_wconf 78' lang='lat' dir='ltr'>A.</span> <span class='ocrx_word' id='word_1_5' title='bbox 251 284 289 315; x_wconf 90' lang='lat' dir='ltr'>C.</span> <span class='ocrx_word' id='word_1_6' title='bbox 307 292 378 326; x_wconf 82' lang='lat'>295.</span> 
     </span>
    </p>
   </div>
   <div class='ocr_carea' id='block_1_2' title="bbox 189 638 387 755">
    <p class='ocr_par' dir='ltr' id='par_1_2' title="bbox 189 638 387 755">
     <span class='ocr_line' id='line_1_3' title="bbox 191 638 317 670; baseline -0.016 0"><span class='ocrx_word' id='word_1_7' title='bbox 191 638 317 670; x_wconf 81' lang='lat' dir='ltr'>Etrusci</span> 
     </span>
     <span class='ocr_line' id='line_1_4' title="bbox 189 681 369 712; baseline -0.006 0"><span class='ocrx_word' id='word_1_8' title='bbox 189 681 313 712; x_wconf 83' lang='lat' dir='ltr'>avocati</span> <span class='ocrx_word' id='word_1_9' title='bbox 328 682 369 712; x_wconf 90' lang='lat' dir='ltr'>ad</span> 
     </span>
     <span class='ocr_line' id='line_1_5' title="bbox 190 725 387 755; baseline 0 -1"><span class='ocrx_word' id='word_1_10' title='bbox 190 735 247 755; x_wconf 84' lang='lat' dir='ltr'>sua</span> <span class='ocrx_word' id='word_1_11' title='bbox 258 725 387 755; x_wconf 84' lang='lat' dir='ltr'>tuenda.</span> 
     </span>
    </p>
   </div>
   <div class='ocr_carea' id='block_1_3' title="bbox 192 1455 388 1571">
    <p class='ocr_par' dir='ltr' id='par_1_3' title="bbox 192 1455 388 1571">
     <span class='ocr_line' id='line_1_6' title="bbox 194 1455 356 1486; baseline 0 -1"><span class='ocrx_word' id='word_1_12' title='bbox 194 1455 356 1486; x_wconf 84' lang='lat' dir='ltr'>Proelium</span> 
     </span>
     <span class='ocr_line' id='line_1_7' title="bbox 193 1497 387 1528; baseline 0.005 -1"><span class='ocrx_word' id='word_1_13' title='bbox 193 1507 266 1528; x_wconf 90' lang='lat' dir='ltr'>cum</span> <span class='ocrx_word' id='word_1_14' title='bbox 281 1497 387 1528; x_wconf 87' lang='lat' dir='ltr'>Gallis</span> 
     </span>
     <span class='ocr_line' id='line_1_8' title="bbox 192 1540 388 1571; baseline -0.005 0"><span class='ocrx_word' id='word_1_15' title='bbox 192 1545 223 1571; x_wconf 85' lang='lat' dir='ltr'>et</span> <span class='ocrx_word' id='word_1_16' title='bbox 239 1540 388 1571; x_wconf 85' lang='lat' dir='ltr'>Samniti-</span> 
     </span>
    </p>
   </div>
   <div class='ocr_carea' id='block_1_4' title="bbox 192 1584 260 1613">
    <p class='ocr_par' dir='ltr' id='par_1_4' title="bbox 192 1584 260 1613">
     <span class='ocr_line' id='line_1_9' title="bbox 192 1584 260 1613; baseline 0.015 -1"><span class='ocrx_word' id='word_1_17' title='bbox 192 1584 260 1613; x_wconf 85' lang='lat' dir='ltr'>bus.</span> 
     </span>
    </p>
   </div>
   <div class='ocr_carea' id='block_1_5' title="bbox 405 143 1281 186">
    <p class='ocr_par' dir='ltr' id='par_1_5' title="bbox 405 143 1281 186">
     <span class='ocr_line' id='line_1_10' title="bbox 405 143 1281 186; baseline 0.002 -3"><span class='ocrx_word' id='word_1_18' title='bbox 405 146 486 184; x_wconf 89' lang='lat'>588</span> <span class='ocrx_word' id='word_1_19' title='bbox 916 144 1064 186; x_wconf 91' lang='grc' dir='ltr'><strong>ΤΙΤΙ</strong></span> <span class='ocrx_word' id='word_1_20' title='bbox 1105 143 1281 185; x_wconf 90' lang='lat' dir='ltr'><strong>LIVII</strong></span> 
     </span>
    </p>
   </div>
   <div class='ocr_carea' id='block_1_6' title="bbox 402 231 1816 2473">
    <p class='ocr_par' dir='ltr' id='par_1_6' title="bbox 402 231 1816 2473">
     <span class='ocr_line' id='line_1_11' title="bbox 406 231 1777 290; baseline 0 -17"><span class='ocrx_word' id='word_1_21' title='bbox 406 232 571 274; x_wconf 86' lang='lat' dir='ltr'><strong>Etrusci</strong></span> <span class='ocrx_word' id='word_1_22' title='bbox 594 233 825 290; x_wconf 86' lang='lat' dir='ltr'>Umbrique</span> <span class='ocrx_word' id='word_1_23' title='bbox 853 234 951 289; x_wconf 90' lang='lat' dir='ltr'>iussi</span> <span class='ocrx_word' id='word_1_24' title='bbox 971 243 1103 276; x_wconf 88' lang='lat' dir='ltr'>castra</span> <span class='ocrx_word' id='word_1_25' title='bbox 1124 234 1315 276; x_wconf 89' lang='lat' dir='ltr'>Romana</span> <span class='ocrx_word' id='word_1_26' title='bbox 1345 248 1596 290; x_wconf 84' lang='lat' dir='ltr'>oppugnare.</span> <span class='ocrx_word' id='word_1_27' title='bbox 1660 231 1777 273; x_wconf 79' lang='lat' dir='ltr'>Haec</span> 
     </span>
     <span class='ocr_line' id='line_1_12' title="bbox 404 288 1778 348; baseline 0.001 -18"><span class='ocrx_word' id='word_1_28' title='bbox 404 290 575 331; x_wconf 88' lang='lat' dir='ltr'>consilia</span> <span class='ocrx_word' id='word_1_29' title='bbox 604 291 822 332; x_wconf 86' lang='lat' dir='ltr'>turbarunt</span> <span class='ocrx_word' id='word_1_30' title='bbox 853 292 1084 348; x_wconf 80' lang='lat' dir='ltr'>transfugae</span> <span class='ocrx_word' id='word_1_31' title='bbox 1115 292 1279 333; x_wconf 76' lang='lat' dir='ltr'>Clusini</span> <span class='ocrx_word' id='word_1_32' title='bbox 1311 301 1405 341; x_wconf 84' lang='lat' dir='ltr'>treS‚</span> <span class='ocrx_word' id='word_1_33' title='bbox 1434 291 1540 332; x_wconf 91' lang='lat' dir='ltr'>clam</span> <span class='ocrx_word' id='word_1_34' title='bbox 1571 298 1694 332; x_wconf 90' lang='lat' dir='ltr'>nocte</span> <span class='ocrx_word' id='word_1_35' title='bbox 1724 288 1778 330; x_wconf 91' lang='lat' dir='ltr'>ad</span> 
     </span>
     <span class='ocr_line' id='line_1_13' title="bbox 404 346 1777 405; baseline -0.001 -17"><span class='ocrx_word' id='word_1_36' title='bbox 404 347 579 389; x_wconf 89' lang='lat' dir='ltr'>Fabium</span> <span class='ocrx_word' id='word_1_37' title='bbox 599 348 810 389; x_wconf 91' lang='lat' dir='ltr'>consulem</span> <span class='ocrx_word' id='word_1_38' title='bbox 830 350 1069 405; x_wconf 82' lang='lat' dir='ltr'>transgressi</span> <span class='ocrx_word' id='word_1_39' title='bbox 1086 366 1096 391; x_wconf 77' lang='grc' dir='ltr'><strong><em>ε</em></strong></span> <span class='ocrx_word' id='word_1_40' title='bbox 1130 350 1215 405; x_wconf 85' lang='lat' dir='ltr'>qui,</span> <span class='ocrx_word' id='word_1_41' title='bbox 1237 348 1357 390; x_wconf 84' lang='lat' dir='ltr'>editis</span> <span class='ocrx_word' id='word_1_42' title='bbox 1381 348 1562 390; x_wconf 91' lang='lat' dir='ltr'>hostium</span> <span class='ocrx_word' id='word_1_43' title='bbox 1583 346 1777 396; x_wconf 89' lang='lat' dir='ltr'>consiliis,</span> 
     </span>
     <span class='ocr_line' id='line_1_14' title="bbox 403 405 1779 462; baseline -0.001 -16"><span class='ocrx_word' id='word_1_44' title='bbox 403 405 560 446; x_wconf 89' lang='lat' dir='ltr'>dimissi</span> <span class='ocrx_word' id='word_1_45' title='bbox 581 421 676 447; x_wconf 91' lang='lat' dir='ltr'>cum</span> <span class='ocrx_word' id='word_1_46' title='bbox 696 406 828 456; x_wconf 88' lang='lat' dir='ltr'>donis,</span> <span class='ocrx_word' id='word_1_47' title='bbox 852 415 898 447; x_wconf 89' lang='lat' dir='ltr'>ut</span> <span class='ocrx_word' id='word_1_48' title='bbox 918 407 1107 456; x_wconf 89' lang='lat' dir='ltr'>subinde,</span> <span class='ocrx_word' id='word_1_49' title='bbox 1124 416 1171 448; x_wconf 91' lang='lat' dir='ltr'>ut</span> <span class='ocrx_word' id='word_1_50' title='bbox 1192 421 1381 462; x_wconf 90' lang='lat' dir='ltr'>quaeque</span> <span class='ocrx_word' id='word_1_51' title='bbox 1402 421 1466 447; x_wconf 91' lang='lat' dir='ltr'>res</span> <span class='ocrx_word' id='word_1_52' title='bbox 1486 421 1594 446; x_wconf 87' lang='lat' dir='ltr'>nova</span> <span class='ocrx_word' id='word_1_53' title='bbox 1612 405 1779 446; x_wconf 88' lang='lat' dir='ltr'>decreta</span> 
     </span>
     <span class='ocr_line' id='line_1_15' title="bbox 404 463 1778 519; baseline -0.001 -16"><span class='ocrx_word' id='word_1_54' title='bbox 404 471 522 512; x_wconf 88' lang='lat' dir='ltr'>esset,</span> <span class='ocrx_word' id='word_1_55' title='bbox 564 463 818 519; x_wconf 81' lang='lat' dir='ltr'>exploratam</span> <span class='ocrx_word' id='word_1_56' title='bbox 864 464 1104 519; x_wconf 87' lang='lat' dir='ltr'>perferrent.</span> <span class='ocrx_word' id='word_1_57' title='bbox 1188 463 1393 505; x_wconf 89' lang='lat' dir='ltr'>Consules</span> <span class='ocrx_word' id='word_1_58' title='bbox 1432 463 1591 512; x_wconf 84' lang='lat' dir='ltr'>Fulvio,</span> <span class='ocrx_word' id='word_1_59' title='bbox 1631 471 1678 503; x_wconf 93' lang='lat' dir='ltr'>ut</span> <span class='ocrx_word' id='word_1_60' title='bbox 1724 475 1778 503; x_wconf 86' lang='lat' dir='ltr'>ex</span> 
     </span>
     <span class='ocr_line' id='line_1_16' title="bbox 404 519 1809 570; baseline 0.001 -10"><span class='ocrx_word' id='word_1_61' title='bbox 404 519 576 570; x_wconf 87' lang='lat' dir='ltr'>Falisco,</span> <span class='ocrx_word' id='word_1_62' title='bbox 605 521 831 569; x_wconf 88' lang='lat' dir='ltr'>Postumio,</span> <span class='ocrx_word' id='word_1_63' title='bbox 854 530 901 561; x_wconf 88' lang='lat' dir='ltr'>ut</span> <span class='ocrx_word' id='word_1_64' title='bbox 931 535 983 561; x_wconf 84' lang='lat' dir='ltr'>ex</span> <span class='ocrx_word' id='word_1_65' title='bbox 1008 520 1212 561; x_wconf 82' lang='lat' dir='ltr'>Vaticano</span> <span class='ocrx_word' id='word_1_66' title='bbox 1243 521 1471 561; x_wconf 83' lang='lat' dir='ltr'>exercitum</span> <span class='ocrx_word' id='word_1_67' title='bbox 1500 520 1554 561; x_wconf 91' lang='lat' dir='ltr'>ad</span> <span class='ocrx_word' id='word_1_68' title='bbox 1586 519 1809 561; x_wconf 83' lang='lat' dir='ltr'>Clusium3</span> 
     </span>
     <span class='ocr_line' id='line_1_17' title="bbox 405 576 1779 632; baseline -0.001 -14"><span class='ocrx_word' id='word_1_69' title='bbox 405 577 664 626; x_wconf 83' lang='lat' dir='ltr'>admoveant,</span> <span class='ocrx_word' id='word_1_70' title='bbox 686 592 928 632; x_wconf 90' lang='lat' dir='ltr'>summaque</span> <span class='ocrx_word' id='word_1_71' title='bbox 949 578 989 618; x_wconf 85' lang='lat' dir='ltr'>vi</span> <span class='ocrx_word' id='word_1_72' title='bbox 1010 578 1114 619; x_wconf 90' lang='lat' dir='ltr'>fines</span> <span class='ocrx_word' id='word_1_73' title='bbox 1138 577 1319 618; x_wconf 90' lang='lat' dir='ltr'>hostium</span> <span class='ocrx_word' id='word_1_74' title='bbox 1340 577 1659 632; x_wconf 83' lang='lat' dir='ltr'>depopulentur,</span> <span class='ocrx_word' id='word_1_75' title='bbox 1680 576 1779 618; x_wconf 88' lang='lat' dir='ltr'>scri-</span> 
     </span>
     <span class='ocr_line' id='line_1_18' title="bbox 405 633 1777 690; baseline -0.001 -14"><span class='ocrx_word' id='word_1_76' title='bbox 405 635 521 676; x_wconf 90' lang='lat' dir='ltr'>bunt.</span> <span class='ocrx_word' id='word_1_77' title='bbox 584 634 722 675; x_wconf 90' lang='lat' dir='ltr'>Huius</span> <span class='ocrx_word' id='word_1_78' title='bbox 742 635 1021 690; x_wconf 87' lang='lat' dir='ltr'>populationis</span> <span class='ocrx_word' id='word_1_79' title='bbox 1036 635 1144 675; x_wconf 90' lang='lat' dir='ltr'>fama</span> <span class='ocrx_word' id='word_1_80' title='bbox 1165 634 1360 676; x_wconf 85' lang='lat' dir='ltr'>Etruscos</span> <span class='ocrx_word' id='word_1_81' title='bbox 1375 649 1428 674; x_wconf 78' lang='lat' dir='ltr'>ex</span> <span class='ocrx_word' id='word_1_82' title='bbox 1448 649 1545 689; x_wconf 87' lang='lat' dir='ltr'>agro</span> <span class='ocrx_word' id='word_1_83' title='bbox 1563 633 1777 675; x_wconf 87' lang='lat' dir='ltr'>Sentinate</span> 
     </span>
     <span class='ocr_line' id='line_1_19' title="bbox 404 690 1779 741; baseline -0.001 -7"><span class='ocrx_word' id='word_1_84' title='bbox 404 693 457 734; x_wconf 89' lang='lat' dir='ltr'>ad</span> <span class='ocrx_word' id='word_1_85' title='bbox 478 708 571 734; x_wconf 91' lang='lat' dir='ltr'>suos</span> <span class='ocrx_word' id='word_1_86' title='bbox 591 693 695 732; x_wconf 90' lang='lat' dir='ltr'>fines</span> <span class='ocrx_word' id='word_1_87' title='bbox 716 692 893 733; x_wconf 90' lang='lat' dir='ltr'>tuendos</span> <span class='ocrx_word' id='word_1_88' title='bbox 914 692 1053 733; x_wconf 83' lang='lat' dir='ltr'>movit.</span> <span class='ocrx_word' id='word_1_89' title='bbox 1116 691 1274 733; x_wconf 86' lang='lat' dir='ltr'>Instare</span> <span class='ocrx_word' id='word_1_90' title='bbox 1303 691 1401 732; x_wconf 90' lang='lat' dir='ltr'>inde</span> <span class='ocrx_word' id='word_1_91' title='bbox 1423 690 1622 741; x_wconf 84' lang='lat' dir='ltr'>consules,</span> <span class='ocrx_word' id='word_1_92' title='bbox 1639 699 1688 732; x_wconf 94' lang='lat' dir='ltr'>ut</span> <span class='ocrx_word' id='word_1_93' title='bbox 1707 691 1779 732; x_wconf 86' lang='lat' dir='ltr'>ab·</span> 
     </span>
     <span class='ocr_line' id='line_1_20' title="bbox 404 747 1779 805; baseline 0 -15"><span class='ocrx_word' id='word_1_94' title='bbox 404 750 588 790; x_wconf 89' lang='lat' dir='ltr'>sentibus</span> <span class='ocrx_word' id='word_1_95' title='bbox 627 749 676 790; x_wconf 92' lang='lat' dir='ltr'>iis</span> <span class='ocrx_word' id='word_1_96' title='bbox 714 758 979 805; x_wconf 80' lang='lat' dir='ltr'>pugnaretur.</span> <span class='ocrx_word' id='word_1_97' title='bbox 1041 750 1124 790; x_wconf 89' lang='lat' dir='ltr'>Per</span> <span class='ocrx_word' id='word_1_98' title='bbox 1162 749 1337 790; x_wconf 89' lang='lat' dir='ltr'>biduum</span> <span class='ocrx_word' id='word_1_99' title='bbox 1376 748 1588 789; x_wconf 86' lang='lat' dir='ltr'>lacessiere</span> <span class='ocrx_word' id='word_1_100' title='bbox 1622 747 1779 804; x_wconf 88' lang='lat' dir='ltr'>proelio</span> 
     </span>
     <span class='ocr_line' id='line_1_21' title="bbox 402 805 1778 862; baseline -0.001 -15"><span class='ocrx_word' id='word_1_101' title='bbox 402 807 587 848; x_wconf 89' lang='lat' dir='ltr'>hostem:</span> <span class='ocrx_word' id='word_1_102' title='bbox 620 806 748 847; x_wconf 88' lang='lat' dir='ltr'>biduo</span> <span class='ocrx_word' id='word_1_103' title='bbox 765 806 871 847; x_wconf 90' lang='lat' dir='ltr'>nihil</span> <span class='ocrx_word' id='word_1_104' title='bbox 886 806 1063 862; x_wconf 89' lang='lat' dir='ltr'>dignum</span> <span class='ocrx_word' id='word_1_105' title='bbox 1083 807 1199 848; x_wconf 93' lang='lat' dir='ltr'>dictu</span> <span class='ocrx_word' id='word_1_106' title='bbox 1212 815 1361 848; x_wconf 88' lang='lat' dir='ltr'>actum.</span> <span class='ocrx_word' id='word_1_107' title='bbox 1423 805 1553 847; x_wconf 91' lang='lat' dir='ltr'>Pauci</span> <span class='ocrx_word' id='word_1_108' title='bbox 1569 805 1778 862; x_wconf 88' lang='lat' dir='ltr'>utrimque</span> 
     </span>
     <span class='ocr_line' id='line_1_22' title="bbox 404 862 1778 920; baseline -0.001 -15"><span class='ocrx_word' id='word_1_109' title='bbox 404 864 614 905; x_wconf 88' lang='lat' dir='ltr'>cecidere:</span> <span class='ocrx_word' id='word_1_110' title='bbox 648 864 861 920; x_wconf 85' lang='lat' dir='ltr'>magisque</span> <span class='ocrx_word' id='word_1_111' title='bbox 882 864 1030 905; x_wconf 88' lang='lat' dir='ltr'>irritati</span> <span class='ocrx_word' id='word_1_112' title='bbox 1046 874 1143 905; x_wconf 91' lang='lat' dir='ltr'>sunt</span> <span class='ocrx_word' id='word_1_113' title='bbox 1163 865 1215 905; x_wconf 91' lang='lat' dir='ltr'>ad</span> <span class='ocrx_word' id='word_1_114' title='bbox 1235 865 1389 905; x_wconf 90' lang='lat' dir='ltr'>iustum</span> <span class='ocrx_word' id='word_1_115' title='bbox 1406 871 1618 904; x_wconf 87' lang='lat' dir='ltr'>certamen</span> <span class='ocrx_word' id='word_1_116' title='bbox 1637 862 1778 913; x_wconf 87' lang='lat' dir='ltr'>animi,</span> 
     </span>
     <span class='ocr_line' id='line_1_23' title="bbox 405 920 1780 977; baseline -0.001 -15"><span class='ocrx_word' id='word_1_117' title='bbox 405 937 531 977; x_wconf 91' lang='lat' dir='ltr'>quam</span> <span class='ocrx_word' id='word_1_118' title='bbox 559 921 613 962; x_wconf 90' lang='lat' dir='ltr'>ad</span> <span class='ocrx_word' id='word_1_119' title='bbox 641 921 865 963; x_wconf 82' lang='lat' dir='ltr'>discrimen</span> <span class='ocrx_word' id='word_1_120' title='bbox 885 937 1047 963; x_wconf 90' lang='lat' dir='ltr'>summa</span> <span class='ocrx_word' id='word_1_121' title='bbox 1073 937 1210 963; x_wconf 89' lang='lat' dir='ltr'>rerum</span> <span class='ocrx_word' id='word_1_122' title='bbox 1240 921 1440 962; x_wconf 88' lang='lat' dir='ltr'>adducta:</span> <span class='ocrx_word' id='word_1_123' title='bbox 1474 921 1596 962; x_wconf 87' lang='lat' dir='ltr'>tertio</span> <span class='ocrx_word' id='word_1_124' title='bbox 1617 920 1684 961; x_wconf 92' lang='lat' dir='ltr'>die</span> <span class='ocrx_word' id='word_1_125' title='bbox 1706 920 1780 961; x_wconf 89' lang='lat' dir='ltr'>de-</span> 
     </span>
     <span class='ocr_line' id='line_1_24' title="bbox 405 978 1812 1036; baseline -0.001 -16"><span class='ocrx_word' id='word_1_126' title='bbox 405 994 594 1020; x_wconf 88' lang='lat' dir='ltr'>scensum</span> <span class='ocrx_word' id='word_1_127' title='bbox 616 979 659 1019; x_wconf 91' lang='lat' dir='ltr'>in</span> <span class='ocrx_word' id='word_1_128' title='bbox 681 994 874 1035; x_wconf 90' lang='lat' dir='ltr'>campum</span> <span class='ocrx_word' id='word_1_129' title='bbox 895 980 1087 1021; x_wconf 90' lang='lat' dir='ltr'>omnibus</span> <span class='ocrx_word' id='word_1_130' title='bbox 1107 980 1236 1036; x_wconf 90' lang='lat' dir='ltr'>copiis</span> <span class='ocrx_word' id='word_1_131' title='bbox 1252 988 1324 1020; x_wconf 88' lang='lat' dir='ltr'>est.</span> <span class='ocrx_word' id='word_1_132' title='bbox 1390 978 1535 1027; x_wconf 81' lang='lat' dir='ltr'>Quum</span> <span class='ocrx_word' id='word_1_133' title='bbox 1554 978 1779 1019; x_wconf 90' lang='lat' dir='ltr'>instructae</span> <span class='ocrx_word' id='word_1_134' title='bbox 1792 996 1812 1024; x_wconf 88' lang='lat'>4</span> 
     </span>
     <span class='ocr_line' id='line_1_25' title="bbox 404 1036 1782 1093; baseline -0.001 -15"><span class='ocrx_word' id='word_1_135' title='bbox 404 1037 512 1078; x_wconf 89' lang='lat' dir='ltr'>acies</span> <span class='ocrx_word' id='word_1_136' title='bbox 540 1046 709 1087; x_wconf 85' lang='lat' dir='ltr'>starent,</span> <span class='ocrx_word' id='word_1_137' title='bbox 730 1052 850 1078; x_wconf 87' lang='lat' dir='ltr'>cerva</span> <span class='ocrx_word' id='word_1_138' title='bbox 877 1036 1040 1093; x_wconf 87' lang='lat' dir='ltr'>fugiens</span> <span class='ocrx_word' id='word_1_139' title='bbox 1067 1037 1214 1093; x_wconf 88' lang='lat' dir='ltr'>lupum</span> <span class='ocrx_word' id='word_1_140' title='bbox 1244 1053 1266 1078; x_wconf 89' lang='lat' dir='ltr'>e</span> <span class='ocrx_word' id='word_1_141' title='bbox 1295 1036 1504 1078; x_wconf 89' lang='lat' dir='ltr'>montibus</span> <span class='ocrx_word' id='word_1_142' title='bbox 1533 1043 1679 1077; x_wconf 86' lang='lat' dir='ltr'>exacta</span> <span class='ocrx_word' id='word_1_143' title='bbox 1706 1050 1782 1091; x_wconf 91' lang='lat' dir='ltr'>per</span> 
     </span>
     <span class='ocr_line' id='line_1_26' title="bbox 405 1093 1782 1150; baseline -0.001 -15"><span class='ocrx_word' id='word_1_144' title='bbox 405 1109 571 1150; x_wconf 90' lang='lat' dir='ltr'>campos</span> <span class='ocrx_word' id='word_1_145' title='bbox 590 1095 700 1136; x_wconf 91' lang='lat' dir='ltr'>inter</span> <span class='ocrx_word' id='word_1_146' title='bbox 715 1094 817 1136; x_wconf 88' lang='lat' dir='ltr'>duas</span> <span class='ocrx_word' id='word_1_147' title='bbox 838 1095 945 1136; x_wconf 88' lang='lat' dir='ltr'>acies</span> <span class='ocrx_word' id='word_1_148' title='bbox 966 1095 1169 1136; x_wconf 90' lang='lat' dir='ltr'>decurrit:</span> <span class='ocrx_word' id='word_1_149' title='bbox 1204 1094 1301 1135; x_wconf 88' lang='lat' dir='ltr'>inde</span> <span class='ocrx_word' id='word_1_150' title='bbox 1322 1094 1505 1135; x_wconf 87' lang='lat' dir='ltr'>diversae</span> <span class='ocrx_word' id='word_1_151' title='bbox 1521 1093 1644 1143; x_wconf 91' lang='lat' dir='ltr'>ferae,</span> <span class='ocrx_word' id='word_1_152' title='bbox 1661 1107 1782 1134; x_wconf 89' lang='lat' dir='ltr'>cerva</span> 
     </span>
     <span class='ocr_line' id='line_1_27' title="bbox 405 1150 1782 1208; baseline -0.001 -16"><span class='ocrx_word' id='word_1_153' title='bbox 405 1151 458 1192; x_wconf 88' lang='lat' dir='ltr'>ad</span> <span class='ocrx_word' id='word_1_154' title='bbox 481 1151 636 1201; x_wconf 84' lang='lat' dir='ltr'>Gallos,</span> <span class='ocrx_word' id='word_1_155' title='bbox 656 1152 779 1208; x_wconf 89' lang='lat' dir='ltr'>lupus</span> <span class='ocrx_word' id='word_1_156' title='bbox 800 1153 853 1193; x_wconf 89' lang='lat' dir='ltr'>ad</span> <span class='ocrx_word' id='word_1_157' title='bbox 879 1152 1091 1193; x_wconf 87' lang='lat' dir='ltr'>Romanos</span> <span class='ocrx_word' id='word_1_158' title='bbox 1112 1167 1278 1193; x_wconf 90' lang='lat' dir='ltr'>cursum</span> <span class='ocrx_word' id='word_1_159' title='bbox 1298 1151 1479 1193; x_wconf 83' lang='lat' dir='ltr'>deflexit.</span> <span class='ocrx_word' id='word_1_160' title='bbox 1541 1150 1664 1206; x_wconf 92' lang='lat' dir='ltr'>Lupo</span> <span class='ocrx_word' id='word_1_161' title='bbox 1685 1150 1782 1191; x_wconf 87' lang='lat' dir='ltr'>data</span> 
     </span>
     <span class='ocr_line' id='line_1_28' title="bbox 406 1208 1782 1260; baseline -0.001 -11"><span class='ocrx_word' id='word_1_162' title='bbox 406 1210 515 1250; x_wconf 89' lang='lat' dir='ltr'>inter</span> <span class='ocrx_word' id='word_1_163' title='bbox 539 1210 704 1251; x_wconf 88' lang='lat' dir='ltr'>ordines</span> <span class='ocrx_word' id='word_1_164' title='bbox 725 1210 814 1260; x_wconf 84' lang='lat' dir='ltr'>via3</span> <span class='ocrx_word' id='word_1_165' title='bbox 847 1225 1010 1251; x_wconf 77' lang='lat' dir='ltr'>cervam</span> <span class='ocrx_word' id='word_1_166' title='bbox 1034 1210 1147 1251; x_wconf 88' lang='lat' dir='ltr'>Galli</span> <span class='ocrx_word' id='word_1_167' title='bbox 1167 1210 1387 1251; x_wconf 78' lang='lat' dir='ltr'>confixere.</span> <span class='ocrx_word' id='word_1_168' title='bbox 1450 1208 1562 1249; x_wconf 89' lang='lat' dir='ltr'>Tum</span> <span class='ocrx_word' id='word_1_169' title='bbox 1592 1223 1645 1249; x_wconf 81' lang='lat' dir='ltr'>ex</span> <span class='ocrx_word' id='word_1_170' title='bbox 1665 1216 1782 1249; x_wconf 90' lang='lat' dir='ltr'>ante—</span> 
     </span>
     <span class='ocr_line' id='line_1_29' title="bbox 406 1265 1779 1323; baseline -0.001 -16"><span class='ocrx_word' id='word_1_171' title='bbox 406 1267 588 1323; x_wconf 88' lang='lat' dir='ltr'>signanis</span> <span class='ocrx_word' id='word_1_172' title='bbox 603 1267 818 1309; x_wconf 86' lang='lat' dir='ltr'>Romanus</span> <span class='ocrx_word' id='word_1_173' title='bbox 831 1267 962 1317; x_wconf 84' lang='lat' dir='ltr'>miles,</span> <span class='ocrx_word' id='word_1_174' title='bbox 978 1267 1098 1309; x_wconf 83' lang='lat' dir='ltr'>‘Hlac</span> <span class='ocrx_word' id='word_1_175' title='bbox 1111 1267 1390 1323; x_wconf 80' lang='lat' dir='ltr'>fuga,⁷inquit,</span> <span class='ocrx_word' id='word_1_176' title='bbox 1407 1272 1467 1308; x_wconf 82' lang='lat' dir='ltr'>‘et</span> <span class='ocrx_word' id='word_1_177' title='bbox 1479 1265 1627 1307; x_wconf 85' lang='lat' dir='ltr'>caedes</span> <span class='ocrx_word' id='word_1_178' title='bbox 1638 1265 1779 1306; x_wconf 88' lang='lat' dir='ltr'>vertit:</span> 
     </span>
     <span class='ocr_line' id='line_1_30' title="bbox 408 1322 1784 1367; baseline -0.001 -2"><span class='ocrx_word' id='word_1_179' title='bbox 408 1330 419 1348; x_wconf 89' lang='lat'>‘</span> <span class='ocrx_word' id='word_1_180' title='bbox 435 1325 507 1366; x_wconf 92' lang='lat' dir='ltr'>ubi</span> <span class='ocrx_word' id='word_1_181' title='bbox 534 1340 689 1366; x_wconf 88' lang='lat' dir='ltr'>sacram</span> <span class='ocrx_word' id='word_1_182' title='bbox 717 1325 879 1367; x_wconf 88' lang='lat' dir='ltr'>Dianae</span> <span class='ocrx_word' id='word_1_183' title='bbox 900 1325 1028 1366; x_wconf 90' lang='lat' dir='ltr'>feram</span> <span class='ocrx_word' id='word_1_184' title='bbox 1056 1326 1261 1367; x_wconf 87' lang='lat' dir='ltr'>iacentem</span> <span class='ocrx_word' id='word_1_185' title='bbox 1288 1324 1448 1365; x_wconf 79' lang='lat' dir='ltr'>videtis,</span> <span class='ocrx_word' id='word_1_186' title='bbox 1511 1322 1626 1364; x_wconf 91' lang='lat' dir='ltr'>Hinc</span> <span class='ocrx_word' id='word_1_187' title='bbox 1651 1322 1784 1364; x_wconf 85' lang='lat' dir='ltr'>victor</span> 
     </span>
     <span class='ocr_line' id='line_1_31' title="bbox 409 1380 1783 1439; baseline -0.001 -16"><span class='ocrx_word' id='word_1_188' title='bbox 409 1388 419 1405; x_wconf 86' lang='lat'>‘</span> <span class='ocrx_word' id='word_1_189' title='bbox 436 1382 615 1424; x_wconf 90' lang='lat' dir='ltr'>Martius</span> <span class='ocrx_word' id='word_1_190' title='bbox 638 1383 773 1439; x_wconf 81' lang='lat' dir='ltr'>lupus,</span> <span class='ocrx_word' id='word_1_191' title='bbox 795 1383 957 1439; x_wconf 85' lang='lat' dir='ltr'>integer</span> <span class='ocrx_word' id='word_1_192' title='bbox 984 1392 1026 1424; x_wconf 91' lang='lat' dir='ltr'>et</span> <span class='ocrx_word' id='word_1_193' title='bbox 1055 1383 1248 1432; x_wconf 87' lang='lat' dir='ltr'>intactus,</span> <span class='ocrx_word' id='word_1_194' title='bbox 1269 1382 1404 1438; x_wconf 91' lang='lat' dir='ltr'>gentis</span> <span class='ocrx_word' id='word_1_195' title='bbox 1429 1396 1504 1422; x_wconf 93' lang='lat' dir='ltr'>nos</span> <span class='ocrx_word' id='word_1_196' title='bbox 1535 1380 1714 1422; x_wconf 86' lang='lat' dir='ltr'>Martiae</span> <span class='ocrx_word' id='word_1_197' title='bbox 1740 1388 1783 1421; x_wconf 91' lang='lat' dir='ltr'>et</span> 
     </span>
     <span class='ocr_line' id='line_1_32' title="bbox 410 1438 1783 1488; baseline -0.002 -7"><span class='ocrx_word' id='word_1_198' title='bbox 410 1446 421 1463; x_wconf 73' lang='lat'><strong><em>⁶</em></strong></span> <span class='ocrx_word' id='word_1_199' title='bbox 437 1440 661 1482; x_wconf 87' lang='lat' dir='ltr'>conditoris</span> <span class='ocrx_word' id='word_1_200' title='bbox 681 1441 811 1482; x_wconf 91' lang='lat' dir='ltr'>nostri</span> <span class='ocrx_word' id='word_1_201' title='bbox 832 1441 1074 1482; x_wconf 59' lang='lat' dir='ltr'>admonuit?</span> <span class='ocrx_word' id='word_1_202' title='bbox 1134 1441 1298 1482; x_wconf 83' lang='lat' dir='ltr'>Dextro</span> <span class='ocrx_word' id='word_1_203' title='bbox 1319 1455 1444 1481; x_wconf 81' lang='lat' dir='ltr'>cornu</span> <span class='ocrx_word' id='word_1_204' title='bbox 1472 1438 1597 1488; x_wconf 86' lang='lat' dir='ltr'>Galli,</span> <span class='ocrx_word' id='word_1_205' title='bbox 1619 1438 1783 1479; x_wconf 89' lang='lat' dir='ltr'>sinistro</span> 
     </span>
     <span class='ocr_line' id='line_1_33' title="bbox 412 1494 1784 1552; baseline -0.001 -15"><span class='ocrx_word' id='word_1_206' title='bbox 412 1496 617 1539; x_wconf 88' lang='lat' dir='ltr'>Samnites</span> <span class='ocrx_word' id='word_1_207' title='bbox 638 1499 922 1540; x_wconf 87' lang='lat' dir='ltr'>constiterunt.</span> <span class='ocrx_word' id='word_1_208' title='bbox 985 1499 1199 1539; x_wconf 80' lang='lat' dir='ltr'>Adversus</span> <span class='ocrx_word' id='word_1_209' title='bbox 1223 1497 1428 1539; x_wconf 84' lang='lat' dir='ltr'>Samnites</span> <span class='ocrx_word' id='word_1_210' title='bbox 1453 1496 1505 1545; x_wconf 80' lang='lat' dir='ltr'>Q.</span> <span class='ocrx_word' id='word_1_211' title='bbox 1529 1496 1680 1537; x_wconf 89' lang='lat' dir='ltr'>Fabius</span> <span class='ocrx_word' id='word_1_212' title='bbox 1699 1494 1784 1552; x_wconf 90' lang='lat' dir='ltr'>pri-</span> 
     </span>
     <span class='ocr_line' id='line_1_34' title="bbox 408 1552 1784 1612; baseline -0.001 -17"><span class='ocrx_word' id='word_1_213' title='bbox 408 1569 518 1595; x_wconf 89' lang='lat' dir='ltr'>mam</span> <span class='ocrx_word' id='word_1_214' title='bbox 539 1570 586 1595; x_wconf 89' lang='lat' dir='ltr'>ac</span> <span class='ocrx_word' id='word_1_215' title='bbox 602 1556 765 1596; x_wconf 89' lang='lat' dir='ltr'>tertiam</span> <span class='ocrx_word' id='word_1_216' title='bbox 786 1556 971 1611; x_wconf 85' lang='lat' dir='ltr'>legiones</span> <span class='ocrx_word' id='word_1_217' title='bbox 991 1572 1066 1612; x_wconf 88' lang='lat' dir='ltr'>pro</span> <span class='ocrx_word' id='word_1_218' title='bbox 1083 1556 1230 1597; x_wconf 80' lang='lat' dir='ltr'>dextro</span> <span class='ocrx_word' id='word_1_219' title='bbox 1247 1571 1399 1604; x_wconf 78' lang='lat' dir='ltr'>cornu3</span> <span class='ocrx_word' id='word_1_220' title='bbox 1432 1554 1625 1595; x_wconf 86' lang='lat' dir='ltr'>adversus</span> <span class='ocrx_word' id='word_1_221' title='bbox 1641 1552 1784 1594; x_wconf 90' lang='lat' dir='ltr'>Gallos</span> 
     </span>
     <span class='ocr_line' id='line_1_35' title="bbox 407 1609 1784 1668; baseline -0.001 -16"><span class='ocrx_word' id='word_1_222' title='bbox 407 1627 482 1668; x_wconf 92' lang='lat' dir='ltr'>pro</span> <span class='ocrx_word' id='word_1_223' title='bbox 503 1612 666 1653; x_wconf 89' lang='lat' dir='ltr'>sinistro</span> <span class='ocrx_word' id='word_1_224' title='bbox 688 1613 844 1654; x_wconf 86' lang='lat' dir='ltr'>Decius</span> <span class='ocrx_word' id='word_1_225' title='bbox 866 1613 1055 1668; x_wconf 86' lang='lat' dir='ltr'>quintam</span> <span class='ocrx_word' id='word_1_226' title='bbox 1077 1622 1119 1654; x_wconf 90' lang='lat' dir='ltr'>et</span> <span class='ocrx_word' id='word_1_227' title='bbox 1139 1622 1298 1654; x_wconf 83' lang='lat' dir='ltr'>sextam</span> <span class='ocrx_word' id='word_1_228' title='bbox 1318 1612 1525 1653; x_wconf 85' lang='lat' dir='ltr'>instruxit.</span> <span class='ocrx_word' id='word_1_229' title='bbox 1590 1609 1784 1652; x_wconf 88' lang='lat' dir='ltr'>Secunda</span> 
     </span>
     <span class='ocr_line' id='line_1_36' title="bbox 407 1668 1784 1725; baseline -0.001 -15"><span class='ocrx_word' id='word_1_230' title='bbox 407 1678 449 1710; x_wconf 92' lang='lat' dir='ltr'>et</span> <span class='ocrx_word' id='word_1_231' title='bbox 470 1678 615 1725; x_wconf 88' lang='lat' dir='ltr'>quarta</span> <span class='ocrx_word' id='word_1_232' title='bbox 634 1685 730 1711; x_wconf 88' lang='lat' dir='ltr'>cum</span> <span class='ocrx_word' id='word_1_233' title='bbox 752 1670 799 1710; x_wconf 93' lang='lat' dir='ltr'>L.</span> <span class='ocrx_word' id='word_1_234' title='bbox 820 1669 1047 1710; x_wconf 86' lang='lat' dir='ltr'>Volumnio</span> <span class='ocrx_word' id='word_1_235' title='bbox 1068 1670 1312 1725; x_wconf 90' lang='lat' dir='ltr'>proconsule</span> <span class='ocrx_word' id='word_1_236' title='bbox 1333 1670 1377 1709; x_wconf 93' lang='lat' dir='ltr'>in</span> <span class='ocrx_word' id='word_1_237' title='bbox 1397 1668 1565 1710; x_wconf 87' lang='lat' dir='ltr'>Samnio</span> <span class='ocrx_word' id='word_1_238' title='bbox 1584 1668 1784 1724; x_wconf 87' lang='lat' dir='ltr'>gerebant</span> 
     </span>
     <span class='ocr_line' id='line_1_37' title="bbox 407 1727 1782 1782; baseline -0.002 -14"><span class='ocrx_word' id='word_1_239' title='bbox 407 1727 572 1768; x_wconf 90' lang='lat' dir='ltr'>bellum.</span> <span class='ocrx_word' id='word_1_240' title='bbox 634 1727 775 1768; x_wconf 89' lang='lat' dir='ltr'>Primo</span> <span class='ocrx_word' id='word_1_241' title='bbox 797 1743 999 1768; x_wconf 87' lang='lat' dir='ltr'>concursu</span> <span class='ocrx_word' id='word_1_242' title='bbox 1020 1727 1123 1768; x_wconf 88' lang='lat' dir='ltr'>adeo</span> <span class='ocrx_word' id='word_1_243' title='bbox 1155 1727 1297 1782; x_wconf 88' lang='lat' dir='ltr'>aequis</span> <span class='ocrx_word' id='word_1_244' title='bbox 1316 1727 1470 1767; x_wconf 86' lang='lat' dir='ltr'>viribus</span> <span class='ocrx_word' id='word_1_245' title='bbox 1490 1734 1605 1781; x_wconf 88' lang='lat' dir='ltr'>gesta</span> <span class='ocrx_word' id='word_1_246' title='bbox 1623 1740 1688 1765; x_wconf 91' lang='lat' dir='ltr'>res</span> <span class='ocrx_word' id='word_1_247' title='bbox 1707 1733 1782 1774; x_wconf 91' lang='lat' dir='ltr'>est,</span> 
     </span>
     <span class='ocr_line' id='line_1_38' title="bbox 407 1781 1782 1834; baseline -0.002 -9"><span class='ocrx_word' id='word_1_248' title='bbox 407 1794 466 1834; x_wconf 81' lang='lat' dir='ltr'>ut,</span> <span class='ocrx_word' id='word_1_249' title='bbox 484 1785 516 1825; x_wconf 93' lang='lat' dir='ltr'>si</span> <span class='ocrx_word' id='word_1_250' title='bbox 537 1785 748 1826; x_wconf 85' lang='lat' dir='ltr'>affuissent</span> <span class='ocrx_word' id='word_1_251' title='bbox 770 1785 934 1825; x_wconf 87' lang='lat' dir='ltr'>Etrusci</span> <span class='ocrx_word' id='word_1_252' title='bbox 955 1793 996 1825; x_wconf 89' lang='lat' dir='ltr'>et</span> <span class='ocrx_word' id='word_1_253' title='bbox 1018 1784 1182 1833; x_wconf 89' lang='lat' dir='ltr'>Umbri,</span> <span class='ocrx_word' id='word_1_254' title='bbox 1200 1793 1271 1824; x_wconf 90' lang='lat' dir='ltr'>aut</span> <span class='ocrx_word' id='word_1_255' title='bbox 1290 1784 1334 1824; x_wconf 89' lang='lat' dir='ltr'>in</span> <span class='ocrx_word' id='word_1_256' title='bbox 1355 1783 1455 1832; x_wconf 92' lang='lat' dir='ltr'>acie,</span> <span class='ocrx_word' id='word_1_257' title='bbox 1474 1790 1545 1823; x_wconf 88' lang='lat' dir='ltr'>aut</span> <span class='ocrx_word' id='word_1_258' title='bbox 1564 1782 1609 1822; x_wconf 87' lang='lat' dir='ltr'>in</span> <span class='ocrx_word' id='word_1_259' title='bbox 1629 1781 1782 1831; x_wconf 87' lang='lat' dir='ltr'>castris,</span> 
     </span>
     <span class='ocr_line' id='line_1_39' title="bbox 408 1838 1784 1898; baseline -0.002 -15"><span class='ocrx_word' id='word_1_260' title='bbox 408 1857 658 1898; x_wconf 89' lang='lat' dir='ltr'>quocunque</span> <span class='ocrx_word' id='word_1_261' title='bbox 680 1858 722 1883; x_wconf 92' lang='lat' dir='ltr'>se</span> <span class='ocrx_word' id='word_1_262' title='bbox 743 1842 1022 1891; x_wconf 84' lang='lat' dir='ltr'>inclinassent,</span> <span class='ocrx_word' id='word_1_263' title='bbox 1041 1841 1283 1897; x_wconf 89' lang='lat' dir='ltr'>accipienda</span> <span class='ocrx_word' id='word_1_264' title='bbox 1302 1840 1439 1881; x_wconf 86' lang='lat' dir='ltr'>clades</span> <span class='ocrx_word' id='word_1_265' title='bbox 1458 1839 1592 1881; x_wconf 85' lang='lat' dir='ltr'>fuerit.</span> <span class='ocrx_word' id='word_1_266' title='bbox 1657 1838 1784 1880; x_wconf 86' lang='lat' dir='ltr'>Cete-</span> 
     </span>
     <span class='ocr_line' id='line_1_40' title="bbox 406 1896 1782 1956; baseline -0.004 -15"><span class='ocrx_word' id='word_1_267' title='bbox 406 1915 512 1950; x_wconf 87' lang='lat' dir='ltr'>rum,</span> <span class='ocrx_word' id='word_1_268' title='bbox 535 1915 773 1956; x_wconf 88' lang='lat' dir='ltr'>quanquam</span> <span class='ocrx_word' id='word_1_269' title='bbox 805 1900 1037 1940; x_wconf 87' lang='lat' dir='ltr'>communis</span> <span class='ocrx_word' id='word_1_270' title='bbox 1058 1898 1193 1939; x_wconf 89' lang='lat' dir='ltr'>adhuc</span> <span class='ocrx_word' id='word_1_271' title='bbox 1216 1898 1331 1939; x_wconf 88' lang='lat' dir='ltr'>Mars</span> <span class='ocrx_word' id='word_1_272' title='bbox 1362 1897 1458 1938; x_wconf 91' lang='lat' dir='ltr'>belli</span> <span class='ocrx_word' id='word_1_273' title='bbox 1482 1905 1580 1946; x_wconf 89' lang='lat' dir='ltr'>erat,</span> <span class='ocrx_word' id='word_1_274' title='bbox 1602 1896 1782 1937; x_wconf 88' lang='lat' dir='ltr'>necdum</span> 
     </span>
     <span class='ocr_line' id='line_1_41' title="bbox 407 1953 1784 2011; baseline -0.003 -13"><span class='ocrx_word' id='word_1_275' title='bbox 407 1957 628 1998; x_wconf 87' lang='lat' dir='ltr'>discrimen</span> <span class='ocrx_word' id='word_1_276' title='bbox 649 1958 814 1998; x_wconf 89' lang='lat' dir='ltr'>fortuna</span> <span class='ocrx_word' id='word_1_277' title='bbox 836 1956 1002 2005; x_wconf 85' lang='lat' dir='ltr'>fecerat,</span> <span class='ocrx_word' id='word_1_278' title='bbox 1026 1971 1109 2011; x_wconf 90' lang='lat' dir='ltr'>qua</span> <span class='ocrx_word' id='word_1_279' title='bbox 1135 1955 1281 1996; x_wconf 84' lang='lat' dir='ltr'>datura</span> <span class='ocrx_word' id='word_1_280' title='bbox 1300 1955 1407 1996; x_wconf 79' lang='lat' dir='ltr'>Vires</span> <span class='ocrx_word' id='word_1_281' title='bbox 1428 1962 1547 2004; x_wconf 87' lang='lat' dir='ltr'>esset,</span> <span class='ocrx_word' id='word_1_282' title='bbox 1567 1953 1784 2009; x_wconf 89' lang='lat' dir='ltr'>haudqua-</span> 
     </span>
     <span class='ocr_line' id='line_1_42' title="bbox 407 2011 1814 2070; baseline -0.003 -14"><span class='ocrx_word' id='word_1_283' title='bbox 407 2030 530 2070; x_wconf 89' lang='lat' dir='ltr'>quam</span> <span class='ocrx_word' id='word_1_284' title='bbox 546 2015 689 2055; x_wconf 89' lang='lat' dir='ltr'>similis</span> <span class='ocrx_word' id='word_1_285' title='bbox 701 2029 843 2070; x_wconf 83' lang='lat' dir='ltr'>pugna</span> <span class='ocrx_word' id='word_1_286' title='bbox 863 2014 907 2054; x_wconf 92' lang='lat' dir='ltr'>in</span> <span class='ocrx_word' id='word_1_287' title='bbox 920 2014 1067 2055; x_wconf 81' lang='lat' dir='ltr'>dextro</span> <span class='ocrx_word' id='word_1_288' title='bbox 1083 2013 1284 2069; x_wconf 81' lang='lat' dir='ltr'>laevoque</span> <span class='ocrx_word' id='word_1_289' title='bbox 1298 2027 1428 2054; x_wconf 88' lang='lat' dir='ltr'>cornu</span> <span class='ocrx_word' id='word_1_290' title='bbox 1443 2020 1540 2053; x_wconf 87' lang='lat' dir='ltr'>erat.</span> <span class='ocrx_word' id='word_1_291' title='bbox 1603 2011 1784 2052; x_wconf 87' lang='lat' dir='ltr'>Romani</span> <span class='ocrx_word' id='word_1_292' title='bbox 1797 2021 1814 2052; x_wconf 88' lang='grc'>5</span> 
     </span>
     <span class='ocr_line' id='line_1_43' title="bbox 407 2067 1782 2128; baseline -0.003 -15"><span class='ocrx_word' id='word_1_293' title='bbox 407 2072 518 2128; x_wconf 88' lang='lat' dir='ltr'>apud</span> <span class='ocrx_word' id='word_1_294' title='bbox 548 2072 723 2113; x_wconf 86' lang='lat' dir='ltr'>Fabium</span> <span class='ocrx_word' id='word_1_295' title='bbox 753 2067 947 2113; x_wconf 80' lang='lat' dir='ltr'>arcebant</span> <span class='ocrx_word' id='word_1_296' title='bbox 976 2071 1118 2127; x_wconf 84' lang='lat' dir='ltr'>magis,</span> <span class='ocrx_word' id='word_1_297' title='bbox 1148 2086 1272 2126; x_wconf 88' lang='lat' dir='ltr'>quam</span> <span class='ocrx_word' id='word_1_298' title='bbox 1302 2070 1546 2119; x_wconf 88' lang='lat' dir='ltr'>inferebant,</span> <span class='ocrx_word' id='word_1_299' title='bbox 1575 2084 1782 2125; x_wconf 89' lang='lat' dir='ltr'>pugnam;</span> 
     </span>
     <span class='ocr_line' id='line_1_44' title="bbox 408 2127 1781 2186; baseline -0.004 -15"><span class='ocrx_word' id='word_1_300' title='bbox 408 2130 784 2186; x_wconf 85' lang='lat' dir='ltr'>extrahebaturque</span> <span class='ocrx_word' id='word_1_301' title='bbox 820 2130 863 2170; x_wconf 92' lang='lat' dir='ltr'>in</span> <span class='ocrx_word' id='word_1_302' title='bbox 895 2145 1020 2185; x_wconf 87' lang='lat' dir='ltr'>quam</span> <span class='ocrx_word' id='word_1_303' title='bbox 1051 2129 1230 2169; x_wconf 80' lang='lat' dir='ltr'>maxime</span> <span class='ocrx_word' id='word_1_304' title='bbox 1266 2143 1403 2169; x_wconf 89' lang='lat' dir='ltr'>serum</span> <span class='ocrx_word' id='word_1_305' title='bbox 1433 2127 1517 2168; x_wconf 83' lang='lat' dir='ltr'>diei</span> <span class='ocrx_word' id='word_1_306' title='bbox 1549 2135 1781 2167; x_wconf 88' lang='lat' dir='ltr'>certamen:</span> 
     </span>
     <span class='ocr_line' id='line_1_45' title="bbox 408 2183 1785 2244; baseline -0.004 -15"><span class='ocrx_word' id='word_1_307' title='bbox 408 2188 506 2243; x_wconf 87' lang='lat' dir='ltr'>quia</span> <span class='ocrx_word' id='word_1_308' title='bbox 525 2188 583 2229; x_wconf 90' lang='lat' dir='ltr'>ita</span> <span class='ocrx_word' id='word_1_309' title='bbox 605 2203 845 2244; x_wconf 90' lang='lat' dir='ltr'>persuasum</span> <span class='ocrx_word' id='word_1_310' title='bbox 874 2195 961 2228; x_wconf 88' lang='lat' dir='ltr'>erat</span> <span class='ocrx_word' id='word_1_311' title='bbox 981 2186 1090 2236; x_wconf 91' lang='lat' dir='ltr'>duci,</span> <span class='ocrx_word' id='word_1_312' title='bbox 1113 2194 1155 2227; x_wconf 90' lang='lat' dir='ltr'>et</span> <span class='ocrx_word' id='word_1_313' title='bbox 1185 2185 1391 2227; x_wconf 88' lang='lat' dir='ltr'>Samnites</span> <span class='ocrx_word' id='word_1_314' title='bbox 1416 2193 1457 2226; x_wconf 92' lang='lat' dir='ltr'>et</span> <span class='ocrx_word' id='word_1_315' title='bbox 1488 2183 1631 2226; x_wconf 89' lang='lat' dir='ltr'>Gallos</span> <span class='ocrx_word' id='word_1_316' title='bbox 1650 2183 1785 2239; x_wconf 89' lang='lat' dir='ltr'>primo</span> 
     </span>
     <span class='ocr_line' id='line_1_46' title="bbox 407 2242 1786 2302; baseline -0.003 -17"><span class='ocrx_word' id='word_1_317' title='bbox 407 2246 567 2302; x_wconf 87' lang='lat' dir='ltr'>impetu</span> <span class='ocrx_word' id='word_1_318' title='bbox 586 2245 742 2286; x_wconf 87' lang='lat' dir='ltr'>feroces</span> <span class='ocrx_word' id='word_1_319' title='bbox 763 2260 862 2294; x_wconf 87' lang='lat' dir='ltr'>csse,</span> <span class='ocrx_word' id='word_1_320' title='bbox 886 2259 989 2300; x_wconf 87' lang='lat' dir='ltr'>quos</span> <span class='ocrx_word' id='word_1_321' title='bbox 1010 2243 1201 2285; x_wconf 85' lang='lat' dir='ltr'>sustineri</span> <span class='ocrx_word' id='word_1_322' title='bbox 1223 2243 1318 2284; x_wconf 87' lang='lat' dir='ltr'>satis</span> <span class='ocrx_word' id='word_1_323' title='bbox 1339 2243 1413 2291; x_wconf 81' lang='lat' dir='ltr'>sit3</span> <span class='ocrx_word' id='word_1_324' title='bbox 1445 2242 1630 2298; x_wconf 89' lang='lat' dir='ltr'>longiore</span> <span class='ocrx_word' id='word_1_325' title='bbox 1655 2249 1786 2282; x_wconf 88' lang='lat' dir='ltr'>certa-</span> 
     </span>
     <span class='ocr_line' id='line_1_47' title="bbox 408 2298 1785 2354; baseline -0.003 -12"><span class='ocrx_word' id='word_1_326' title='bbox 408 2303 518 2344; x_wconf 91' lang='lat' dir='ltr'>mine</span> <span class='ocrx_word' id='word_1_327' title='bbox 533 2303 685 2344; x_wconf 84' lang='lat' dir='ltr'>sensim</span> <span class='ocrx_word' id='word_1_328' title='bbox 701 2302 880 2344; x_wconf 88' lang='lat' dir='ltr'>residere</span> <span class='ocrx_word' id='word_1_329' title='bbox 899 2302 1147 2342; x_wconf 85' lang='lat' dir='ltr'>Samnitium</span> <span class='ocrx_word' id='word_1_330' title='bbox 1164 2301 1344 2341; x_wconf 87' lang='lat' dir='ltr'>animos:</span> <span class='ocrx_word' id='word_1_331' title='bbox 1381 2299 1598 2340; x_wconf 88' lang='lat' dir='ltr'>Gallorum</span> <span class='ocrx_word' id='word_1_332' title='bbox 1614 2298 1785 2354; x_wconf 88' lang='lat' dir='ltr'>quidem</span> 
     </span>
     <span class='ocr_line' id='line_1_48' title="bbox 409 2356 1816 2416; baseline -0.004 -15"><span class='ocrx_word' id='word_1_333' title='bbox 409 2361 533 2401; x_wconf 84' lang='lat' dir='ltr'>ctiam</span> <span class='ocrx_word' id='word_1_334' title='bbox 555 2375 726 2416; x_wconf 87' lang='lat' dir='ltr'>corpora</span> <span class='ocrx_word' id='word_1_335' title='bbox 754 2359 1117 2400; x_wconf 84' lang='lat' dir='ltr'>intolerantissima</span> <span class='ocrx_word' id='word_1_336' title='bbox 1145 2358 1294 2399; x_wconf 89' lang='lat' dir='ltr'>laboris</span> <span class='ocrx_word' id='word_1_337' title='bbox 1321 2366 1445 2413; x_wconf 87' lang='lat' dir='ltr'>atque</span> <span class='ocrx_word' id='word_1_338' title='bbox 1476 2365 1611 2397; x_wconf 89' lang='lat' dir='ltr'>aestus</span> <span class='ocrx_word' id='word_1_339' title='bbox 1630 2356 1816 2405; x_wconf 81' lang='lat' dir='ltr'>fluere36</span> 
     </span>
     <span class='ocr_line' id='line_1_49' title="bbox 409 2412 1785 2473; baseline -0.004 -14"><span class='ocrx_word' id='word_1_340' title='bbox 409 2418 624 2473; x_wconf 90' lang='lat' dir='ltr'>primaque</span> <span class='ocrx_word' id='word_1_341' title='bbox 642 2433 784 2459; x_wconf 89' lang='lat' dir='ltr'>eorum</span> <span class='ocrx_word' id='word_1_342' title='bbox 800 2416 957 2473; x_wconf 89' lang='lat' dir='ltr'>proelia</span> <span class='ocrx_word' id='word_1_343' title='bbox 975 2416 1067 2473; x_wconf 91' lang='lat' dir='ltr'>plus</span> <span class='ocrx_word' id='word_1_344' title='bbox 1082 2431 1206 2471; x_wconf 92' lang='lat' dir='ltr'>quam</span> <span class='ocrx_word' id='word_1_345' title='bbox 1219 2415 1412 2464; x_wconf 88' lang='lat' dir='ltr'>virorum,</span> <span class='ocrx_word' id='word_1_346' title='bbox 1427 2422 1634 2470; x_wconf 89' lang='lat' dir='ltr'>postrema</span> <span class='ocrx_word' id='word_1_347' title='bbox 1648 2412 1785 2454; x_wconf 90' lang='lat' dir='ltr'>minus</span> 
     </span>
    </p>
   </div>
   <div class='ocr_carea' id='block_1_7' title="bbox 411 2545 1076 2924">
    <p class='ocr_par' dir='ltr' id='par_1_7' title="bbox 411 2545 1076 2713">
     <span class='ocr_line' id='line_1_50' title="bbox 456 2545 1074 2587; baseline -0.006 -9"><span class='ocrx_word' id='word_1_348' title='bbox 456 2558 472 2587; x_wconf 81' lang='grc'>3</span> <span class='ocrx_word' id='word_1_349' title='bbox 495 2549 550 2578; x_wconf 82' lang='lat' dir='ltr'>Ad</span> <span class='ocrx_word' id='word_1_350' title='bbox 575 2547 735 2584; x_wconf 70' lang='lat' dir='ltr'>Clusium]</span> <span class='ocrx_word' id='word_1_351' title='bbox 771 2545 921 2576; x_wconf 87' lang='lat' dir='ltr'>Fulvium</span> <span class='ocrx_word' id='word_1_352' title='bbox 948 2545 989 2574; x_wconf 91' lang='lat' dir='ltr'>ad</span> <span class='ocrx_word' id='word_1_353' title='bbox 1014 2546 1074 2574; x_wconf 80' lang='lat' dir='ltr'>As-</span> 
     </span>
     <span class='ocr_line' id='line_1_51' title="bbox 411 2587 1075 2628; baseline -0.009 -6"><span class='ocrx_word' id='word_1_354' title='bbox 411 2592 521 2622; x_wconf 78' lang='lat' dir='ltr'>sisium</span> <span class='ocrx_word' id='word_1_355' title='bbox 537 2594 638 2620; x_wconf 81' lang='lat' dir='ltr'>castra</span> <span class='ocrx_word' id='word_1_356' title='bbox 654 2588 806 2628; x_wconf 78' lang='lat' dir='ltr'>posuisse,</span> <span class='ocrx_word' id='word_1_357' title='bbox 822 2587 1024 2618; x_wconf 84' lang='lat' dir='ltr'>Postumium</span> <span class='ocrx_word' id='word_1_358' title='bbox 1043 2587 1075 2616; x_wconf 90' lang='lat' dir='ltr'>in</span> 
     </span>
     <span class='ocr_line' id='line_1_52' title="bbox 413 2630 1076 2663; baseline -0.008 0"><span class='ocrx_word' id='word_1_359' title='bbox 413 2634 479 2663; x_wconf 87' lang='lat' dir='ltr'>eius</span> <span class='ocrx_word' id='word_1_360' title='bbox 489 2633 558 2663; x_wconf 89' lang='lat' dir='ltr'>loco</span> <span class='ocrx_word' id='word_1_361' title='bbox 567 2632 708 2663; x_wconf 85' lang='lat' dir='ltr'>Falerios</span> <span class='ocrx_word' id='word_1_362' title='bbox 716 2631 854 2662; x_wconf 82' lang='lat' dir='ltr'>tenuisse</span> <span class='ocrx_word' id='word_1_363' title='bbox 865 2631 932 2661; x_wconf 81' lang='lat' dir='ltr'>vult</span> <span class='ocrx_word' id='word_1_364' title='bbox 940 2630 1076 2661; x_wconf 83' lang='lat' dir='ltr'>Niebhr.</span> 
     </span>
     <span class='ocr_line' id='line_1_53' title="bbox 414 2674 590 2713; baseline 0.006 -9"><span class='ocrx_word' id='word_1_365' title='bbox 414 2676 455 2706; x_wconf 88' lang='lat' dir='ltr'>iii.</span> <span class='ocrx_word' id='word_1_366' title='bbox 471 2686 501 2705; x_wconf 88' lang='lat' dir='ltr'>n.</span> <span class='ocrx_word' id='word_1_367' title='bbox 519 2674 590 2713; x_wconf 79' lang='lat'>640.</span> 
     </span>
    </p>

    <p class='ocr_par' dir='ltr' id='par_1_8' title="bbox 414 2716 1076 2839">
     <span class='ocr_line' id='line_1_54' title="bbox 456 2716 1076 2755; baseline -0.005 -7"><span class='ocrx_word' id='word_1_368' title='bbox 456 2729 474 2755; x_wconf 86' lang='lat'>4</span> <span class='ocrx_word' id='word_1_369' title='bbox 502 2719 654 2747; x_wconf 75' lang='lat' dir='ltr'>Omnibus</span> <span class='ocrx_word' id='word_1_370' title='bbox 690 2717 803 2755; x_wconf 76' lang='lat' dir='ltr'>copiis]</span> <span class='ocrx_word' id='word_1_371' title='bbox 861 2716 912 2746; x_wconf 80' lang='lat' dir='ltr'>Ita</span> <span class='ocrx_word' id='word_1_372' title='bbox 949 2725 1076 2754; x_wconf 85' lang='lat' dir='ltr'>quoquo</span> 
     </span>
     <span class='ocr_line' id='line_1_55' title="bbox 416 2757 1076 2800; baseline -0.005 -11"><span class='ocrx_word' id='word_1_373' title='bbox 416 2760 528 2798; x_wconf 87' lang='lat' dir='ltr'>Polyb.</span> <span class='ocrx_word' id='word_1_374' title='bbox 550 2759 581 2789; x_wconf 91' lang='lat' dir='ltr'>ii.</span> <span class='ocrx_word' id='word_1_375' title='bbox 609 2770 656 2800; x_wconf 76' lang='lat'>19,</span> <span class='ocrx_word' id='word_1_376' title='bbox 679 2757 894 2796; x_wconf 80' lang='grc' dir='ltr'>συμβάλοντες</span> <span class='ocrx_word' id='word_1_377' title='bbox 915 2758 991 2787; x_wconf 78' lang='grc' dir='ltr'>πᾶσι</span> <span class='ocrx_word' id='word_1_378' title='bbox 1013 2758 1076 2787; x_wconf 80' lang='grc' dir='ltr'><em>τοῖς</em></span> 
     </span>
     <span class='ocr_line' id='line_1_56' title="bbox 414 2800 640 2839; baseline 0.009 -9"><span class='ocrx_word' id='word_1_379' title='bbox 414 2800 640 2839; x_wconf 79' lang='grc' dir='ltr'>στρατοπέδοις.</span> 
     </span>
    </p>

    <p class='ocr_par' dir='ltr' id='par_1_9' title="bbox 416 2842 1075 2924">
     <span class='ocr_line' id='line_1_57' title="bbox 457 2842 1075 2883; baseline -0.003 -10"><span class='ocrx_word' id='word_1_380' title='bbox 457 2853 473 2882; x_wconf 82' lang='lat'>5</span> <span class='ocrx_word' id='word_1_381' title='bbox 498 2845 633 2873; x_wconf 76' lang='lat' dir='ltr'>Romani</span> <span class='ocrx_word' id='word_1_382' title='bbox 662 2845 751 2883; x_wconf 74' lang='lat' dir='ltr'>apud</span> <span class='ocrx_word' id='word_1_383' title='bbox 780 2844 931 2881; x_wconf 78' lang='lat' dir='ltr'>Fabium]</span> <span class='ocrx_word' id='word_1_384' title='bbox 968 2842 1075 2872; x_wconf 80' lang='lat' dir='ltr'>Duces</span> 
     </span>
     <span class='ocr_line' id='line_1_58' title="bbox 416 2885 1074 2924; baseline -0.003 -8"><span class='ocrx_word' id='word_1_385' title='bbox 416 2885 554 2916; x_wconf 86' lang='lat' dir='ltr'>Romani</span> <span class='ocrx_word' id='word_1_386' title='bbox 579 2895 634 2923; x_wconf 87' lang='lat' dir='ltr'>pro</span> <span class='ocrx_word' id='word_1_387' title='bbox 661 2896 716 2915; x_wconf 83' lang='lat' dir='ltr'>sua</span> <span class='ocrx_word' id='word_1_388' title='bbox 739 2886 870 2924; x_wconf 78' lang='lat' dir='ltr'>quisque</span> <span class='ocrx_word' id='word_1_389' title='bbox 897 2890 963 2916; x_wconf 84' lang='lat' dir='ltr'>arte</span> <span class='ocrx_word' id='word_1_390' title='bbox 987 2894 1074 2923; x_wconf 86' lang='lat' dir='ltr'>proe-</span> 
     </span>
    </p>
   </div>
   <div class='ocr_carea' id='block_1_8' title="bbox 1119 2542 1787 2918">
    <p class='ocr_par' dir='ltr' id='par_1_10' title="bbox 1119 2542 1787 2787">
     <span class='ocr_line' id='line_1_59' title="bbox 1120 2542 1785 2582; baseline 0 -8"><span class='ocrx_word' id='word_1_391' title='bbox 1120 2544 1199 2574; x_wconf 88' lang='lat' dir='ltr'>lium</span> <span class='ocrx_word' id='word_1_392' title='bbox 1216 2543 1352 2574; x_wconf 85' lang='lat' dir='ltr'>ciebant.</span> <span class='ocrx_word' id='word_1_393' title='bbox 1388 2543 1520 2580; x_wconf 83' lang='lat' dir='ltr'>Decius,</span> <span class='ocrx_word' id='word_1_394' title='bbox 1532 2546 1568 2573; x_wconf 80' lang='lat' dir='ltr'>ut</span> <span class='ocrx_word' id='word_1_395' title='bbox 1581 2542 1634 2582; x_wconf 85' lang='lat' dir='ltr'>qui</span> <span class='ocrx_word' id='word_1_396' title='bbox 1648 2542 1785 2574; x_wconf 85' lang='lat' dir='ltr'>ferociae</span> 
     </span>
     <span class='ocr_line' id='line_1_60' title="bbox 1121 2585 1784 2623; baseline 0 -7"><span class='ocrx_word' id='word_1_397' title='bbox 1121 2587 1289 2617; x_wconf 85' lang='lat' dir='ltr'>Gallorum</span> <span class='ocrx_word' id='word_1_398' title='bbox 1327 2585 1470 2616; x_wconf 89' lang='lat' dir='ltr'>obiectus</span> <span class='ocrx_word' id='word_1_399' title='bbox 1507 2589 1586 2623; x_wconf 80' lang='lat' dir='ltr'>erat,</span> <span class='ocrx_word' id='word_1_400' title='bbox 1614 2585 1715 2616; x_wconf 88' lang='lat' dir='ltr'>aciem</span> <span class='ocrx_word' id='word_1_401' title='bbox 1751 2585 1784 2616; x_wconf 89' lang='lat' dir='ltr'>in</span> 
     </span>
     <span class='ocr_line' id='line_1_61' title="bbox 1120 2627 1785 2668; baseline 0 -10"><span class='ocrx_word' id='word_1_402' title='bbox 1120 2629 1258 2668; x_wconf 88' lang='lat' dir='ltr'>primum</span> <span class='ocrx_word' id='word_1_403' title='bbox 1274 2628 1430 2668; x_wconf 89' lang='lat' dir='ltr'>impetum</span> <span class='ocrx_word' id='word_1_404' title='bbox 1446 2628 1620 2658; x_wconf 86' lang='lat' dir='ltr'>instruebat</span> <span class='ocrx_word' id='word_1_405' title='bbox 1634 2638 1642 2658; x_wconf 79' lang='lat' dir='ltr'>t</span> <span class='ocrx_word' id='word_1_406' title='bbox 1667 2627 1785 2658; x_wconf 84' lang='lat' dir='ltr'>Fabius</span> 
     </span>
     <span class='ocr_line' id='line_1_62' title="bbox 1121 2670 1787 2710; baseline -0.002 -9"><span class='ocrx_word' id='word_1_407' title='bbox 1121 2675 1231 2701; x_wconf 84' lang='lat' dir='ltr'>contra</span> <span class='ocrx_word' id='word_1_408' title='bbox 1253 2670 1442 2701; x_wconf 85' lang='lat' dir='ltr'>Samnitium</span> <span class='ocrx_word' id='word_1_409' title='bbox 1459 2680 1600 2710; x_wconf 86' lang='lat' dir='ltr'>pugnam</span> <span class='ocrx_word' id='word_1_410' title='bbox 1616 2670 1787 2700; x_wconf 87' lang='lat' dir='ltr'>lentiorem</span> 
     </span>
     <span class='ocr_line' id='line_1_63' title="bbox 1120 2711 1783 2749; baseline -0.002 -5"><span class='ocrx_word' id='word_1_411' title='bbox 1120 2715 1185 2744; x_wconf 85' lang='lat' dir='ltr'>fore</span> <span class='ocrx_word' id='word_1_412' title='bbox 1206 2717 1303 2749; x_wconf 80' lang='lat' dir='ltr'>ratus,</span> <span class='ocrx_word' id='word_1_413' title='bbox 1323 2712 1463 2743; x_wconf 85' lang='lat' dir='ltr'>subsidia</span> <span class='ocrx_word' id='word_1_414' title='bbox 1486 2713 1527 2743; x_wconf 85' lang='lat' dir='ltr'>ad</span> <span class='ocrx_word' id='word_1_415' title='bbox 1550 2711 1685 2743; x_wconf 87' lang='lat' dir='ltr'>incertos</span> <span class='ocrx_word' id='word_1_416' title='bbox 1707 2711 1783 2743; x_wconf 89' lang='lat' dir='ltr'>belli</span> 
     </span>
     <span class='ocr_line' id='line_1_64' title="bbox 1119 2756 1423 2787; baseline -0.003 0"><span class='ocrx_word' id='word_1_417' title='bbox 1119 2760 1252 2787; x_wconf 74' lang='lat' dir='ltr'>eventus</span> <span class='ocrx_word' id='word_1_418' title='bbox 1266 2756 1423 2786; x_wconf 83' lang='lat' dir='ltr'>firmabat.</span> 
     </span>
    </p>

    <p class='ocr_par' dir='ltr' id='par_1_11' title="bbox 1120 2795 1781 2918">
     <span class='ocr_line' id='line_1_65' title="bbox 1162 2795 1781 2836; baseline -0.005 -7"><span class='ocrx_word' id='word_1_419' title='bbox 1162 2798 1181 2829; x_wconf 92' lang='lat'><strong>6</strong></span> <span class='ocrx_word' id='word_1_420' title='bbox 1205 2800 1337 2836; x_wconf 77' lang='lat' dir='ltr'>Fluere]</span> <span class='ocrx_word' id='word_1_421' title='bbox 1365 2797 1458 2835; x_wconf 86' lang='lat' dir='ltr'>Labi,</span> <span class='ocrx_word' id='word_1_422' title='bbox 1472 2797 1562 2834; x_wconf 79' lang='lat' dir='ltr'>solvi,</span> <span class='ocrx_word' id='word_1_423' title='bbox 1578 2807 1617 2828; x_wconf 85' lang='lat' dir='ltr'>ex</span> <span class='ocrx_word' id='word_1_424' title='bbox 1632 2795 1781 2836; x_wconf 74' lang='lat' dir='ltr'>defatiga-</span> 
     </span>
     <span class='ocr_line' id='line_1_66' title="bbox 1120 2839 1781 2879; baseline -0.005 -7"><span class='ocrx_word' id='word_1_425' title='bbox 1120 2841 1206 2872; x_wconf 81' lang='lat' dir='ltr'>tione</span> <span class='ocrx_word' id='word_1_426' title='bbox 1222 2841 1366 2871; x_wconf 85' lang='lat' dir='ltr'>deficcre.</span> <span class='ocrx_word' id='word_1_427' title='bbox 1398 2840 1491 2879; x_wconf 85' lang='lat' dir='ltr'>Supr.</span> <span class='ocrx_word' id='word_1_428' title='bbox 1507 2839 1558 2870; x_wconf 86' lang='lat' dir='ltr'>vii.</span> <span class='ocrx_word' id='word_1_429' title='bbox 1576 2849 1625 2879; x_wconf 76' lang='lat'>33,</span> <span class='ocrx_word' id='word_1_430' title='bbox 1639 2841 1781 2878; x_wconf 78' lang='lat' dir='ltr'>etfluere</span> 
     </span>
     <span class='ocr_line' id='line_1_67' title="bbox 1120 2883 1672 2918; baseline -0.005 -4"><span class='ocrx_word' id='word_1_431' title='bbox 1120 2886 1181 2914; x_wconf 83' lang='lat' dir='ltr'>iam</span> <span class='ocrx_word' id='word_1_432' title='bbox 1199 2884 1386 2914; x_wconf 73' lang='lat' dir='ltr'>lassitudine</span> <span class='ocrx_word' id='word_1_433' title='bbox 1401 2884 1495 2918; x_wconf 81' lang='lat' dir='ltr'>vires,</span> <span class='ocrx_word' id='word_1_434' title='bbox 1509 2883 1672 2913; x_wconf 80' lang='lat' dir='ltr'>sentirent.</span> 
     </span>
    </p>
   </div>
  </div>
 </body>
</html>
