1934 3211
548 176 674 218 LIB.
709 175 789 217 III.
836 175 983 216 CAP.
1018 179 1084 220 37.
1440 179 1520 220 185

125 266 239 316 siliis,
261 281 369 322 quae
399 273 559 306 secreto
589 265 642 305 ab
673 263 764 305 aliis
794 265 1046 320 coquebant,
1070 266 1153 306 iam
1184 265 1299 307 haud
1327 267 1522 308 dissimu-

125 323 253 365 lando
282 322 532 378 superbiam,
564 321 644 362 rari
677 320 828 371 aditus,
863 321 1203 377 colloquentibus
1233 323 1436 372 difficiles,
1469 324 1522 364 ad

95 380 228 427 9Idus
261 379 399 420 Maias
433 394 523 419 rem
559 378 807 434 perduxere.
870 378 972 420 Idus
1007 388 1098 420 tum
1135 379 1277 420 Maiae
1314 379 1523 421 sollennes

125 436 322 478 ineundis
343 436 652 492 magistratibus
674 444 804 476 erant.
853 435 982 476 Initio
1004 436 1132 492 igitur
1152 437 1418 492 magistratus
1438 438 1524 492 pri-

125 508 243 535 mum
264 493 435 534 honoris
451 493 565 534 diem
583 492 903 533 denuntiatione
925 493 1109 548 ingentis
1126 494 1293 534 terroris
1314 494 1524 550 insignem

125 550 273 592 fecere.
337 549 450 591 Nam
484 565 617 606 quum
653 550 713 590 ita
744 550 903 605 priores
939 550 1167 591 decemviri
1200 560 1445 601 servassent,
1479 560 1527 591 ut

125 622 236 649 unus
256 607 388 649 fasces
412 607 598 656 haberet,
621 616 665 648 et
685 607 765 648 hoe
788 607 952 663 insigne
974 608 1138 663 regium
1159 608 1204 648 in
1225 609 1383 657 orbem,
1407 623 1526 649 suam

126 665 331 720 cuiusque
353 665 501 714 vicem,
524 680 600 720 per
621 679 766 705 omnes
787 664 878 714 iret,
902 665 1040 705 subito
1061 680 1207 706 omnes
1237 680 1334 706 cum
1364 665 1527 706 duode-

126 722 193 763 nis
212 722 393 763 fascibus
414 721 620 778 prodiere.
687 720 874 762 Centum
901 722 1052 777 viginti
1082 722 1249 763 lictores
1279 722 1417 763 forum
1448 723 1527 763 im-

99 778 355 835 1pleverant,
390 788 432 820 et
465 779 644 820 fascibus
677 793 843 819 secures
879 778 1057 834 illigatas
1077 779 1404 834 praeferebant:
1447 794 1527 820 nec

127 836 344 877 attinuisse
366 836 478 877 demi
501 836 695 885 securim,
720 850 851 890 quum
877 835 966 877 sine
997 836 1293 892 provocatione
1315 837 1442 878 creati
1464 852 1529 878 es-

127 901 233 942 sent,
256 893 650 949 interpretabantur.
721 892 886 933 Decem
914 907 1060 949 regum
1082 894 1242 949 species
1263 902 1363 942 erat,
1386 894 1529 935 multi-

1538 277 1582 309 U.
1599 276 1637 308 C.
1657 284 1728 316 304.

1537 321 1576 350 A.
1601 320 1639 350 C.
1657 318 1730 356 448.

1538 359 1712 392 Decemvi-

1537 413 1644 433 rorum
1662 412 1718 431 an-

1538 456 1598 475 nus
1615 444 1665 475 II.

1542 731 1715 762 Decemvi-

1541 784 1648 804 rorum
1665 774 1748 804 inso-

1541 816 1643 847 lentia
1660 821 1693 847 et

1541 858 1697 898 tyrannis.

127 950 390 1007 plicatusque
422 959 554 991 terror
583 964 670 990 non
701 949 858 990 infimis
888 949 1036 999 solum,
1063 950 1138 990 sed
1168 951 1419 1006 primoribus
1447 951 1530 991 Pa·
1565 945 1569 949 ¹

129 1017 253 1056 trum,
276 1017 374 1048 ratls
395 1007 534 1048 caedis
555 1021 722 1048 causam
745 1021 793 1047 ac
818 1007 1073 1063 principium
1096 1022 1263 1062 quaen:
1297 1016 1356 1057 ut,
1380 1008 1413 1048 si
1435 1008 1530 1063 quis

128 1079 359 1105 memorem
380 1064 583 1105 libertatis
603 1078 749 1104 vocem
771 1072 844 1104 aut
864 1064 908 1104 in
930 1073 1078 1105 senatu
1100 1073 1173 1105 aut
1202 1065 1246 1104 in
1272 1064 1429 1120 populo
1451 1065 1530 1105 mi-

128 1121 260 1170 sisset,
283 1121 423 1162 statim
445 1121 584 1175 virgae
607 1136 857 1176 securesque
880 1121 1007 1162 etiam
1033 1121 1086 1162 ad
1108 1130 1344 1162 ceterorum
1367 1130 1530 1163 metum

129 1178 443 1234 expedirentur.
508 1177 635 1227 Nam,
672 1187 967 1233 praeterquam
1001 1177 1116 1233 quod
1153 1179 1196 1218 in
1230 1178 1387 1234 populo
1423 1178 1531 1219 nihil

98 1244 219 1278 2erat
238 1235 449 1291 praesidii,
473 1235 635 1276 sublata
661 1236 969 1290 provocatione,
993 1235 1334 1277 intercessionem
1358 1251 1530 1291 quoque

130 1307 339 1334 consensu
360 1292 635 1333 sustulerant:
668 1307 801 1347 quum
823 1293 981 1348 priores
997 1292 1226 1334 decemviri
1247 1293 1530 1348 appellatione

130 1349 315 1406 collegae
345 1350 496 1405 corrigi
528 1349 693 1390 reddita
715 1350 766 1390 ab
797 1364 839 1390 se
872 1349 963 1389 iura
994 1349 1210 1398 tulissent:
1243 1359 1286 1390 et
1307 1351 1530 1405 quaedam,

130 1422 240 1463 quae
274 1407 337 1447 sui
375 1406 518 1448 iudicii
555 1406 688 1447 videri
726 1414 908 1462 possent,
944 1405 997 1446 ad
1034 1406 1239 1462 populum
1276 1407 1529 1447 reiecissent.

132 1463 413 1520 Aliquamdiu
443 1472 646 1519 aequatus
682 1463 794 1504 inter
824 1477 970 1503 omnes
1008 1471 1139 1503 terror
1173 1463 1276 1503 fuit:
1314 1463 1533 1519 paullatim

132 1529 245 1562 totus
266 1530 426 1562 vertere
453 1521 495 1560 in
522 1520 689 1576 plebem
711 1520 862 1576 coepit.
926 1520 1233 1561 Abstinebatur
1264 1535 1288 1561 a
1308 1519 1530 1561 Patribus:

132 1579 177 1619 in
198 1577 442 1619 humiliores
462 1577 684 1617 libidinose
706 1576 1019 1632 crudeliterque
1042 1577 1363 1618 consulebatur:
1398 1577 1534 1619 homi-

132 1650 250 1685 num,
272 1650 357 1676 non
389 1648 621 1683 causarum,
645 1633 721 1675 toti
750 1642 892 1675 erant:
927 1642 975 1674 ut
1005 1634 1118 1689 apud
1150 1649 1256 1690 quos
1285 1634 1419 1690 gratia
1448 1635 1534 1675 vim

133 1693 259 1748 aequi
284 1691 468 1733 haberet.
532 1691 697 1732 Iudicia
716 1690 831 1731 domi
853 1691 1105 1740 conflabant,
1129 1692 1459 1747 pronuntiabant
1491 1692 1535 1732 in

133 1749 233 1791 foro.
300 1748 344 1790 Si
373 1749 467 1804 quis
497 1748 701 1804 collegam
733 1747 994 1803 appellasset,
1022 1748 1073 1788 ab
1096 1763 1158 1797 eo,
1183 1748 1236 1789 ad
1258 1763 1385 1804 quem
1407 1764 1536 1790 vene-

133 1815 209 1856 rat,
232 1806 292 1847 ita
310 1805 566 1854 discedebat,
595 1814 640 1846 ut
669 1805 921 1870 poeniteret,
954 1820 1038 1846 non
1071 1805 1219 1861 prioris
1251 1806 1422 1847 decreto
1453 1816 1536 1848 ste-

134 1864 243 1905 tisse.
309 1862 468 1919 Opinio
490 1862 616 1903 etiam
647 1877 736 1903 sme
758 1870 927 1903 auctore
950 1862 1122 1911 exierat,
1146 1878 1231 1904 non
1263 1863 1307 1903 in
1370 1878 1536 1904 raesen-

135 1921 187 1963 tis
208 1920 335 1962 modo
352 1920 552 1976 temporis
568 1934 640 1960 eos
656 1919 852 1960 iniuriam
869 1920 1140 1975 conspirasse,
1159 1920 1233 1961 sed
1253 1920 1338 1961 foe(
1354 1936 1400 1961 us
1422 1920 1536 1962 clan-

134 1977 349 2019 destinum
381 1978 492 2018 inter
522 1977 632 2032 ipsos
663 1976 934 2017 iureiurando
966 1977 1110 2026 ictum,
1134 1992 1187 2018 ne
1210 1977 1381 2018 comitia
1408 1978 1537 2019 habe-

136 2043 243 2085 rent,
265 2043 556 2100 perpetuoque
579 2033 866 2074 decemviratu
887 2048 1122 2088 possessum
1144 2034 1274 2074 semel
1295 2034 1537 2076 obtinerent

137 2092 373 2148 imperuim.

199 2148 563 2204 Circumspectare
596 2156 684 2188 tum
717 2146 986 2202 patriciorum
1009 2146 1148 2187 vultus
1175 2146 1341 2202 plebeii,
1366 2157 1409 2188 et
1437 2147 1536 2189 inde

138 2205 341 2247 libertatis
362 2216 528 2261 captare
551 2219 707 2252 auram,
731 2203 843 2243 unde
867 2203 1110 2244 servitutem
1143 2203 1332 2244 timendo
1365 2204 1408 2244 in
1439 2220 1536 2245 eum

138 2272 293 2304 statum
316 2261 616 2318 rempublicam
639 2261 915 2302 adduxerant.
972 2260 1182 2301 Primores
1204 2261 1377 2302 Pati-nm
1401 2262 1537 2303 odisse

139 2320 411 2369 decemviros,
435 2319 571 2360 odisse
604 2318 794 2375 plebem:
830 2333 907 2358 nec
934 2318 1123 2374 probare,
1147 2334 1254 2373 quac
1288 2319 1461 2368 {icrent3
1495 2329 1537 2360 et

183 2493 204 2524 9
227 2484 307 2514 Idus
323 2487 390 2512 lum
407 2482 540 2519 Alaina]
567 2480 606 2510 cf.
619 2479 713 2519 Supr.
731 2477 774 2509 iii.
788 2478 817 2508 6.
865 2478 976 2517 pulum
996 2478 1115 2508 liceret.
1154 2478 1262 2514 Unde,
1279 2488 1378 2517 quum
1399 2477 1456 2517 ipsi
1473 2478 1541 2509 aine

142 2525 196 2556 ubi
226 2524 420 2565 principium
447 2524 522 2554 unni
550 2521 726 2553 consularis
752 2521 817 2550 Ku-
865 2521 1092 2559 provocantium·
1123 2521 1219 2550 creati
1247 2526 1362 2555 essent.
1389 2521 1540 2560 interpre-

144 2567 248 2598 lendin
267 2566 443 2597 Sextilibus
466 2566 630 2603 agebatur.
676 2566 817 2595 Causam
864 2564 1027 2597 nubuntur„
1051 2563 1080 2592 id
1107 2568 1165 2598 eat,
1189 2563 1430 2602 interpretando
1454 2573 1539 2593 men-

144 2609 332 2641 mutationis
347 2619 398 2647 ap.
419 2608 516 2639 Dion.
534 2618 563 2638 x.
583 2618 632 2648 59.
653 2607 796 2643 legimus.
865 2610 929 2634 tem
957 2605 1050 2634 huius
1078 2606 1329 2639 conant-uminis,
1356 2606 1541 2636 annuebant

192 2663 201 2683 ι
229 2654 298 2683 Nec
317 2653 487 2681 ‹amun-'ue
502 2651 583 2680 ‹lenn'
607 2651 743 2680 securim
761 2671 768 2678 .
786 2671 793 2677 .
812 2670 818 2677 .
865 2657 903 2676 eu
926 2659 958 2676 m·
983 2658 1044 2677 nnn
1070 2648 1181 2681 tem-ri,
1198 2658 1256 2677 ner·
1283 2648 1381 2677 ullum
1407 2658 1474 2678 ense
1496 2659 1540 2678 m—

143 2694 460 2734 interpremlmutur]
513 2692 723 2722 (mimir-tudo
753 2695 820 2720 erut
866 2689 985 2719 tionem
1012 2701 1068 2719 cur
1094 2691 1258 2720 demerent
1285 2702 1302 2719 ι·
1332 2690 1470 2721 nauibus
1495 2701 1541 2721 oe-

145 2738 208 2768 inm
227 2737 301 2767 inde
317 2746 336 2765 ιι
356 2734 486 2764 Vult-rio
507 2734 674 2764 Publicola
691 2732 820 2767 traditu,
865 2742 965 2762 cures.
990 2734 1096 2762 (fui-zv.
1208 2762 1211 2764 ,

146 2791 186 2810 ne
207 2788 332 2809 secures
355 2777 494 2807 timu-ilum
518 2776 659 2812 illigatae
685 2775 819 2813 prnescr-
911 2783 926 2803 ε
951 2775 1200 2812 Ι’νοι·ικ·ιι1ὁοηι·]
1230 2785 1271 2805 κς.
1297 2775 1344 2805 Ad
1372 2776 1541 2815 populum.

146 2827 256 2853 rentur
273 2821 303 2851 in
322 2821 398 2850 urbe
411 2818 603 2849 coniminum.
640 2817 703 2846 sm}
721 2817 751 2847 id
768 2816 819 2846 ‹le-
868 2817 1126 2846 [nu-remnimmn
1143 2817 1468 2848 h.c.dvcemvir0rum
1486 2818 1540 2848 nd·

147 2864 276 2896 cemviri
308 2862 379 2893 idco
411 2863 530 2892 finctum
562 2871 628 2890 caue
659 2860 820 2894 dict-bunt.
868 2868 973 2889 versun
989 2860 1156 2897 collegam.

147 2907 232 2946 quud
258 2918 275 2936 a
300 2904 484 2936 consulibus
508 2913 678 2942 provocare
701 2902 740 2931 ml
767 2911 818 2940 po—

1622 2153 1689 2191 37.
