1934 3211
399 156 483 193 320
597 153 599 155 ’
921 155 1069 198 ΤΙΤΙ
1107 155 1285 197 LIVII

179 253 222 283 U.
241 253 279 284 C.
299 253 370 292 361.
399 259 486 285 esse
509 253 658 300 quarta
682 246 825 302 vigilia
851 246 978 287 iubet.
1045 246 1100 287 Et
1122 246 1273 295 hostes,
1303 254 1552 286 nocturnam
1574 245 1716 301 fugam
1742 260 1795 286 ex
1811 260 1827 292 7

178 297 217 326 A.
243 296 279 327 C.
300 306 369 336 391·
398 302 561 343 tumulo
584 302 874 345 Romanorum
898 313 944 344 ut
965 304 1016 344 ab
1030 319 1080 344 ea
1099 304 1177 352 via,
1197 318 1304 359 quae
1325 303 1485 344 ferebat
1498 302 1794 358 Verruginem,

397 358 685 410 excluderent,
720 361 837 402 fuere
876 361 1010 402 obvii:
1054 360 1347 417 proeliumque
1390 368 1486 401 ante
1526 359 1665 400 lucem
1701 359 1796 414 (sed

396 416 497 457 luna
516 432 675 472 pernox
699 418 807 473 erat)
820 418 1088 459 commissum
1105 427 1189 458 est:
1224 426 1266 458 et
1287 417 1400 458 haud
1422 417 1622 458 incertius
1643 417 1795 459 diurno
1808 425 1828 456 8

397 474 557 529 proelio
584 475 674 516 fuit.
741 475 825 516 Sed
847 475 1003 516 clamor
1024 475 1308 530 Verruginem
1332 474 1529 530 perlatus,
1553 489 1686 530 quum
1707 489 1795 515 cas-

398 540 460 572 tra
492 531 685 573 Romana
715 533 936 573 crederent
966 533 1212 587 oppugnari,
1246 541 1410 572 tantum
1440 532 1587 573 iniecit
1617 532 1793 587 pavoris,

399 596 457 637 ut,
487 590 771 645 nequicquam
802 590 1010 630 retinente
1042 585 1168 644 atque
1200 589 1443 629 obsecrante
1476 589 1674 638 Aemilio,
1705 589 1795 630 Tu-

398 645 559 686 sculum
592 647 719 701 palati
754 647 959 702 fugerent.
1023 645 1128 686 Inde
1166 645 1276 686 fama
1309 646 1490 687 Romam
1523 646 1683 702 perlata
1717 654 1793 696 est,

398 703 664 743 Postumium
696 704 1015 757 exercitumque
1049 702 1245 743 occisum.
1312 702 1412 751 Qui,
1445 703 1517 744 ubi
1553 704 1688 759 prima
1718 703 1794 744 lux

399 769 559 800 metum
590 760 837 800 insidiarum
868 760 997 800 effuse
1029 760 1302 815 sequentibus
1330 760 1508 809 sustulit,
1535 775 1667 816 quum
1698 775 1826 816 per-9

399 817 627 871 equitasset
648 817 793 866 aciem,
816 817 1018 872 promissa
1038 825 1247 872 repetens,
1270 824 1435 857 tantum
1456 817 1601 858 iniecit
1621 817 1792 868 ardoris,

399 882 444 914 ut
475 889 561 914 non
594 874 703 915 ultra
733 874 1008 915 sustinuerint
1039 874 1244 929 impetum
1277 874 1431 929 Aequi.
1497 873 1662 915 Caedes
1694 875 1793 916 inde

396 931 660 985 fugientium,
684 931 818 987 qualis
849 932 922 972 ubi
944 931 1005 972 ira
1031 931 1175 987 magiS,
1199 946 1325 987 quam
1346 931 1514 981 virtute,
1536 946 1601 972 res
1621 932 1793 987 geritur,

397 988 449 1028 ad
485 989 715 1043 perniciem
749 989 933 1030 hostium
965 990 1074 1029 facta
1107 998 1191 1037 est3
1231 989 1477 1044 tristemque
1518 989 1570 1029 ab
1607 988 1794 1030 Tusculo

396 1045 606 1095 nuntium,
630 1046 913 1102 nequicquam
935 1046 1135 1087 exterrita
1155 1046 1335 1096 civitate,
1358 1046 1502 1087 literae
1524 1061 1548 1087 a
1575 1046 1794 1087 Postumio

396 1102 604 1144 laureatae
645 1114 904 1159 sequuntur:
960 1103 1217 1146 ‘Victoriam
1263 1103 1407 1159 populi
1452 1104 1636 1161 Romani
1675 1119 1763 1145 esse
1780 1119 1790 1153 3
1810 1119 1822 1139 1

399 1166 410 1183 ⁶
431 1159 677 1215 Aequorum
700 1162 932 1202 exercitum
955 1161 1169 1202 deletum?

252 1224 317 1262 29.
456 1217 744 1259 Tribunorum
784 1219 918 1274 plebis
959 1219 1144 1260 actiones
1181 1219 1281 1275 quia
1315 1218 1506 1259 nondum
1547 1218 1794 1260 invenerant

396 1275 539 1324 finem,
572 1284 615 1316 et
646 1275 765 1331 plebs
799 1276 1043 1317 continuare
1077 1276 1278 1317 latoribus
1310 1276 1414 1331 legis
1447 1275 1719 1325 tribunatum,
1751 1284 1795 1316 et

397 1340 534 1387 patres
555 1333 726 1374 reficere
749 1334 1043 1375 intercessores
1064 1333 1167 1390 legis
1188 1333 1323 1374 annisi
1345 1341 1466 1374 sunt:
1500 1333 1574 1374 sed
1593 1333 1688 1389 plus
1710 1333 1794 1374 suis

181 1399 224 1431 U.
243 1400 280 1431 C.
301 1399 370 1439 562.
398 1390 576 1431 comitiis
609 1391 726 1446 plebs
760 1391 900 1432 valuit.
968 1390 1109 1439 Quem
1145 1391 1334 1432 dolorem
1376 1390 1454 1431 ulti
1494 1390 1640 1432 Patres
1681 1398 1791 1440 sunt,

178 1443 218 1472 A.
243 1444 280 1474 C.
301 1452 370 1483 390·
402 1448 766 1489 senatusconsulto
778 1449 900 1498 facto,
921 1448 1182 1498 uteonsules,
1207 1449 1363 1489 invisus
1379 1447 1493 1503 plebi
1515 1448 1791 1504 magistratus,

181 1517 218 1547 L.
235 1517 387 1547 Lucretio
399 1513 650 1545 crearentur.
713 1505 891 1546 Annum
909 1515 1002 1561 post
1019 1506 1216 1561 quintum
1233 1506 1445 1546 decimum
1462 1506 1588 1546 creati
1603 1505 1794 1547 eonsules

180 1559 371 1614 Sne1·.¹Sulpi-
399 1560 448 1601 L.
468 1560 691 1601 Lueretius
708 1562 871 1611 Flavus,
898 1563 983 1604 Ser.
1013 1562 1222 1618 Sulpicius
1253 1562 1514 1604 Camerinus.
1577 1563 1794 1619 Principio

180 1612 229 1631 ⁰¹⁰
243 1603 332 1633 Coss.
398 1618 522 1658 huius
553 1619 665 1667 anni,
689 1619 895 1669 ferociter,
919 1621 1019 1675 quia
1049 1635 1174 1661 nemo
1205 1636 1258 1661 ex
1289 1620 1466 1675 collegio
1491 1620 1793 1662 intercessurus

400 1683 501 1724 erat,
518 1676 670 1716 coortis
692 1676 745 1716 ad
766 1676 1058 1731 perferendam
1081 1677 1216 1731 legem
1233 1677 1411 1717 tribunis
1432 1677 1579 1732 plebis,
1601 1692 1680 1718 nec
1701 1693 1794 1733 seg—

398 1732 492 1772 nius
514 1733 567 1773 ob
589 1732 633 1772 id
653 1733 790 1788 ipsum
813 1733 1052 1774 consulibus
1078 1733 1378 1782 resistentibus,
1401 1734 1600 1789 omnique
1623 1734 1792 1776 civitate

400 1790 441 1829 in
457 1804 583 1830 unam
601 1805 692 1830 eam
707 1805 850 1830 curam
867 1805 1079 1839 conversa,
1098 1790 1312 1831 Vitelliam
1330 1789 1537 1830 coloniam
1556 1790 1793 1832 Romanam

399 1846 442 1886 in
474 1862 548 1887 suo
579 1862 677 1902 agro
699 1847 842 1902 Aequi
874 1856 1131 1903 expugnant.
1197 1847 1458 1888 Colonorum
1488 1862 1583 1903 pars
1611 1849 1795 1890 maxima

400 1903 633 1953 incolumis,
657 1905 756 1959 quia
781 1913 904 1945 nocte
926 1905 1165 1960 proditione
1194 1904 1397 1960 oppidum
1428 1913 1597 1960 captum
1618 1905 1794 1946 liberam

398 1976 472 2015 per
508 1976 650 2001 aversa
681 1962 794 2001 urbis
828 1962 971 2017 fugam
1006 1962 1193 2010 dederat,
1229 1961 1410 2002 Romam
1445 1962 1677 2018 perfugere.
1740 1963 1790 2004 L.

400 2017 601 2058 Lucretio
638 2018 799 2058 consuli
832 2034 882 2059 ea
920 2019 1136 2074 provincia
1172 2019 1323 2059 evenit.
1386 2018 1441 2067 Is,
1474 2034 1570 2059 cum
1603 2020 1794 2061 exercitu

399 2075 620 2130 profectus,
659 2075 747 2116 acie
778 2075 918 2116 hostes
950 2076 1075 2125 vicit3
1108 2075 1325 2130 victorque
1360 2075 1539 2116 Romam
1572 2076 1626 2117 ad
1660 2077 1794 2118 maius

182 2139 257 2168 Duo
271 2139 384 2187 Tr3Pl.
399 2131 614 2187 aliquanto
640 2140 854 2173 certamen
882 2133 1003 2173 redit.
1067 2133 1172 2173 Dies
1198 2132 1311 2173 dicta
1335 2141 1425 2173 erat
1452 2133 1630 2174 tribunis
1660 2133 1794 2189 plebis

180 2186 334 2253 atecpsau,
351 2223 372 2254 t'
398 2189 557 2229 biennii
572 2190 794 2245 superioris
809 2189 862 2230 A.
880 2189 1072 2245 Virginio
1087 2198 1128 2230 et
1146 2189 1198 2237 Q.
1216 2190 1470 2245 Pomponio:
1505 2205 1610 2245 quos
1622 2190 1793 2231 defendi

181 2234 194 2252 ι
229 2234 347 2254 «amna
366 2234 573 2286 l'Patrum
587 2261 793 2287 consensu
807 2247 860 2287 ad
874 2247 1000 2287 fidem
1015 2256 1184 2287 senatus
1197 2248 1446 2302 pertinebat.
1511 2246 1666 2302 Neque
1679 2248 1794 2288 enim

399 2318 469 2343 eos
500 2312 572 2344 aut
591 2304 700 2344 vitae
732 2303 818 2344 ullo
840 2304 1014 2344 crimine
1046 2304 1128 2344 alio
1159 2312 1231 2344 aut
1251 2304 1357 2359 gesti
1388 2304 1653 2359 magistratus
1681 2305 1794 2360 quis·

399 2375 526 2415 quam
551 2361 764 2415 arguebat,
793 2369 1087 2416 praeterquam
1113 2361 1241 2416 quod,
1269 2360 1553 2416 gratificantes
1583 2360 1792 2412 Patribus,

444 2541 458 2570 7
482 2533 685 2562 Nocturnam
702 2532 838 2570 fussam]
882 2532 926 2562 Ut
952 2532 1070 2562 Roma·
1118 2542 1180 2570 que
1211 2536 1296 2562 certe
1327 2537 1357 2562 et
1391 2534 1488 2570 clare,
1518 2537 1616 2572 atque
1653 2533 1794 2565 interdiu

398 2584 465 2609 nos,
482 2573 505 2602 si
524 2584 581 2612 per
604 2577 730 2603 noctem
754 2574 863 2611 fugere
886 2584 925 2604 ex
945 2574 1073 2603 tumulo
1117 2573 1290 2604 internosci
1307 2579 1465 2613 poterant.
1491 2575 1601 2606 DOER.

399 2616 530 2653 vellent,
555 2616 764 2646 excluderent
789 2612 829 2646 ab
854 2626 892 2646 ea
918 2615 967 2645 via
991 2625 1073 2654 quae
1160 2626 1179 2656 9
1200 2617 1317 2656 Effuse
1331 2618 1551 2657 sequentibus]
1570 2628 1613 2649 sc.
1624 2618 1794 2656 Romanis,

398 2658 537 2687 (lucebat
574 2659 614 2688 ad
654 2658 811 2696 oppidum
849 2657 1071 2697 Verruginem.
1118 2658 1142 2687 si
1161 2659 1287 2688 hostem
1304 2659 1403 2689 effuse
1419 2663 1637 2698 sequerentur.

399 2699 504 2729 Cmcv.
1166 2710 1176 2730 1
1206 2702 1406 2739 Laureatae]
1445 2702 1530 2732 Plin.
1549 2702 1594 2733 H.
1611 2702 1655 2733 N.
1673 2712 1725 2733 xv.
1743 2711 1792 2741 30.

446 2744 464 2769 >3
492 2743 596 2772 [laud
620 2743 792 2780 incertius]
835 2742 935 2772 Haud
963 2743 1073 2772 obscu-
1119 2744 1289 2773 Laurus..
1305 2744 1478 2773 ,Romanis
1501 2745 1679 2784 praecipue
1703 2745 1791 2774 laeti-

398 2781 461 2810 rius·
485 2787 516 2812 et
539 2783 679 2820 teetius3
704 2783 778 2822 quia
801 2785 897 2814 lunae
918 2784 1074 2814 beneficio
1120 2786 1184 2815 tiae
1213 2786 1483 2825 victoriarumque
1514 2789 1632 2816 nuntia
1662 2787 1793 2816 additur

397 2822 428 2850 in
454 2823 514 2853 hoc
540 2826 661 2862 proelio
681 2827 875 2856 antelucano
895 2826 1002 2856 omnia
1024 2837 1073 2855 ae-
1120 2827 1233 2863 literis,
1248 2831 1279 2857 et
1294 2828 1428 2858 militum
1447 2829 1567 2860 lanceis
1578 2828 1727 2867 pilisque.
