1934 3211
221 245 260 276 U.
279 245 317 276 C.
335 256 408 285 444.

214 288 254 320 A.
279 289 317 320 C.
336 290 408 329 308.

213 873 333 905 Fabius
350 873 411 904 Pa-

213 917 330 956 pirium
347 916 411 946 dic·

212 963 350 989 tatorem

213 1001 300 1033 dicit.

280 1488 347 1527 39.

209 2015 276 2045 Res
292 2015 323 2044 in
343 2014 383 2044 E-

207 2058 306 2087 truria
322 2058 403 2088 bene

206 2105 303 2139 gesta.

437 149 522 188 544
960 147 1109 189 ΤΙΤΙ
1145 146 1326 188 LIVII

436 238 482 278 in
499 252 584 294 quo
606 245 697 279 tum
717 252 880 279 summa
901 238 962 279 rei
982 237 1156 280 bellicae
1178 238 1427 294 ponebatur,
1441 236 1619 278 dubium
1640 235 1838 292 cuiquam

436 304 547 337 erat:
581 295 656 336 sed
682 310 762 336 nec
785 296 829 336 in
862 295 1081 337 Samnium
1112 295 1311 336 nuntium
1334 294 1522 351 perferri,
1545 294 1740 335 omnibus
1773 292 1838 333 in-

435 352 563 402 festis,
589 360 680 394 tuto
700 368 846 409 posse3
879 368 959 394 nec
979 353 1118 394 vivere
1142 352 1354 394 Marcium
1378 351 1594 393 consulem
1614 351 1712 392 satis
1732 349 1838 391 fide-

434 410 548 452 bant.
611 410 735 451 Alter
762 410 906 451 consul
930 410 1082 451 Fabius
1106 410 1282 451 infestus
1306 409 1502 465 privatim
1529 408 1700 464 Papirio
1721 415 1833 448 erat:
1849 413 1870 447 6

436 483 544 523 quae
566 483 620 508 ne
648 467 710 508 ira
731 468 914 508 obstaret
940 467 1052 508 bono
1073 467 1256 523 publico,
1278 467 1438 522 legatos
1469 481 1523 506 ex
1554 464 1836 506 consularium

434 540 612 566 numero
629 524 857 565 mittendos
879 524 933 564 ad
954 539 1052 564 eum
1074 532 1242 564 senatus
1255 524 1444 564 censuit:
1478 523 1552 578 qui
1573 538 1648 564 sua
1663 536 1834 578 quoque

434 597 545 631 eum,
561 597 647 623 non
669 581 838 637 publica
857 581 1004 629 solum,
1021 581 1267 621 auctoritate
1282 588 1511 629 moverent,
1530 588 1577 620 ut
1589 579 1836 620 memoriam

434 639 710 680 simultatium
739 638 898 693 patriae
920 637 1165 678 remitteret.
1229 637 1414 678 Profecti
1435 636 1562 692 legati
1582 637 1636 677 ad
1656 636 1835 677 Fabium

434 711 567 751 quum
603 694 1013 736 senatusconsultum
1050 693 1331 743 tradidissent,
1370 693 1702 749 adiecissentque
1743 708 1835 734 ora-

433 753 594 793 tionem
616 751 941 793 convenientem
970 751 1191 801 mandatis,
1214 750 1373 800 consul,
1397 750 1587 791 demissis
1607 750 1652 790 in
1680 759 1834 791 terram

433 809 577 859 oculis,
600 809 752 850 tacitus
774 809 825 849 ab
849 808 1030 858 incertis,
1050 808 1254 864 quidnam
1275 816 1443 849 acturus
1464 814 1584 856 esset,
1601 806 1748 863 legatis
1768 822 1835 848 re-

433 866 566 907 cessit.
631 865 771 907 Nocte
793 865 948 907 deinde
971 865 1150 915 silentio,
1166 874 1214 906 ut
1234 881 1323 907 mos
1345 874 1419 914 est,
1438 864 1488 905 L.
1507 864 1726 920 Papirium
1745 864 1834 905 dic-
1849 878 1867 910 7

433 931 610 965 tatorem
632 923 764 964 dixit:
799 923 867 964 cui
889 938 1022 978 quum
1050 923 1103 964 ob
1125 923 1314 963 animum
1339 922 1506 978 egregie
1528 922 1686 963 victum
1705 921 1834 977 legati

431 981 583 1037 gratias
608 989 794 1037 agerent,
819 981 1076 1022 obstinatum
1107 980 1322 1021 silentium
1351 979 1547 1028 obtinuit,
1569 994 1618 1020 ac
1647 979 1736 1019 sine
1768 993 1834 1019 re-

431 1054 584 1094 sponso
615 1053 662 1079 ac
684 1038 899 1079 mentione
925 1038 1025 1079 facti
1055 1037 1119 1078 sui
1149 1037 1309 1093 legatos
1329 1037 1501 1086 dimisit,
1523 1045 1571 1078 ut
1598 1045 1830 1092 appareret,

429 1096 639 1151 insignem
669 1095 858 1137 dolorem
888 1095 1052 1152 ingenti
1084 1095 1305 1151 comprimi
1338 1094 1490 1135 animo.
1553 1093 1748 1150 Papirius
1778 1092 1830 1134 C.

430 1152 604 1194 Iunium
640 1153 882 1194 Bubulcum
923 1153 1168 1208 magistrum
1205 1152 1398 1208 equitum
1438 1151 1569 1192 dixit:
1613 1159 1740 1206 atque
1776 1150 1829 1200 ei,

428 1209 567 1266 legem
588 1211 790 1252 curiatam
805 1210 857 1251 de
875 1210 1053 1266 imperio
1069 1209 1234 1259 ferenti,
1253 1209 1369 1250 triste
1392 1223 1517 1250 omen
1533 1208 1646 1249 diem
1663 1207 1828 1258 diffidit,
1843 1190 1864 1272 ξ

430 1268 547 1323 quod
564 1268 718 1309 Faucia
738 1268 854 1309 curia
870 1268 949 1308 fuit
969 1267 1239 1323 principium,
1255 1266 1418 1308 duabus
1431 1265 1607 1322 insignis
1628 1265 1829 1314 cladibus,

429 1334 574 1381 captae
596 1325 724 1375 urbis,
743 1334 785 1366 et
809 1325 1031 1366 Caudinae
1052 1324 1188 1380 pacis:
1224 1324 1338 1380 quod
1355 1331 1534 1379 utroque
1552 1338 1663 1365 anno
1680 1321 1831 1363 eadem

429 1383 544 1423 curia
558 1383 694 1424 fuerat
709 1382 978 1439 principium.
1042 1382 1190 1423 Macer
1207 1381 1399 1423 Licinius
1413 1381 1536 1422 tertia
1549 1380 1675 1421 etiam
1696 1379 1828 1430 clade,
1846 1395 1859 1416 1

429 1455 536 1494 quae
559 1440 613 1481 ad
644 1440 890 1481 Cremeram
911 1448 1082 1496 accepta
1107 1448 1181 1489 est,
1205 1438 1531 1480 abominandam
1556 1452 1650 1479 eam
1671 1437 1830 1479 curiam

427 1496 537 1537 facit.
600 1497 796 1538 Dictator
835 1505 1002 1553 postero
1047 1497 1129 1546 die,
1172 1496 1367 1552 auspiciis
1413 1495 1615 1552 repetitis,
1656 1493 1831 1551 pertulit

428 1553 589 1609 legem3
623 1563 677 1603 et,
700 1554 912 1609 profectus
937 1569 1033 1595 cum
1062 1554 1310 1610 legionibus,
1334 1553 1388 1594 ad
1415 1562 1618 1594 terrorem
1646 1551 1828 1593 traducti

427 1610 571 1652 silvam
608 1610 838 1652 Ciminiam
872 1611 1081 1652 exercitus
1116 1626 1252 1666 nuper
1292 1610 1467 1666 scriptis,
1501 1610 1556 1651 ad
1588 1609 1828 1665 Longulam

425 1668 617 1723 pervenit
634 1684 644 1717 3
677 1668 943 1724 acceptisque
962 1683 986 1708 a
1007 1667 1170 1708 Marcio
1193 1667 1362 1708 consule
1377 1667 1589 1708 veteribus
1609 1666 1825 1715 militibus,

426 1725 471 1765 in
492 1726 625 1766 aciem
645 1725 785 1781 copias
807 1724 977 1766 eduxit:
1011 1739 1090 1765 nec
1111 1724 1251 1765 hostes
1272 1724 1504 1765 detrectare
1526 1723 1602 1763 visi
1624 1737 1824 1779 pugnam.

426 1781 660 1824 Instructos
690 1782 844 1823 deinde
876 1790 1153 1837 armatosque,
1182 1797 1315 1837 quum
1346 1781 1397 1822 ab
1428 1780 1589 1822 neutris
1619 1779 1827 1836 proelium

426 1839 643 1896 inciperet,
666 1855 752 1881 nox
782 1839 998 1895 oppressit.
1065 1839 1210 1886 Quieti
1241 1838 1513 1894 aliquamdiu,
1535 1852 1615 1878 nec
1641 1837 1725 1878 suis
1746 1837 1827 1878 dif-

426 1896 606 1938 fidentes
622 1897 792 1946 viribus,
810 1912 889 1937 nec
909 1896 1073 1937 hostem
1091 1904 1347 1952 spernentes,
1363 1895 1511 1936 stativa
1525 1895 1571 1936 in
1585 1894 1826 1950 propinquo

428 1953 626 1995 habuere.

484 2011 654 2052 Interea
674 2026 738 2052 res
765 2011 810 2051 in
834 2010 1003 2051 Etruria
1023 2018 1176 2067 gestae.
1240 2009 1354 2051 Nam
1376 2018 1419 2051 et
1446 2024 1543 2051 cum
1565 2008 1857 2051 Umbrorumz

426 2069 616 2110 exercitu
646 2069 734 2110 acie
763 2068 1054 2124 depugnatum
1084 2076 1170 2117 est3
1213 2067 1314 2123 (fusi
1345 2076 1488 2108 tamen
1523 2066 1668 2123 magis,
1698 2081 1826 2122 quam

425 2127 547 2176 caesi,
570 2126 722 2176 hostes,
746 2126 846 2182 quia
865 2134 1059 2181 coeptam
1080 2125 1231 2166 acriter
1251 2140 1337 2166 non
1366 2124 1598 2166 tolerarunt
1617 2124 1825 2180 pugnam)

466 2229 485 2260 6
508 2231 654 2269 Infestus
666 2230 840 2269 privatim]
868 2229 917 2260 Ut
929 2239 1025 2268 quern
1039 2229 1099 2259 Pa-
1146 2227 1210 2259 xiv.
1229 2238 1257 2259 2.

423 2272 523 2311 pirius
548 2272 685 2302 dictator
708 2272 823 2302 ultimo
847 2271 1008 2311 supplicio
1033 2271 1099 2301 affi-
1192 2281 1203 2301 1
1228 2271 1457 2309 Czcriafuerat
1467 2270 1687 2310 principium]
1713 2268 1825 2300 PrIma

423 2325 494 2344 cere
512 2315 666 2345 voluerat.
694 2325 779 2353 supr.
798 2313 861 2344 viii.
880 2323 929 2353 30.
1144 2314 1185 2343 ad
1210 2313 1397 2352 suffragium
1421 2317 1505 2343 sorte
1522 2316 1636 2343 vocata
1656 2315 1713 2343 est.
1759 2311 1823 2342 Eo—

468 2364 485 2396 7
513 2359 556 2388 Ut
570 2368 634 2388 mos
649 2358 710 2395 est]
738 2357 776 2387 cf.
792 2357 886 2395 Supr.
903 2356 967 2386 viii.
987 2365 1035 2395 23.
1144 2356 1217 2386 dem
1234 2356 1332 2385 modo
1348 2355 1380 2385 in
1398 2354 1536 2385 comitiis
1551 2354 1680 2385 tributis
1701 2353 1822 2384 tribum

466 2400 485 2430 8
508 2401 623 2439 Leyem
664 2400 824 2430 curiatam
866 2400 904 2429 (le
945 2399 1096 2437 imperio]
1144 2398 1399 2437 praerogativam
1434 2399 1635 2437 principium
1673 2400 1822 2428 vocatam

425 2442 559 2481 Quippe
578 2452 643 2471 non
662 2442 722 2471 nisi
745 2443 935 2472 auctoritate
955 2445 1099 2479 patrum,
1145 2441 1284 2470 ostendit
1303 2440 1444 2470 Gronov.
1460 2439 1493 2469 in
1511 2440 1644 2470 observ.
1660 2439 1702 2470 iv.
1722 2449 1748 2470 1.

423 2484 489 2515 sive
505 2485 574 2523 lege
590 2485 678 2523 apud
690 2485 848 2523 populum
865 2483 1012 2513 curiatim
1026 2493 1098 2512 con-

423 2532 573 2557 vocatum
598 2527 733 2566 perlata,
749 2527 920 2565 imperium
943 2535 999 2555 seu
1016 2525 1100 2555 vitae

422 2569 573 2608 necisque
604 2572 756 2608 potestas,
782 2567 1020 2607 magistratibus
1047 2568 1099 2597 de-

1194 2493 1209 2512 2
1240 2485 1371 2513 Interea
1397 2493 1447 2513 res
1469 2484 1505 2512 in
1527 2483 1668 2512 Etruria
1692 2482 1819 2522 gestae]

1145 2524 1267 2554 Totum
1283 2525 1344 2554 hoc
1361 2525 1401 2554 ab
1414 2523 1575 2554 veteribus
1591 2523 1684 2554 editis
1699 2524 1820 2555 aberat.

1145 2567 1274 2597 Adiecit
1300 2566 1447 2606 Sigonius
1471 2566 1504 2596 in
1527 2566 1720 2606 quibusdam
1746 2565 1820 2596 scri-

424 2612 647 2641 mundabatur.
687 2610 775 2641 Hinc
792 2621 877 2650 supr.
897 2621 923 2641 v.
943 2618 991 2648 52.
1008 2610 1099 2640 comi-

424 2655 469 2684 tia
488 2655 627 2689 curiata,
646 2664 728 2693 quae
750 2664 813 2684 rem
836 2654 1007 2682 militarem
1029 2663 1099 2682 con-

424 2698 536 2726 tinent.
569 2696 608 2726 cf.
628 2705 712 2734 supr.
738 2695 757 2726 i.
786 2703 832 2734 17.
863 2694 998 2725 Niebhr.
1022 2693 1041 2724 i.
1067 2705 1096 2724 n.

429 2746 517 2775 1255.

467 2789 486 2818 9
510 2781 602 2810 Diem
624 2781 756 2817 diffidit]
784 2780 815 2809 h.
833 2789 860 2809 e.
879 2779 963 2809 Rem
988 2780 1022 2808 in
1043 2789 1097 2818 po-

424 2826 541 2851 sterum
565 2823 644 2851 diem
671 2821 860 2860 prorogavit.
892 2821 930 2851 cf.
950 2822 987 2852 A.
1009 2821 1097 2852 Gell.

1145 2609 1209 2648 ptis
1226 2613 1402 2648 repertum,
1418 2608 1472 2638 ubi
1488 2612 1598 2638 tamen
1615 2611 1820 2648 praepostere

1145 2652 1305 2682 collocata
1327 2655 1417 2681 erant
1440 2651 1520 2681 haec
1540 2651 1644 2681 verba.
1690 2649 1820 2681 Scilicet

1143 2694 1287 2733 praefixa
1299 2694 1356 2723 illa
1368 2697 1459 2724 erant
1474 2693 1550 2723 huic
1565 2694 1722 2730 membro,
1732 2693 1818 2732 quod

1143 2736 1254 2775 paullo
1272 2740 1343 2775 post
1359 2735 1513 2774 sequitur,
1528 2740 1558 2766 et
1573 2737 1617 2765 ad
1639 2736 1819 2766 Vadimonis

1143 2780 1256 2809 lacum.
1303 2778 1450 2817 Sigonius
1470 2788 1508 2808 ea
1527 2777 1559 2808 in
1579 2777 1724 2808 ordinem
1740 2786 1817 2816 quo-

1143 2831 1205 2859 que
1221 2830 1312 2850 suum
1330 2820 1482 2859 reposuit.
1505 2820 1612 2851 ΟΜΝ.
