1934 3211
556 186 682 228 LIB.
716 186 797 228 111.
845 187 992 230 CAP.
1025 193 1093 230 40.
1450 193 1528 232 189

132 275 332 318 ‘ferenda
358 289 445 316 non
465 274 635 324 fuerint,
657 290 786 330 quem
813 275 997 316 laturum
1026 275 1070 315 in
1099 283 1162 316 tot
1189 276 1389 331 privatis?
1451 277 1528 317 Vi-
1544 283 1587 314 U.
1605 283 1642 314 C.
1662 292 1733 323 305·

132 333 320 381 ‘derent‚
342 347 411 381 ne,
433 330 616 373 vetando
650 332 695 372 in
727 332 844 373 curia
874 332 1004 374 libere
1033 332 1227 373 homines
1255 332 1386 387 loqui,
1409 342 1528 375 extra
1541 327 1580 357 A.
1605 326 1643 357 C.
1661 335 1734 365 447·

132 390 318 431 ‘curiam
351 389 476 430 etiam
513 398 731 430 moverent
763 404 921 430 vocem.
985 389 1142 445 Neque
1178 404 1220 430 se
1258 389 1413 439 videre,
1452 391 1527 445 qui

131 446 237 488 ‘sibi
265 447 405 487 minus
433 446 594 502 privato
623 446 677 487 ad
707 447 956 488 concionem
987 446 1191 503 populum
1212 461 1375 496 vocare,
1399 462 1527 502 quam

130 503 239 544 ‘illis
271 512 463 545 senatum
497 518 661 559 cogere,
694 503 829 544 liceat.
895 503 983 545 Ubi
1016 503 1185 553 vellent,
1218 504 1524 560 experirentur,

100 577 113 599 1
130 566 316 616 ‘quanto
343 560 521 602 ferocior
548 560 668 602 dolor
693 561 884 602 libertate
912 575 987 602 sua
1014 560 1280 610 vindicanda,
1304 576 1432 616 quam
1453 576 1527 602 cu-

129 617 310 674 ‘piditas
338 618 493 659 iniusta
520 618 823 667 dominatione,
846 627 966 659 esset.
1030 618 1098 659 De
1126 618 1238 659 bello
1270 617 1426 659 Sabino
1455 633 1527 659 eos

129 675 333 724 ‘referre3
373 684 574 731 tanquam
611 676 745 717 maius
780 675 913 716 ullum
947 675 1104 731 populo
1139 675 1334 716 Romano
1366 675 1526 716 bellum

129 732 222 782 ‘sit,
249 747 376 788 quam
410 748 506 774 eum
540 733 602 782 iis,
633 734 720 789 qui,
750 733 892 788 legum
924 733 1193 773 ferendarum
1227 748 1351 774 causa
1382 733 1525 782 creati,

128 789 264 831 ‘nihil
297 790 398 831 iuris
431 791 475 831 in
509 790 675 831 civitate
709 790 980 845 reliquerint3
1026 790 1099 845 qui
1133 790 1313 839 comitia,
1348 790 1422 846 qui
1452 805 1527 831 an-

129 853 264 889 ‘nuos
299 847 576 903 magistratus,
615 847 688 903 qui
724 847 1057 888 vicissitudinem
1093 846 1375 902 imperitandi,
1410 847 1525 902 quod

129 910 290 946 ‘unum
319 904 620 961 exaequandae
649 905 702 945 sit
727 904 945 953 libertatis,
968 903 1236 952 sustulerint3
1270 904 1343 958 qui
1374 904 1524 959 privati

128 961 286 1003 ‘fasces
326 970 370 1003 et
409 963 572 1018 regium
613 962 836 1017 imperium
878 961 1071 1002 habeant.
1156 960 1314 1010 Fuisse,
1356 961 1524 1016 regibus

128 1025 141 1044 ‘
156 1020 327 1069 exactis,
356 1019 551 1075 patricios
579 1018 845 1074 magistratus
873 1027 1055 1067 creatos3
1090 1027 1247 1074 postea,
1270 1026 1365 1074 post
1391 1033 1525 1060 seces-

128 1082 141 1101 ‘
156 1077 317 1118 sionem
338 1076 485 1132 plebis,
500 1075 697 1132 plebieos.
751 1075 886 1117 Cuius
908 1075 968 1116 illi
984 1076 1112 1131 partis
1134 1076 1299 1124 essent,'
1320 1075 1526 1131 rogitare?

128 1133 417 1190 ‘Populares?
448 1133 552 1189 quid
584 1134 699 1174 enim
732 1148 804 1174 eos
835 1147 911 1189 per
938 1132 1142 1189 populum
1174 1132 1338 1188 egisse?
1401 1132 1527 1188 Opti-

128 1197 141 1216 ‘
155 1192 318 1233 mates‘?
343 1191 417 1247 qui
439 1206 550 1232 anno
571 1191 654 1231 iam
676 1205 806 1246 prope
829 1199 1022 1231 senatum
1043 1205 1130 1231 non
1151 1190 1399 1238 habuerint3
1424 1198 1525 1230 tune

127 1249 215 1290 ‘ita
243 1249 438 1298 habeant,
466 1257 512 1289 ut
539 1248 592 1289 de
627 1247 841 1304 republica
871 1247 987 1303 loqui
1017 1247 1298 1304 prohibeant?
1359 1246 1428 1288 Ne
1461 1247 1526 1286 ni—

128 1311 140 1330 ‘
156 1306 289 1347 mium
311 1306 355 1346 in
377 1314 493 1347 metu
515 1305 652 1347 alieno
681 1305 770 1361 spei
797 1313 1027 1360 ponerent:
1061 1305 1263 1359 graviora,
1287 1319 1395 1359 quae
1417 1303 1525 1359 pati-

128 1369 140 1388 ‘
156 1372 293 1413 antur,
315 1363 450 1404 videri
471 1363 554 1403 iam
576 1362 829 1411 hominibus,
853 1377 980 1417 quam
1002 1376 1110 1417 quae
1133 1361 1352 1402 metuant.'

95 1435 112 1455 2
187 1420 306 1462 Haec
327 1421 582 1462 vociferante
606 1419 797 1468 Horatio,
821 1433 953 1474 quum
974 1418 1202 1459 decemviri
1228 1432 1306 1458 nec
1331 1417 1416 1458 irae
1445 1432 1524 1458 nec
1601 1421 1670 1457 40.

126 1478 373 1535 ignoscendi
405 1477 577 1518 modum
609 1477 854 1532 reperirent,
878 1491 968 1525 nec,
992 1490 1077 1531 quo
1103 1489 1277 1516 evasura
1306 1489 1371 1515 res
1402 1483 1522 1524 esset,

127 1544 372 1585 cernerent3
408 1534 458 1576 C.
486 1534 672 1583 Claudii,
695 1533 769 1589 qui
800 1541 973 1589 patruus
998 1532 1132 1588 Appii
1163 1531 1392 1573 decemviri
1422 1541 1522 1581 erat,

95 1593 259 1642 3oratio
290 1593 370 1634 fuit
402 1592 609 1648 precibus,
642 1605 769 1647 quam
802 1590 951 1647 iurgio,
984 1589 1143 1638 similis,
1166 1589 1322 1630 orantis
1354 1604 1431 1645 per
1460 1589 1525 1630 sui

126 1650 262 1692 fratris
283 1649 551 1706 parentisque
574 1649 664 1689 eius
686 1647 853 1698 Manes,
888 1653 899 1672 ⁶
916 1656 963 1689 ut
984 1646 1117 1688 civilis
1138 1647 1279 1703 potius
1300 1646 1523 1696 societatis,

129 1708 199 1749 ‘in
227 1722 312 1764 qua
342 1715 466 1748 natus
499 1714 620 1756 esset,
674 1720 770 1746 uam
797 1705 989 1755 foederis,
1012 1704 1169 1746 nefarie
1202 1704 1275 1746 icti
1308 1719 1406 1745 cum
1439 1703 1525 1745 col-

127 1764 271 1821 ‘legis,
294 1764 564 1806 meminisset.
619 1721 762 1804 stulto
794 1762 837 1803 id
868 1763 1000 1819 magis
1028 1777 1070 1803 se
1099 1761 1210 1802 illius
1236 1776 1362 1803 causa
1391 1775 1522 1810 orare,

127 1828 140 1847 ‘
155 1837 283 1878 quam
304 1821 571 1878 reipublicae.
638 1819 810 1876 Quippe
840 1819 1157 1876 rempublicam,
1180 1819 1213 1860 si
1242 1834 1267 1860 a
1286 1818 1524 1860 volentibus

127 1884 140 1904 ‘
156 1889 352 1935 nequeat,
375 1879 427 1919 ab
448 1878 591 1919 invitis
612 1878 675 1918 ius
697 1877 992 1933 expetituram.
1058 1875 1143 1917 Sed
1171 1891 1224 1917 ex
1253 1890 1406 1932 magno
1434 1890 1524 1916 eer-

127 1937 312 1978 ‘tamine
346 1951 388 1977 m
445 1950 518 1976 nas
550 1934 725 1976 excitari
755 1934 886 1975 ferme
921 1935 1024 1983 iras3
1069 1948 1213 1975 earum
1247 1942 1447 1974 eventum
1479 1947 1523 1973 se

128 1993 350 2035 ‘horrere.'
459 2007 560 2034 uum
593 1991 721 2040 aliud,
748 2000 1042 2046 praeterquam
1070 1990 1123 2031 de
1152 2005 1237 2045 quo
1270 1989 1523 2039 retulissent,

125 2050 353 2092 decemviri
373 2049 513 2090 dicere
535 2048 820 2104 prohiberent,
841 2047 1071 2088 Claudium
1094 2047 1390 2101 interpellandi
1408 2061 1526 2087 vere-

126 2107 282 2150 cundia
316 2107 407 2147 fuit.
473 2105 736 2147 Sententiam
779 2105 905 2159 igitur
944 2103 1120 2159 peregit,
1159 2103 1323 2143 nullum
1360 2103 1524 2158 placere

126 2162 535 2206 senatusconsultum
578 2162 678 2202 fieri.
744 2160 990 2216 Omnesque
1032 2160 1090 2200 ita
1130 2160 1403 2215 accipiebant,
1441 2159 1526 2215 pri-

126 2231 243 2263 vatos
270 2236 342 2262 eos
369 2236 394 2261 a
424 2219 608 2261 Claudio
641 2218 872 2259 iudicatos:
908 2216 1115 2272 multique
1150 2232 1203 2256 ex
1237 2216 1525 2257 consularibus

126 2278 254 2320 verbo
289 2277 442 2319 assensi
477 2284 585 2317 sunt.
651 2275 750 2316 Alia
783 2274 1005 2323 sententia,
1038 2274 1221 2329 asperior
1252 2273 1293 2313 in
1327 2273 1524 2328 speciem,

125 2336 211 2377 vim
248 2335 454 2376 minorem
491 2333 707 2388 aliquanto
744 2332 905 2380 habuit,
944 2346 1050 2387 quae
1092 2331 1287 2386 patricios
1323 2330 1434 2370 coire
1472 2329 1525 2370 ad

95 2392 393 2450 4prodendum
435 2391 686 2445 interregem
729 2389 925 2430 iubebat:
975 2387 1187 2430 censendo
1228 2388 1356 2435 enini,
1399 2402 1526 2441 quos-

126 2465 295 2506 cunque
318 2449 580 2505 magistratus
602 2463 703 2496 esse,
728 2447 802 2502 qui
823 2455 1014 2487 senatum
1045 2445 1261 2493 haberent,
1286 2444 1523 2491 iudicabat;

175 2593 184 2613 ι
214 2583 510 2621 Quantoserocior]
537 2584 666 2619 Quanto
681 2581 803 2619 sortior
849 2578 1039 2618 piu-ticulum
1059 2579 1157 2616 mayn
1175 2578 1223 2606 vel
1241 2578 1348 2616 potins
1365 2575 1523 2606 omittere.

126 2625 253 2665 reponit
280 2624 431 2661 Bckken,
453 2635 548 2663 (μιιιπι
575 2623 746 2654 lectionem
776 2622 801 2652 1.
848 2626 882 2651 ut
899 2621 969 2651 infr.
987 2620 1037 2650 6⁸.
1063 2630 1093 2649 x.
1113 2618 1161 2649 26.
1188 2617 1275 2648 xxiii.
1293 2627 1343 2656 ⁴3.

128 2668 181 2698 Fr.
199 2667 340 2697 Gronov.
360 2667 464 2701 affert,
487 2667 540 2696 ned
558 2667 702 2704 ferocior
720 2664 800 2695 Dra-
890 2675 907 2700 4
925 2662 1088 2692 (mumulo
1103 2662 1204 2697 enim]
1232 2661 1262 2690 h.
1276 2670 1303 2690 c.
1321 2659 1524 2690 Sententiam

127 2708 302 2740 kenborch.
321 2708 424 2738 verius
443 2708 576 2738 videtur.
847 2705 932 2735 enim
950 2704 1088 2734 «licendo
1104 2709 1245 2737 senatus,
1261 2712 1315 2731 eos
1331 2701 1442 2740 utique
1459 2711 1524 2731 nm-

172 2761 188 2782 2
207 2753 277 2782 Nec
293 2752 374 2785 irae,
390 2761 445 2780 nec
461 2750 642 2789 iynoucenda‘
659 2748 800 2785 modum]
847 2747 1008 2785 gintrnum,
1039 2744 1092 2783 qui
1124 2749 1270 2774 scitatum
1303 2744 1421 2774 habere
1455 2753 1524 2783 pos-

129 2794 202 2825 Nec
219 2798 379 2832 quatenu»
394 2802 544 2822 exercere
567 2791 636 2826 ima,
653 2801 711 2820 nec
728 2800 803 2828 qun.-
848 2793 931 2823 svnt,
956 2788 1117 2817 iudicabat
1134 2798 1139 2816 ι
1173 2796 1253 2826 quos
1277 2786 1418 2826 privatos
1443 2785 1524 2815 iudi-

127 2840 222 2868 tenus
239 2835 395 2875 patientia
413 2834 457 2864 uti
475 2834 638 2863 ‹leben-nt.
664 2834 771 2862 (ἲκκν.
849 2832 941 2860 cubat
963 2830 1029 2865 ilio,
1045 2829 1098 2868 qui
1121 2834 1267 2859 sennium
1292 2828 1352 2858 rite
1375 2832 1524 2858 coactum

172 2887 190 2918 3
214 2879 488 2917 Precibux,qu11m
506 2876 628 2914 iun-950]
651 2875 740 2905 Solet
759 2873 803 2903 in·
849 2873 999 2911 negabat,
1029 2876 1060 2901 et
1099 2871 1221 2901 nullius
1255 2869 1524 2902 senatusconsulti

129 2920 254 2952 ten-dum
295 2919 327 2950 in
366 2917 660 2958 comparationibus
696 2915 805 2947 Livius
849 2914 988 2946 faciendi
1005 2917 1118 2945 auctor
1133 2917 1210 2946 erat.
