1934 3211
924 229 1072 272 ΤΙΤΙ
1113 230 1292 272 LIVII

419 321 737 379 multiplicatam
758 323 1013 373 servitutem,
1035 331 1205 364 centum
1225 338 1300 379 pro
1325 338 1411 365 uno
1432 323 1624 365 dominos
1650 323 1778 365 factos
1791 324 1806 367 τ’

419 395 498 421 nec
538 380 646 421 ultra
685 381 765 422 nisi
804 395 959 437 regem,
1000 389 1044 422 et
1082 382 1136 423 ab
1176 381 1275 437 ipsis
1315 390 1514 432 creatum,
1556 381 1807 423 videbantur

419 438 589 494 passuri.
655 437 801 487 Quum
831 438 1054 480 sensissent
1086 453 1134 479 ea
1163 438 1320 480 moveri
1355 439 1512 489 Patres,
1545 439 1806 480 offerendum

420 495 529 537 ultro
556 496 647 546 rati,
670 496 785 552 quod
812 495 998 537 amissuri
1027 504 1158 545 erant,
1180 496 1239 537 ita
1261 497 1435 552 gratiam
1460 497 1621 547 ineunt,
1644 511 1807 538 summa

420 562 625 609 potestate
653 553 808 610 populo
829 553 1038 610 permissa,
1061 562 1109 594 ut
1132 568 1218 594 non
1245 554 1338 610 plus
1369 554 1518 595 darent
1542 554 1655 604 iuris,
1679 569 1806 610 quam

419 611 659 652 retinerent.
722 611 1012 653 Decreverunt
1043 614 1168 661 enim,
1197 619 1256 661 ut,
1290 626 1421 667 quum
1453 611 1632 668 populus
1664 622 1838 667 regem?

420 668 615 718 iussisset,
652 669 697 710 id
732 669 789 710 sic
826 677 961 710 ratum
999 676 1117 717 esset,
1155 669 1189 709 si
1226 668 1371 710 Patres
1406 677 1593 709 auctores
1628 668 1838 709 fierent:8

420 725 631 782 hodieque
663 727 708 767 in
739 726 903 782 legibus
937 726 1326 783 magistratibusque
1361 726 1555 782 rogandis
1584 734 1808 781 usurpatur

421 783 534 825 idem
555 785 631 834 ius,
648 784 689 824 vi
705 784 910 840 adempta.
963 783 1212 839 Priusquam
1227 783 1405 840 populus
1422 783 1664 839 suffragium
1679 783 1806 833 ineat,

421 840 467 881 in
501 841 707 882 incertum
748 841 1011 883 comitiorum
1046 850 1243 882 eventum
1284 842 1429 883 Patres
1461 849 1650 882 auctores
1684 840 1804 882 fiunt.

423 898 536 940 Tum
556 899 753 948 interrex,
771 899 970 940 concione
992 898 1212 940 advocata:
1245 899 1396 947 ‘Quod
1416 901 1588 949 bonum,
1610 898 1806 948 faustum,

424 956 631 1012 ‘felixque
656 956 733 1006 sit,’
753 956 903 1012 inquit,
931 962 942 980 ⁶
960 955 1158 1006 Quirites,
1179 972 1322 1013 regem
1343 965 1503 1006 create3
1535 956 1595 997 ita
1615 956 1807 997 Patribus

424 1013 583 1054 ‘visum
613 1023 685 1055 est.
746 1013 892 1055 Patres
924 1014 1092 1063 deinde,
1124 1014 1157 1055 si
1187 1014 1375 1070 dignum,
1408 1014 1482 1070 qui
1514 1013 1722 1055 secundus
1752 1015 1806 1056 ab

425 1071 634 1112 ‘Romulo
666 1080 922 1121 numeretur,
959 1071 1155 1121 crearitis,
1192 1082 1380 1113 auctores
1414 1072 1543 1113 fient.’
1602 1071 1727 1113 Adeo
1761 1070 1807 1112 id

422 1137 586 1184 gratum
602 1129 714 1184 plebi
734 1129 825 1178 fuit,
848 1137 906 1178 ut,
929 1144 982 1169 ne
1003 1129 1102 1170 victi
1122 1129 1329 1170 beneficio
1344 1129 1599 1179 viderentur,
1616 1128 1660 1169 id
1681 1128 1807 1170 modo

422 1186 644 1227 sciscerent
673 1187 962 1242 iuberentque,
995 1195 1042 1227 ut
1071 1195 1238 1227 senatus
1267 1186 1523 1237 decerneret,
1549 1186 1623 1243 qui
1645 1185 1806 1227 Romae

422 1252 624 1285 reonaret.

419 235 473 272 22

277 1303 341 1342 18.
468 1277 646 1343 ’incluta
676 1302 834 1343 iustitia
864 1301 1094 1358 religioque
1127 1317 1177 1343 ea
1208 1309 1455 1358 tempestate
1485 1301 1653 1342 Numae
1680 1300 1809 1343 Pom-

205 1358 346 1433 ἓξὲξ
422 1359 513 1416 pilii
545 1368 643 1401 erat.
709 1359 892 1401 Curibus
925 1359 1087 1401 Sabinis
1117 1359 1342 1409 habitabat,
1375 1359 1702 1400 consultissimus
1731 1359 1806 1409 vir,

422 1425 469 1458 ut
510 1417 555 1457 in
596 1417 668 1458 illa
709 1418 930 1482 quisquam
973 1425 1107 1458 aetate
1150 1432 1237 1458 esse
1279 1426 1453 1473 poterat,
1501 1417 1635 1458 omnis
1676 1416 1809 1458 divini

421 1483 546 1530 atque
577 1474 750 1515 humani
780 1474 890 1515 iuris.
952 1474 1185 1515 Auctorem
1216 1475 1430 1516 doctrinae
1461 1475 1562 1524 eius,
1594 1474 1694 1530 quia
1721 1489 1809 1515 non

420 1540 556 1574 exstat
605 1532 721 1582 alius,
763 1532 865 1573 falso
912 1531 1098 1573 Samium
1141 1532 1411 1589 Pythagoran
1456 1532 1614 1573 edunt:
1667 1546 1840 1588 quem,9

465 1631 481 1664 7
497 1623 575 1653 Cum
588 1623 746 1663 populns]
772 1624 793 1638 ‘⁶
805 1622 1012 1661 Quamquam
1036 1632 1090 1662 po-

420 1667 516 1706 pulus
531 1666 659 1696 curiatis
676 1676 749 1695 eum
771 1665 906 1695 comitiis
923 1675 1028 1705 regem
1045 1675 1090 1695 es-

420 1720 453 1739 se
469 1709 613 1746 iusserat,
627 1712 736 1738 tamen
759 1708 827 1747 ipse
851 1708 890 1738 de
913 1718 970 1737 suo
990 1707 1090 1747 impe-

420 1752 466 1782 rio
493 1751 648 1782 curiatam
675 1751 778 1790 legem
805 1750 918 1780 tulit.”
955 1750 1021 1781 Cic.
1049 1750 1090 1780 de

420 1795 505 1834 Rep.
514 1794 542 1824 ii.
555 1804 566 1824 1
574 1804 600 1833 3.
627 1793 679 1824 De
690 1794 759 1833 lege
772 1793 894 1823 curiata
905 1793 944 1823 de
956 1792 1090 1832 imperio

421 1838 459 1868 cf.
478 1837 611 1867 Niebhr.
628 1836 648 1866 i.
664 1847 694 1876 p.
713 1846 783 1875 331.

469 1882 487 1910 8
516 1881 558 1910 Id
586 1881 631 1910 sic
660 1884 768 1909 ratum
796 1882 885 1915 esset,
914 1879 942 1908 si
974 1879 1091 1909 Patres

420 1927 564 1953 auctores
571 1923 709 1962 fierent]
734 1922 774 1952 Id
787 1922 967 1961 probarent.
980 1921 1092 1951 Patres

421 1976 461 1995 ex
487 1965 619 2004 antiquo
647 1964 845 2001 obtinebant,
869 1964 954 2003 quod
979 1973 999 1993 a
1026 1964 1091 1994 Ro-

421 2009 510 2038 mulo
533 2010 735 2047 acceperant,
757 2007 804 2037 uti
828 2006 976 2043 comitiis,
997 2016 1091 2045 quae-

421 2061 484 2089 que
509 2050 576 2080 illic
603 2054 782 2089 agerentur,
808 2054 954 2079 auctores
977 2053 1092 2079 essent.

423 2093 503 2123 Eius
523 2093 599 2123 iuris
618 2093 698 2122 haee
714 2092 760 2122 vis
775 2096 853 2129 erat,
868 2095 914 2129 ut,
931 2092 1016 2131 quod
1031 2091 1092 2122 ius-

421 2135 510 2166 sisset
526 2136 676 2175 populus,
690 2136 743 2165 lex
767 2138 935 2173 ratumque
958 2138 1050 2171 esset,
1066 2133 1091 2164 si

424 2179 535 2209 Patres
557 2179 800 2218 approbassent,
823 2176 877 2217 (ἄν
892 2176 941 2207 καὶ
960 2178 1001 2216 τῇ
1021 2179 1090 2211 βου-

421 2222 464 2261 λῇ
475 2222 574 2251 ταῦτα
589 2222 664 2260 δοκῇ
675 2218 844 2260 DionyS.);
862 2219 887 2250 si
899 2230 972 2250 vero
984 2223 1092 2250 aucto-

422 2264 548 2294 ritatem
578 2273 669 2293 suam
697 2263 870 2302 adiungere
899 2266 1093 2298 recusarent,

421 2307 462 2336 ad
478 2306 599 2336 irritum
615 2305 778 2336 recideret.
825 2305 918 2335 Haec
930 2305 1024 2334 toties
1038 2315 1093 2334 an-

422 2349 518 2388 tiquis
544 2352 795 2379 commemorata
819 2349 958 2378 Senatus
980 2357 1003 2377 s,
1027 2348 1092 2377 Pa-

422 2396 507 2422 trum
532 2392 705 2421 auctoritas
730 2390 898 2430 paullatim
923 2389 1094 2419 imminuta

422 2439 493 2470 est,
485 2447 493 2453 ·
517 2434 655 2473 primum
675 2433 822 2469 comitiis,
837 2432 951 2471 quibus
967 2431 1094 2462 Servius

423 2477 562 2514 Tullius,
595 2475 750 2515 suffragiis
783 2474 885 2514 plebis
914 2478 1093 2511 contentus,

422 2518 541 2559 χαίρειν
563 2520 602 2558 τῇ
625 2520 725 2558 βουλῇ
748 2516 876 2557 φράσας,
894 2515 913 2553 ἡ
937 2517 990 2546 οὐκ
1010 2515 1093 2554 ἠξίω-

423 2573 478 2591 σεν
495 2562 675 2601 ἐπικυρῶσαι
696 2560 736 2590 τὰ
757 2561 813 2590 τοῦ
831 2559 994 2597 δημοτικοῦ
1016 2558 1093 2595 πλή-

424 2607 502 2641 θους,
519 2604 620 2643 ὥσπερ
641 2603 718 2644 αὐτῇ
737 2615 833 2633 ποιειν
851 2602 916 2632 ἔθος
936 2600 984 2639 ἣν,
1005 2600 1092 2632 κατέ-

425 2657 486 2684 σχε
517 2647 576 2683 την
612 2646 723 2686 ἀρχην
753 2650 788 2676 ut
822 2644 928 2675 selibit
959 2644 1091 2684 Dionys.

423 2698 484 2724 lv.;
507 2690 623 2720 deinde
645 2688 769 2719 tributis
792 2687 928 2718 comitiis
952 2687 1093 2717 Publilia

423 2741 460 2760 ae
478 2731 625 2762 Laetoria
644 2732 712 2771 lege
732 2730 880 2767 inductis,
896 2734 928 2760 et
944 2730 1093 2760 Patribus

424 2783 463 2802 ex
488 2774 621 2803 coneilio
646 2774 747 2813 plebis
769 2772 947 2809 submotis;
973 2782 1013 2802 ex
1030 2782 1092 2811 quo

425 2814 541 2854 plebeii
573 2817 774 2853 magistratus
804 2815 938 2846 comitiis
967 2814 1092 2845 tributis

424 2857 519 2887 creati
537 2861 620 2893 sunt,
637 2862 669 2887 et
686 2859 797 2888 Patres
820 2869 883 2888 non
908 2857 967 2888 nisi
984 2861 1090 2888 aucto-

423 2910 472 2929 res
488 2899 734 2929 centuriatorum
747 2904 779 2930 et
791 2901 982 2930 curiatorum
996 2900 1090 2931 comi>

424 2942 537 2972 tiorum
556 2941 654 2975 fuere,
669 2941 735 2971 Liv.
749 2942 778 2973 ii.
793 2942 831 2980 56
843 2953 887 2981 sq.
906 2946 937 2972 ot
953 2942 1020 2973 Cic.
1035 2953 1090 2981 pro

425 2984 521 3015 Doni.
544 2994 609 3022 14.;
633 2989 698 3013 tum
721 2984 842 3020 lembus
871 2984 1002 3014 Horatia
1028 2985 1090 3014 Va-

1135 1621 1224 1660 leria,
1241 1622 1383 1652 Publilia
1400 1626 1431 1652 et
1449 1621 1636 1660 Hortensia,
1650 1625 1687 1652 ut
1707 1622 1808 1662 plebi-

1134 1665 1214 1695 scita
1245 1675 1356 1695 omnes
1385 1665 1528 1700 Quirites
1553 1669 1711 1703 tenerent,
1738 1665 1808 1696 Liv.

1134 1707 1177 1737 iii.
1193 1716 1241 1747 55.
1256 1707 1318 1738 viii.
1334 1717 1381 1737 12.
1400 1707 1486 1747 Epit.
1505 1707 1574 1738 Liv.
1591 1708 1634 1738 xi.
1655 1707 1741 1738 Geli.
1754 1718 1808 1739 xv.

1136 1759 1201 1789 27.;
1220 1760 1312 1789 porro
1329 1750 1426 1787 SCto,
1440 1752 1525 1789 quod
1541 1755 1613 1790 post
1628 1750 1810 1781 tribunitias

1133 1793 1312 1832 rogationes
1332 1793 1372 1823 de
1392 1794 1488 1823 modo
1511 1803 1669 1833 agrorum,
1684 1793 1724 1824 de
1744 1793 1809 1824 foe-

1133 1846 1220 1870 nere,
1236 1836 1275 1865 de
1297 1836 1398 1865 altero
1419 1836 1587 1866 consulatu
1605 1840 1754 1876 acceptas
1777 1839 1811 1866 et

1135 1879 1246 1918 longas
1264 1878 1436 1908 seditiones
1458 1882 1587 1909 senatus
1610 1882 1739 1909 coactus
1761 1883 1810 1909 est

1135 1921 1250 1958 facere,
1276 1925 1312 1951 ut
1343 1922 1455 1952 Patres
1485 1924 1630 1951 auctores
1660 1921 1809 1952 omnibus

1135 1963 1210 1993 anni
1227 1963 1362 1993 comitiis
1382 1964 1504 2001 fierent,
1521 1963 1589 1994 Liv.
1607 1963 1646 1993 vi.
1664 1974 1729 2002 42.;
1753 1974 1808 2003 po—

1136 2010 1252 2036 stremo
1276 2006 1398 2046 legibus
1417 2016 1436 2036 a
1453 2006 1594 2037 Publilio
1611 2006 1698 2037 Dict.
1718 2006 1808 2038 U.C.

1136 2047 1207 2087 416.
1224 2053 1256 2080 et
1271 2059 1291 2078 a
1304 2049 1435 2079 Maenio
1447 2049 1517 2079 trib.
1532 2049 1575 2088 pl.
1591 2049 1680 2080 U.C.
1689 2048 1750 2089 467
1763 2050 1809 2080 la-

1137 2091 1188 2129 tis,
1204 2095 1239 2121 ut
1255 2092 1374 2131 legum,
1389 2101 1471 2131 quae
1493 2091 1629 2122 comitiis
1651 2091 1808 2122 centuria-

1134 2133 1174 2163 tis
1198 2134 1364 2171 ferrentur,
1386 2138 1462 2164 ante
1484 2134 1600 2164 initum
1623 2134 1808 2174 suffragium

1136 2177 1248 2207 Patres
1270 2181 1415 2207 auctores
1436 2177 1560 2215 fierent,
1585 2177 1654 2208 Liv.
1676 2177 1739 2207 viii.
1760 2187 1808 2209 12.

1137 2223 1169 2249 et
1179 2219 1247 2250 Cic.
1262 2219 1352 2250 Brut.
1369 2230 1414 2258 14.
1439 2220 1524 2250 RUP.
1564 2219 1627 2250 Sed
1643 2220 1684 2250 de
1697 2219 1758 2250 hac
1774 2230 1808 2250 re

1137 2262 1230 2301 longe
1245 2262 1338 2292 aliter
1353 2261 1500 2293 disseruit
1516 2262 1549 2292 N
1551 2262 1650 2293 iebhr.
1664 2262 1718 2302 qui
1733 2273 1807 2293 auc-

1137 2306 1293 2335 toritatem
1319 2309 1451 2344 patrum
1481 2304 1566 2334 idern
1596 2305 1744 2341 voluisse,
1768 2315 1808 2336 ac

1137 2348 1233 2386 leyem
1251 2349 1408 2377 curiatam
1430 2348 1468 2378 de
1489 2348 1632 2386 imperio,
1648 2351 1680 2378 et
1695 2356 1806 2378 vocem

1133 2394 1243 2428 patres
1258 2399 1321 2419 non
1338 2393 1495 2426 senatum,
1511 2390 1566 2419 sed
1587 2389 1738 2429 patricios
1753 2400 1807 2420 cu-

1136 2431 1242 2461 riatim
1255 2435 1454 2469 convocatos,
1466 2431 1499 2461 in
1512 2431 1598 2462 libris
1609 2432 1748 2471 antiquis
1759 2432 1806 2462 in-

1136 2474 1278 2513 telligere
1290 2477 1404 2504 censet.
1417 2484 1511 2513 quem
1523 2474 1561 2505 cf.
1569 2473 1625 2505 i.n.
1635 2475 1704 2515 849.
1716 2473 1807 2514 1363.

1185 2526 1204 2557 9
1226 2518 1370 2547 Samium
1396 2517 1623 2556 Pythayomn]
1668 2516 1737 2548 Cic.
1766 2517 1807 2548 de

1139 2558 1222 2598 Rep.
1240 2559 1270 2588 ii.
1287 2567 1335 2598 15,
1352 2559 1525 2598 Polybium
1540 2563 1679 2595 secutus,
1698 2561 1719 2576 ‘⁶
1730 2560 1757 2590 F
1759 2560 1805 2590 al-

1137 2611 1207 2631 sum
1234 2605 1281 2631 est
1305 2601 1337 2631 id
1362 2605 1478 2638 totum,
1495 2612 1600 2641 neque
1622 2603 1726 2633 solum
1748 2602 1807 2633 fal-

1137 2654 1218 2681 sum,
1239 2644 1294 2674 sed
1317 2644 1413 2674 etiam
1436 2644 1584 2683 imperite
1606 2645 1806 2684 absurdeque

1135 2687 1285 2716 fretum.”
1330 2687 1455 2716 Fabula
1471 2687 1550 2717 haec
1564 2687 1595 2717 in
1611 2687 1707 2719 Tusc.
1725 2687 1768 2723 Q..
1783 2687 1805 2718 i.

1141 2728 1185 2759 16.
1196 2729 1236 2759 iv.
1248 2739 1272 2759 1.
1285 2729 1324 2759 de
1335 2730 1423 2760 Orat.
1431 2729 1461 2760 ii.
1472 2738 1520 2769 37.
1531 2730 1697 2768 refutatur,
1708 2734 1805 2769 atque

1136 2782 1186 2811 ap.
1202 2771 1336 2811 Dionys.
1353 2771 1383 2802 ii.
1403 2781 1450 2813 59.
1497 2772 1530 2803 Si
1544 2782 1616 2802 vero
1631 2773 1712 2802 ratio
1723 2776 1803 2802 tem-

1136 2824 1260 2853 pomm,
1271 2824 1365 2853 quam
1379 2815 1465 2854 apud
1479 2815 1625 2854 Abyden.
1638 2815 1671 2844 in
1685 2814 1803 2844 Euseb.

1135 2857 1253 2888 Chron.
1280 2857 1395 2888 Venet.
1419 2858 1469 2887 ed.
1496 2857 1516 2888 i.
1540 2868 1570 2897 p.
1596 2866 1634 2896 53
1657 2857 1804 2896 legimus,

1135 2903 1286 2936 servetur,
1312 2900 1378 2930 fieri
1409 2899 1514 2939 potuit
1540 2903 1576 2930 ut
1607 2899 1804 2938 Pythagoras

1136 2943 1265 2973 Numae
1280 2942 1423 2981 aequalis
1438 2946 1528 2972 esset.
1563 2941 1612 2972 Cf.
1632 2940 1764 2972 Niebhr.
1781 2941 1801 2972 i.

1136 2995 1165 3022 Ρ.
1187 2994 1253 3022 235.
