1934 3211
395 135 478 175 538
916 131 1066 174 ΤΙΤΙ
1103 131 1285 174 LIVII

396 226 408 245 ⁶
423 222 632 264 exercitus
678 221 944 264 Aventinum
989 221 1225 263 insedistis:
1279 221 1395 271 haec,
1442 237 1550 277 quae
1601 221 1793 263 fenebres

395 285 407 303 ⁶
422 279 558 336 leges:
591 279 708 329 haec,
731 294 838 335 quae
860 279 1040 344 agrarias
1060 294 1226 344 semper
1246 278 1534 335 impugnavit:
1566 278 1672 320 haec
1692 293 1794 320 con-

396 342 409 361 ⁶
424 337 555 379 nubia
573 336 750 378 Patrum
771 344 813 378 et
833 336 968 393 plebis
993 336 1242 393 interrupit:
1276 336 1380 377 haec
1407 336 1521 392 plebi
1548 336 1602 377 ad
1629 336 1794 378 curules

395 395 687 451 ‘magistratus
719 394 800 435 iter
830 394 1065 450 obsaepsit:
1098 393 1179 434 hoc
1212 402 1274 434 est
1305 409 1462 434 nomen
1496 393 1643 443 multo,
1666 407 1794 449 quam

395 456 407 475 ‘
423 452 767 508 Tarquiniorum,
790 451 981 492 infestius
1005 459 1165 492 vestiae
1198 451 1392 492 libertati.
1455 450 1575 492 Itane
1607 451 1791 499 tandem,

395 509 506 566 ⁶Ap.
534 508 702 558 Claudi,
738 523 869 563 quum
906 508 1159 548 centesimus
1191 508 1273 548 iam
1311 523 1445 548 annus
1481 508 1534 549 sit
1568 509 1620 549 ab
1657 507 1789 548 Mam.
1806 527 1824 548 2

394 572 406 590 ⁶
423 566 609 608 Aemilio
635 566 852 630 dictatore,
880 573 943 605 tot
973 579 1165 605 censores
1192 565 1361 614 fuerint,
1383 565 1629 606 nobilissimi
1653 565 1793 606 fortis-

395 629 407 647 ‘
422 624 601 688 simique
624 623 714 671 viri,
738 637 863 663 nemo
889 636 1034 662 eorum
1056 621 1282 662 duodecim
1312 621 1472 662 tabulas
1499 622 1626 678 legit.
1617 623 1635 653 9
1665 637 1792 663 nemo

395 681 497 721 ‘id
488 695 551 720 lus
572 694 673 728 esse,
698 678 813 743 quod
833 686 1045 734 postremo
1066 678 1247 734 populus
1268 678 1465 727 iussisset,
1488 679 1630 720 scivit.
1621 680 1639 710 9
1699 679 1793 721 Imo

395 743 521 778 ‘vero
551 751 697 777 omnes
728 736 965 784 sciverunt3
999 743 1042 775 et
1071 735 1168 776 ideo
1191 735 1400 776 Aemiliae
1430 736 1571 791 potius
1602 736 1686 792 legi
1718 752 1793 793 pa-

395 800 610 842 ‘ruerunt,
634 808 761 848 quam
791 792 852 833 illi
884 792 1095 848 antiquae,
1119 808 1203 848 qua
1231 793 1415 848 primum
1446 808 1638 834 censores
1665 794 1794 835 creati

396 856 408 874 ⁶
423 859 553 900 erant,
577 850 676 906 quia
696 850 805 891 hanc
826 858 1079 906 postremam
1100 850 1274 891 iusserat
1294 849 1497 915 populus.
1529 859 1572 891 et
1592 851 1703 906 quia,
1720 851 1794 892 ubi

395 913 407 932 ⁶
422 908 531 949 duae
554 908 785 949 contrariae
806 907 921 963 leges
943 915 1052 957 sunt,
1071 922 1236 963 semper
1257 907 1454 963 antiquae
1477 908 1652 964 obrogat
1671 923 1791 949 nova.

395 971 407 989 ⁶
424 965 497 1006 An
528 966 609 1006 hoc
640 965 757 1015 dicis,
781 965 911 1021 Appi,
940 980 1027 1006 non
1059 965 1193 1005 teneri
1216 964 1402 1006 Aemilia
1433 964 1525 1021 lege
1558 965 1794 1021 populum?

396 1028 478 1064 ‘an
516 1022 722 1079 populum
764 1022 911 1072 1011011,
949 1030 990 1063 te
1031 1037 1165 1063 unum
1206 1022 1398 1078 exlegem
1439 1037 1552 1063 esse.
1543 1023 1561 1052 9
1633 1022 1795 1064 Tenuit

396 1085 408 1104 ⁶
424 1080 611 1122 Aemilia.
630 1079 700 1121 lex
720 1079 926 1121 violentos
946 1079 1039 1120 illos
1059 1095 1264 1129 censores,
1291 1079 1341 1121 C.
1361 1079 1536 1120 Furium
1558 1087 1601 1121 et
1622 1079 1685 1120 Μ.
1707 1079 1795 1121 Ge-

397 1138 611 1194 ‘ganium,
629 1138 716 1193 qui,
735 1137 840 1193 quid
860 1137 938 1178 iste
960 1137 1224 1193 magistratus
1245 1137 1289 1177 in
1309 1137 1524 1193 republica
1544 1137 1644 1178 mali
1658 1137 1794 1178 facere

398 1201 578 1252 ‘posset,
616 1195 882 1236 indicarunt:
932 1210 1076 1259 quum,
1119 1195 1179 1235 ira
1213 1194 1356 1235 finitae
1392 1195 1622 1250 potestatis,
1659 1194 1792 1236 Mam.

398 1258 409 1276 ‘
430 1252 678 1302 Aemilium,
693 1252 926 1308 principem
949 1252 1095 1293 aetatis
1116 1267 1214 1293 suae
1235 1251 1335 1293 belli
1356 1251 1570 1317 domique,
1588 1252 1795 1293 aerarium

397 1310 639 1351 ‘fecerunt:
681 1309 818 1351 tenuit
849 1309 1048 1366 deinceps
1081 1325 1227 1351 omnes
1258 1324 1450 1351 censores
1481 1311 1592 1351 intra
1624 1317 1823 1351 centum·

396 1373 632 1408 ‘annorum
667 1367 874 1432 spatium:
923 1375 1041 1408 tenet
1084 1366 1134 1408 C.
1158 1367 1373 1408 Plautium
1413 1366 1618 1423 collegam
1658 1375 1793 1417 tuum,

396 1429 408 1448 ⁶
423 1424 573 1465 iisdem
595 1425 803 1489 auspiciis,
827 1424 975 1466 eodem
1004 1425 1093 1466 iure
1119 1433 1319 1466 creatum.
1381 1425 1456 1465 An
1483 1424 1597 1466 hunc
1613 1440 1725 1474 11011,
1747 1432 1826 1472 1113

397 1482 499 1536 ‘qui
520 1482 690 1546 optimo
700 1482 790 1522 iure
812 1497 961 1523 censor
988 1490 1151 1523 creatus
1179 1490 1299 1531 esset,
1320 1482 1503 1546 populus
1528 1482 1716 1523 creavit?
1747 1490 1796 1523 tu

397 1543 410 1562 ⁶
425 1552 534 1578 unus
565 1538 745 1579 eximius
780 1553 836 1587 es,
873 1539 918 1578 in
955 1555 1040 1594 quo
1075 1539 1155 1580 hoc
1190 1554 1466 1595 praecipuum
1501 1554 1549 1580 30
1584 1539 1794 1595 singulare

397 1594 591 1636 ‘valeatP
656 1595 797 1643 Quem
829 1604 875 1635 tu
901 1610 1051 1659 regem
1083 1596 1381 1637 sacrificiorum
1414 1611 1541 1646 crees,
1576 1596 1828 1662 amplexus4
1861 1604 1871 1610 '

397 1657 410 1676 ⁶
424 1652 545 1708 regni
572 1667 741 1701 nomen,
764 1659 811 1692 ut
839 1652 913 1707 qui
940 1652 1099 1708 optimo
1128 1653 1217 1693 iure
1245 1668 1322 1693 rex
1344 1653 1507 1694 Romae
1535 1662 1699 1695 creatus
1726 1653 1792 1704 sit,

397 1715 409 1733 ⁶
425 1717 611 1750 creatum
632 1724 674 1749 se
697 1708 834 1749 dicet.
824 1710 842 1739 9
901 1708 1042 1756 Quem
1064 1710 1251 1750 semestri
1273 1710 1491 1759 dictatura,
1515 1725 1643 1766 quem
1663 1710 1792 1751 inter-

398 1773 409 1790 ‘
424 1781 555 1822 regno
580 1766 768 1822 quinque
791 1765 955 1807 dierum
978 1774 1225 1807 contentum
1245 1766 1332 1807 fore
1354 1775 1500 1822 putes.
1490 1767 1508 1797 9
1539 1782 1667 1822 quem
1688 1767 1794 1809 clavi

397 1823 596 1879 ‘figendi,
629 1832 701 1864 aut
734 1823 930 1864 ludorum
966 1838 1091 1864 causa
1126 1823 1373 1864 dictatorem
1409 1824 1608 1865 audacter
1643 1825 1793 1866 crees?

397 1887 408 1905 ⁶
428 1880 569 1928 Quam
604 1881 672 1921 isti
708 1880 879 1921 stolidos
915 1895 962 1921 ac
999 1880 1193 1921 socordes
1228 1881 1361 1921 videri
1398 1881 1566 1922 creditis
1601 1897 1685 1931 eOS,
1719 1882 1793 1938 qui

397 1938 534 1978 ‘intra
564 1937 808 1978 vicesimum
840 1937 965 1986 diem,
994 1936 1235 1993 ingentibus
1266 1938 1389 1979 1ebus
1418 1939 1558 1994 gestis,
1585 1939 1794 1980 dictatura

397 2001 408 2019 ⁶
424 2010 466 2035 se
488 1995 710 2035 abdicavei
713 2003 802 2043 unt
823 2003 895 2035 aut
917 1994 990 2049 qui
1011 1995 1112 2035 vitio
1140 1995 1268 2035 creati
1296 1995 1490 2036 abiciunt
1516 1996 1793 2052 magistratu?

396 2058 407 2076 ‘
427 2051 545 2100 Quid
577 2067 655 2108 ego
683 2052 858 2107 antiqua
884 2060 1098 2107 iepetam.
1089 2053 1106 2082 9
1168 2051 1319 2108 Nuper
1350 2053 1461 2095 intra
1484 2053 1633 2095 decem
1661 2069 1824 2102 annos5

175 233 220 266 U.
237 233 276 265 C.
293 245 366 273 444.

173 275 213 308 A.
238 277 276 308 C.
294 278 367 316 308.

439 2202 455 2223 2
474 2192 672 2223 C'mztesimus
687 2193 750 2222 iam
767 2192 891 2229 amms]
913 2191 985 2222 Imo
999 2202 1069 2222 cen-

395 2234 527 2265 tesimus
541 2234 711 2274 vigesimus
721 2238 864 2273 quartus,
877 2234 916 2264 cf.
930 2244 1015 2273 supr.
1029 2235 1070 2265 iv.

396 2287 445 2315 24.

439 2329 456 2358 3
485 2321 527 2350 Ut
547 2320 602 2359 qui
621 2320 737 2358 optimo
753 2319 825 2349 iure
840 2319 967 2356 censor]
993 2318 1025 2349 h.
1042 2329 1069 2349 e.

395 2362 471 2392 Iure
487 2361 620 2391 minime
638 2361 819 2391 imminuto.

442 2414 461 2441 4
485 2405 585 2440 Quem
616 2408 652 2433 tu
685 2414 790 2442 regem
819 2404 1067 2442 sacrificiorum]

395 2445 534 2476 Perinde
550 2446 655 2475 facere
671 2445 828 2484 Appium,
844 2455 882 2474 ac
903 2445 928 2475 si
948 2455 1003 2475 rex
1023 2455 1069 2475 sa-

394 2498 531 2525 crorum,
547 2491 682 2526 captans
701 2487 842 2526 argutias
857 2497 897 2517 ex
914 2488 1070 2517 vocabulo

393 2530 493 2569 regni,
517 2530 603 2568 quod
627 2533 659 2559 et
681 2529 750 2568 ipse
775 2529 898 2567 optimo
922 2529 990 2559 iure
1014 2540 1069 2559 rex

394 2576 519 2602 creatus
554 2572 605 2609 sit,
636 2571 746 2601 omnia
777 2571 847 2601 iura
877 2581 1071 2610 omnemque

394 2617 588 2653 potestatem
605 2616 637 2643 et
652 2613 824 2653 imperium
839 2614 974 2643 Romuli
988 2617 1070 2644 cete-

393 2666 566 2694 rorumque
588 2665 700 2695 regum
725 2655 783 2685 sibi
806 2665 951 2694 arrogare
975 2656 1072 2693 velit3

395 2698 532 2728 dicendo
548 2708 619 2728 eam
637 2697 794 2736 optimam
815 2697 919 2736 legem
937 2698 977 2727 de
999 2708 1071 2737 rege

395 2739 546 2769 Romano
571 2750 650 2777 esse,
673 2750 756 2778 quae
779 2740 819 2770 de
844 2739 981 2778 imperio
1005 2740 1071 2770 Ro-

394 2781 475 2810 muli
499 2786 610 2820 rogata
633 2782 673 2811 sit
696 2785 793 2820 atque
820 2785 956 2821 accepta
979 2782 1072 2812 initio

397 2822 496 2852 Urbis
511 2823 670 2854 conditae.
718 2825 803 2854 Item
827 2823 851 2854 si
874 2824 956 2854 haec
975 2823 1070 2855 inter-

395 2863 533 2903 pretatio
550 2866 681 2904 valeret,
697 2865 870 2906 interreges
885 2876 1014 2906 quoque
1032 2877 1071 2897 ac

1116 2191 1288 2223 dictatores
1312 2192 1454 2223 maxime
1477 2192 1559 2224 clavi
1587 2193 1706 2233 figendi
1735 2198 1793 2226 aut

1116 2234 1266 2265 ludorum
1284 2245 1379 2265 causa
1391 2235 1506 2274 dictos,
1519 2235 1640 2275 quippe.
1655 2235 1710 2275 qui
1726 2247 1792 2267 om-

1114 2287 1171 2306 nes
1187 2282 1224 2307 ut
1239 2279 1294 2317 qui
1311 2279 1426 2317 opti-mo
1442 2279 1514 2309 iure
1530 2278 1627 2308 creati
1651 2278 1725 2316 sint,
1741 2289 1791 2310 ea-

1115 2319 1188 2349 dem
1213 2320 1357 2350 elusuros
1379 2320 1421 2350 ad
1444 2324 1637 2359 potestatem
1657 2320 1717 2351 sibi
1737 2331 1791 2352 au-

1113 2362 1262 2401 gendam.
1288 2362 1442 2393 GRONOV.

1158 2412 1175 2442 5
1192 2406 1311 2443 Nuper
1327 2405 1416 2435 intra
1431 2406 1535 2436 decem
1550 2406 1668 2443 annos]
1685 2405 1791 2441 Quin-

1114 2449 1166 2476 tus
1187 2446 1239 2476 hic
1260 2457 1364 2477 annus
1378 2447 1483 2486 agitur
1497 2448 1538 2477 ab
1554 2457 1604 2485 eo,
1620 2457 1684 2486 quo
1700 2448 1791 2479 Mae-

1115 2488 1205 2518 nium
1222 2488 1413 2519 dictatorem
1427 2489 1538 2519 Livius
1553 2489 1709 2520 exhibuit.
1746 2491 1792 2521 At

1116 2530 1204 2560 Fasti
1216 2530 1394 2569 Capitolini
1407 2531 1482 2561 totis
1494 2532 1606 2562 decem
1619 2535 1695 2562 ante
1707 2532 1791 2563 hanc

1116 2572 1298 2611 Sempronii
1316 2573 1477 2603 actionem
1493 2573 1585 2603 annis
1600 2584 1675 2604 eum
1691 2574 1790 2605 dicta.-

1115 2618 1216 2644 torem
1234 2615 1363 2646 habent.
1410 2615 1550 2645 Videtur
1569 2615 1666 2655 igitur
1681 2620 1790 2647 aucto-

1115 2667 1165 2686 res
1186 2657 1267 2687 alios
1289 2661 1418 2687 secutus
1440 2668 1507 2688 esse
1531 2658 1642 2688 Livius
1664 2659 1698 2688 in
1724 2669 1790 2689 me-

1115 2700 1272 2729 moranda
1294 2699 1365 2738 ipsa
1380 2699 1505 2730 Maenii
1523 2699 1694 2738 dictatura,
1709 2700 1791 2732 alios

1115 2741 1149 2771 in
1165 2741 1225 2771 hac
1239 2741 1419 2780 Sempronii
1437 2741 1580 2772 oratione
1596 2742 1789 2773 concinnan-

1116 2784 1166 2813 da.
1207 2783 1283 2814 Vid.
1302 2783 1393 2823 Pigh.
1417 2784 1535 2815 Annal.
1557 2785 1599 2815 ad
1622 2795 1674 2816 an.
1693 2784 1736 2816 U.
1750 2785 1788 2819 C.

1116 2837 1134 2864 4
1139 2834 1187 2865 33.
1213 2826 1319 2857 Car-:v⁴
