1934 3211
170 248 216 280 U·
233 248 272 280 C
289 256 363 288 439·

168 292 364 330 A..C313.

242 770 309 807 23.

168 825 268 856 Sorae
281 825 333 854 dc.-

168 868 266 897 fectio
283 867 324 896 ad

170 910 342 940 Samnites.

393 154 476 194 526
905 149 1054 191 TITI
1096 149 1274 191 IIVII

391 242 467 284 dei
469 251 512 284 at
533 251 702 291 turmas,
720 240 929 283 Samnites
945 242 1194 298 poti1·r.entu
1260 239 1345 282 Sed
1366 239 1581 296 extemplo
1597 239 1651 280 ad
1664 238 1794 295 pedes

391 300 642 342 descensum
663 300 715 341 ab
734 299 939 341 Romanis
955 307 1030 349 est,
1048 299 1267 354 coactique
1285 298 1398 339 idem
1419 297 1629 338 Samnites
1641 297 1790 338 facere.

392 358 449 399 Et
473 358 697 414 repentina
716 357 825 398 acies
847 357 957 398 circa
983 371 1157 413 corpora
1181 356 1338 398 ducum
1363 355 1557 412 pedestre
1584 354 1793 411 proelium

390 415 500 465 iniit,
524 430 608 471 quo
639 415 754 456 haud
778 414 906 456 dubie
938 422 1107 470 superat
1136 414 1378 454 Romanus:
1412 420 1793 469 recuperatumque

390 472 512 514 Aulii
543 487 706 529 corpus,
730 472 862 513 mixta
892 486 989 512 cum
1018 471 1161 512 dolore
1185 470 1357 520 laetitia,
1378 470 1556 511 victores
1583 485 1629 510 1n
1659 477 1795 510 eastra

389 530 588 572 referunt.
655 529 877 578 Samnites,
899 528 1007 569 duce
1029 528 1192 577 amisso,
1215 536 1259 569 et
1278 542 1354 583 per
1369 535 1562 592 equestre
1580 535 1794 568 certamen

389 588 561 629 tentatis
581 586 752 634 viribus,
775 586 928 627 omissa
952 584 1146 634 Saticula,
1170 599 1297 640 quam
1314 584 1600 640 nequicquam
1621 583 1795 625 defendi

388 645 601 693 rebantur,
624 643 678 684 ad
702 643 876 684 Plistiae
899 641 1163 683 obsidionem
1184 641 1389 689 redeunt3
1422 641 1616 697 intraque
1637 655 1794 697 paucos

390 702 479 743 dies
516 700 700 742 Saticula
738 700 959 741 Romanus
993 714 1069 754 per
1108 698 1385 748 deditionem,
1419 697 1569 739 Plistia
1601 713 1677 754 per
1707 698 1794 739 vim

393 758 558 799 Samnis
579 757 751 813 potitur.
815 756 984 797 Mutata
996 755 1096 796 inde
1117 755 1218 796 belli
1239 755 1359 796 sedes
1381 763 1465 796 est:
1499 755 1554 796 ad
1573 754 1719 796 Soram
1740 770 1794 796 ex

393 815 565 856 Samnio
597 814 841 870 Apuliaque
871 814 1084 855 traductae
1112 812 1311 868 legiones.
1377 811 1480 855 Sora
1500 812 1554 853 ad
1587 811 1794 853 Samnites

390 872 614 921 defeee1at,
656 871 889 912 interfectis
930 870 1090 912 colonis
1139 870 1442 911 Romanorum.
1523 869 1622 918 Quo
1662 884 1795 925 quum

388 931 503 986 prior
535 929 754 971 Romanus
789 928 1012 977 exercitus,
1049 928 1103 969 ad
1135 927 1420 969 ulciscendam
1456 926 1613 968 civium
1645 941 1796 968 necem

389 986 808 1043 recuperandamque
859 985 1080 1051 coloniam,
1132 985 1295 1041 magnis
1348 984 1570 1026 itineribus
1622 998 1796 1040 praeve-

389 1045 532 1095 nisset,
555 1052 599 1086 et
628 1045 758 1109 sparsi
778 1058 856 1100 per
877 1043 962 1084 vias
992 1042 1287 1099 speculatmes,
1310 1042 1432 1098 sequi
1461 1041 1651 1098 legiones
1676 1040 1796 1082 Sam-

390 1102 557 1152 nitium,
580 1117 659 1142 nec
680 1101 765 1142 iam
795 1101 942 1157 procul
963 1101 1121 1150 abesse,
1144 1099 1214 1141 alii
1235 1114 1399 1155 super
1381 1078 1529 1164 alios,D
1524 1098 1793 1147 nuntiarent3

391 1160 558 1201 obviam
580 1159 687 1200 itum
708 1159 831 1208 hosti,
850 1166 976 1214 atque
999 1157 1052 1199 ad
1074 1156 1277 1198 Lautulas
1299 1156 1473 1213 ancipiti
1493 1155 1653 1213 proelio
1670 1155 1795 1196 dimi-

391 1226 534 1258 catum
560 1225 634 1258 est.
699 1216 801 1257 Non
827 1216 992 1265 caedes,
1015 1230 1102 1256 non
1122 1215 1222 1271 fuga
1249 1214 1420 1255 alterius
1440 1214 1581 1270 partis,
1603 1212 1678 1254 sed
1708 1228 1795 1254 nox

391 1275 587 1324 incertos,
621 1274 722 1315 victi
754 1274 988 1315 victoresne
1031 1280 1182 1321 essent,
1220 1272 1400 1313 diremit.
1463 1270 1642 1312 Invenio
1681 1270 1795 1335 apud

391 1332 610 1388 quosdam,
634 1331 851 1372 adversam
879 1345 974 1372 eam
994 1345 1182 1386 pugnam
1208 1329 1414 1371 Romanis
1434 1328 1575 1378 fuisse,
1598 1336 1724 1384 atque
1749 1327 1826 1373 in6

392 1405 442 1430 ea
462 1389 662 1431 cecidisse
688 1388 741 1437 Q.
760 1388 952 1438 Aulium,
974 1388 1220 1453 magistrum
1251 1386 1455 1443 equitum.
1521 1385 1761 1427 Suffectus
1750 1400 1795 1426 ln

392 1447 533 1488 locum
550 1446 669 1487 Aulii
694 1446 744 1487 C.
765 1445 917 1487 Fabius
934 1445 1134 1502 magister
1153 1444 1348 1500 equitum
1368 1459 1466 1485 cum
1479 1443 1669 1485 exercitu
1685 1457 1795 1484 novo

393 1504 445 1545 ab
468 1504 608 1544 Roma
628 1503 823 1552 advenit3
856 1512 910 1553 et,
933 1518 1010 1559 pcr
1032 1503 1280 1559 praemissos
1301 1501 1473 1542 nuntios
1494 1500 1685 1542 consulto
1706 1499 1796 1541 dic-

392 1569 538 1609 tatore,
573 1560 647 1600 ubi
683 1561 937 1609 subsisteret,
972 1575 1108 1615 quove
1150 1568 1353 1615 tempore,
1391 1567 1434 1600 et
1469 1574 1554 1614 qua
1587 1573 1642 1599 ex
1676 1566 1795 1614 parte

392 1618 556 1659 hostem
586 1617 895 1673 aggrederetur,
919 1617 1105 1658 substitit
1132 1617 1333 1665 occultus,
1355 1616 1410 1657 ad
1434 1616 1576 1657 omnia
1595 1615 1693 1656 satis
1720 1629 1795 1656 ex-

392 1675 564 1731 p101atis
596 1674 791 1715 consiliis,
854 1673 1063 1722 Dictator,
1101 1688 1234 1729 quum
1274 1687 1350 1729 per
1385 1672 1545 1728 aliquot
1575 1672 1665 1713 dies
1700 1680 1795 1728 post

393 1747 580 1788 pugnam
601 1731 877 1773 continuisset
897 1746 993 1771 suos
1014 1731 1124 1771 intra
1142 1729 1312 1779 vallum,
1335 1730 1491 1771 obsessi
1511 1729 1644 1785 magis
1665 1743 1793 1785 quam

394 1789 624 1830 obsidentis
660 1788 799 1838 modo,
837 1788 1004 1844 signum
1039 1795 1232 1851 repente·
1249 1802 1416 1843 pugnae
1453 1786 1693 1842 proposuit3
1736 1794 1792 1835 et,

394 1846 604 1887 efficacius
639 1854 751 1887 ratus
784 1845 838 1886 ad
868 1844 1161 1886 accendendos
1194 1844 1380 1885 virorum
1410 1843 1581 1885 fortium
1617 1843 1792 1892 animos,

397 1903 557 1944 nullam
582 1903 694 1952 alibi,
717 1918 844 1967 quam
872 1902 917 1942 in
947 1910 1081 1943 semet
1101 1902 1206 1957 ipso,
1228 1901 1426 1957 cuiquam
1453 1900 1641 1942 relictam
1662 1915 1793 1956 spem,

397 1960 450 2001 (le
492 1960 689 2016 magistro
725 1960 917 2015 equitum
957 1974 1153 2023 novoque
1194 1959 1386 1999 exercitu
1421 1957 1598 1999 militem
1630 1957 1792 1999 celavit..

398 2017 465 2067 Et,
499 2025 700 2073 tanquam
731 2016 859 2066 nulla,
889 2016 970 2057 nisi
1002 2015 1046 2056 in
1080 2015 1316 2072 eruptione,
1347 2030 1441 2080 spes
1470 2023 1592 2064 esset,
1619 2014 1795 2064 ‘Locis,’

396 2075 548 2130 inquit,
583 2074 808 2130 ‘angustis,
845 2073 1013 2122 milites,
1044 2073 1310 2129 deprehensi,
1342 2072 1424 2113 nisi
1459 2087 1588 2128 quam
1621 2072 1797 2114 victoria

398 2132 758 2188 ‘patefecerimus,
799 2130 911 2172 viam
960 2130 1119 2171 nullam
1169 2130 1383 2172 habemus.
1449 2129 1608 2171 Stativa
1655 2137 1797 2170 nostra

399 2190 692 2231 ‘munimento
729 2189 827 2230 satis
867 2196 959 2229 tuta
990 2196 1111 2237 sunt3
1163 2188 1238 2229 sed
1273 2187 1416 2243 inopia
1451 2186 1600 2228 eadem
1631 2186 1794 2228 infesta.

399 2252 410 2270 ‘
428 2246 541 2287 Nam
563 2255 606 2288 et
625 2247 736 2288 circa
755 2246 897 2288 omnia
923 2245 1182 2295 defecerunt,
1205 2245 1319 2286 unde
1341 2244 1517 2286 subvehi
1537 2252 1796 2285 commeatus

458 2313 645 2353 oterant3
679 2313 734 2353 et,
763 2304 797 2345 si
827 2303 1020 2344 homines
1050 2303 1191 2343 iuvare
1222 2302 1366 2351 velint,
1388 2301 1535 2357 iniqua
1563 2301 1656 2343 loca
1684 2309 1793 2343 sunt.

398 2309 645 2441 {ti'aque
603 2377 690 2402 non
719 2360 947 2402 fr·ustrab01
970 2375 1049 2415 ego
1070 2375 1155 2409 vos,
1178 2368 1311 2400 castra
1340 2333 1409 2400 liic
1434 2358 1761 2424 relinquendo,
1750 2373 1796 2398 m

399 2424 549 2474 ‘quae‚
584 2418 739 2460 insecta
772 2415 958 2465 victoria,
992 2417 1100 2457 sicut
1130 2416 1308 2472 pristino
1344 2416 1427 2465 die,
1460 2430 1536 2457 vos
1570 2415 1793 2472 recipiatis.

400 2482 410 2499 ⁵
428 2476 570 2516 Armis
591 2475 868 2523 munimenta,
885 2489 973 2515 non
993 2473 1268 2514 munimentis
1281 2488 1396 2514 arma
1410 2481 1501 2514 tuta
1520 2487 1608 2514 esse
1623 2473 1793 2514 debent.

399 2538 410 2556 ‘
428 2532 577 2573 Castra
606 2533 790 2573 habeant
829 2538 1122 2587 repetantque,
1155 2531 1307 2586 quibus
1348 2545 1498 2586 operae
1527 2538 1591 2571 est
1631 2529 1794 2571 trahere

400 2596 410 2613 ‘
427 2589 609 2630 bellum·
643 2604 719 2630 nos
744 2588 935 2630 omnium
956 2602 1096 2629 rerum
1125 2596 1374 2652 respectum,
1395 2595 1690 2643 praeterquam
1709 2587 1796 2628 vic-

400 2647 571 2696 ‘tm-iae,
608 2647 729 2688 nobis
769 2645 1042 2687 abscidamus.
1106 2644 1229 2686 Ferte
1270 2645 1389 2700 signa
1423 2644 1467 2684 in
1499 2643 1688 2686 hostem:
1722 2644 1795 2694 ubi

441 2765 460 2795 6
477 2768 652 2798 Adversum
666 2779 735 2798 eam
748 2769 910 2807 puynam]
930 2766 1072 2797 Romam
1118 2767 1157 2798 cf.
1172 2767 1244 2797 infr.
1257 2767 1343 2797 eirca
1359 2766 1465 2798 omnia
1477 2766 1675 2805 defecerunt.
1711 2763 1745 2794 N
1747 2773 1793 2793 os

400 2807 430 2836 in
457 2818 485 2845 p·
479 2808 523 2837 iri
543 2810 726 2840 disciimine
741 2815 839 2849 atque
855 2820 904 2846 eo
921 2820 984 2848 quo
1002 2814 1073 2848 post
1118 2814 1167 2839 ter
1189 2809 1427 2840 calamitatibus
1452 2808 1574 2847 patriae
1593 2817 1669 2838 suae
1686 2806 1793 2836 velum

401 2850 611 2883 (amiensem.
629 2861 781 2889 pugnam,
807 2862 892 2881 nunc
916 2856 1073 2882 xersatam
1118 2851 1276 2882 obtendit.

400 2891 496 2920 fuisse
524 2892 684 2922 existimat
714 2893 849 2924 Niebln.
874 2893 917 2924 iii.
947 2904 976 2924 n.
1001 2902 1073 2931 405.
