1934 3211
605 132 730 174 LIB.
764 133 818 174 X.
870 134 1012 177 CAP.
1046 142 1083 179 8.
1450 142 1531 181 565

158 229 168 246 ‘
185 222 353 265 bilitatis
379 223 550 279 quidem
577 231 674 267 suae
708 222 892 278 plebeios
923 225 1148 279 poenitere.
1210 225 1292 267 Pro
1320 236 1432 269 certo
1458 228 1530 270 ha-
1545 237 1588 269 U.
1605 238 1642 269 C.
1659 247 1729 277 452-

157 281 294 330 ‘bere,
321 281 355 322 si
381 279 495 336 quod
524 294 673 336 repens
702 279 858 321 bellum
889 281 1054 331 oriatur,
1087 297 1173 323 non
1202 282 1295 338 plus
1325 285 1412 339 spei
1442 285 1529 327 fore
1542 281 1581 313 A·
1605 281 1642 313 C·
1660 290 1730 321 300·

156 338 344 380 ‘senatui
370 336 608 394 populoque
632 336 825 379 Romano
852 337 897 378 in
924 338 1117 394 patriciis,
1141 354 1266 395 quam
1290 340 1335 381 in
1358 341 1530 397 plebeiis

155 394 367 436 ‘ducibus
433 394 561 443 Quod
587 410 719 451 quum
748 395 806 436 ita
835 410 878 436 se
908 395 1070 445 habeat,
1101 397 1169 438 cui
1197 397 1371 438 deorum
1397 398 1531 440 homi-

154 457 333 494 ‘numve
365 452 586 509 indignum
616 452 748 495 videri
779 454 942 510 potest,’
970 454 1120 511 inquit,
1157 460 1251 496 ‘eos
1278 455 1397 505 viros,
1427 471 1531 512 quos

121 506 140 537 3
154 514 166 534 ‘
180 524 252 552 vos
271 509 382 552 sellis
401 510 625 560 curulibus,
643 519 740 568 toga
759 519 986 567 praetexta,
1005 512 1146 554 tunica
1163 511 1356 569 palmata,
1373 521 1415 554 et
1435 521 1531 570 toga

120 552 166 623 ‘g‘
179 567 303 624 picta,
325 576 369 609 et
388 583 540 610 corona
560 568 800 625 triumphali
821 568 1044 626 laureaque
1069 569 1329 620 honoraritis,
1351 586 1529 627 quorum

120 630 165 665 6‘
179 624 325 667 domos
345 625 486 682 spoliis
505 626 686 668 hostium
714 626 846 667 affixis
872 627 1055 684 insignes
1083 627 1193 669 inter
1218 627 1316 669 alias
1335 628 1528 680 feceritis,

125 687 166 730 7‘
179 683 435 739 pontificalia
454 692 578 740 atque
600 684 813 741 auguralia
832 684 1011 741 insignia
1030 685 1208 727 adiicere
1225 686 1244 726 ⁴?
1296 685 1396 736 Qui,
1419 685 1529 728 Iovis

151 745 165 764 ⁶
179 741 326 797 optimi
346 742 518 783 maximi
539 751 688 784 ornatu
709 742 938 792 decoratus,
968 756 1091 784 curru
1118 752 1260 785 aurato
1284 758 1360 800 per
1384 745 1528 786 urbem

118 803 164 837 8‘
179 806 321 840 vectus
360 799 404 840 in
448 798 704 856 Capitolium
749 799 993 850 ascenderit,
1034 801 1068 842 si
1113 801 1389 858 conspiciatur
1432 817 1528 854 curn

151 861 164 880 ‘
177 856 323 913 capide
344 872 391 898 ac
411 857 528 907 lituo,
545 857 680 914 capite
696 857 831 899 velato
846 857 1058 899 victimam
1079 858 1238 909 caedat,
1257 859 1526 916 auguriumve

150 919 162 938 ‘
178 928 232 955 ex
251 929 344 956 arce
367 915 534 971 capiat?
596 914 730 956 Cuius
749 915 941 972 imaginis
966 915 1087 957 titulo
1108 916 1357 967 consulatus,
1379 932 1527 959 censu-

150 977 318 1028 ‘raque,
341 981 383 1014 et
411 972 657 1030 triumphus,
680 988 813 1029 aequo
841 973 979 1015 animo
1003 973 1163 1031 legetur
1177 990 1188 1023 ;
1220 974 1254 1016 si
1281 984 1527 1031 auguratum

150 1034 249 1071 ‘aut
279 1030 570 1086 pontificatum
602 1030 847 1080 adieceritis,
881 1046 966 1072 non
1001 1032 1265 1073 sustinebunt
1298 1032 1528 1089 legentium

150 1093 162 1111 ‘
177 1087 320 1129 oculi?
362 1087 573 1144 Equidem
595 1088 715 1145 (pace
737 1088 915 1130 dixerim
936 1088 1083 1145 deum)
1103 1105 1173 1131 eos
1193 1105 1269 1131 nos
1284 1090 1366 1131 iam
1383 1090 1528 1147 populi

149 1150 161 1169 ‘
179 1144 361 1187 Romani
392 1145 596 1187 beneficio
629 1161 717 1187 esse
750 1161 882 1203 spero,
909 1147 981 1202 qui
1013 1147 1251 1189 sacerdotiis
1279 1163 1364 1190 non
1391 1149 1528 1190 minus

149 1203 399 1245 ‘reddamus
426 1203 668 1260 dignatione
696 1212 836 1245 nostra
862 1204 1042 1255 honoris,
1065 1220 1191 1262 quam
1218 1206 1525 1262 acceperimus;

149 1265 161 1284 ‘
176 1269 219 1303 et
238 1260 413 1303 deorum
434 1262 576 1318 magiS,
599 1277 725 1318 quam
752 1271 893 1303 nostra
919 1278 1042 1304 causa
1065 1272 1320 1320 expetamUS,
1343 1273 1402 1314 ut,
1424 1279 1528 1320 quos

149 1319 368 1375 ‘privatim
392 1319 578 1369 colimus,
600 1319 766 1376 publice
795 1319 988 1361 colamus.
1054 1320 1171 1369 Quid
1199 1330 1337 1363 autem
1365 1336 1442 1378 ego
1469 1322 1527 1364 sic
1622 1321 1659 1358 8·

148 1381 160 1400 ‘
175 1375 312 1418 adhuc
333 1377 412 1433 egi,
435 1386 634 1433 tanquam
665 1378 827 1434 integra
855 1377 908 1418 sit
939 1393 1062 1419 causa
1092 1379 1360 1435 patriciorum
1388 1379 1440 1421 de
1465 1395 1528 1421 sa-

148 1439 160 1458 ‘
176 1434 383 1485 cerdotiis,
401 1445 443 1477 et
464 1450 549 1476 non
570 1435 652 1476 iam
673 1435 718 1476 in
734 1435 989 1491 possessione
1007 1436 1130 1477 unius
1146 1436 1385 1493 amplissimi
1401 1437 1528 1478 simus

149 1492 428 1534 ‘sacerdotii?
488 1492 757 1535 Decemviros
791 1493 914 1534 sacris
945 1493 1162 1544 faciundis,
1196 1494 1425 1535 carminum
1464 1493 1527 1536 Si-

149 1556 160 1574 ‘
175 1549 310 1607 byllae
356 1565 402 1592 ac
442 1550 619 1592 fatorum
665 1550 809 1607 populi
854 1550 977 1592 huius
1022 1552 1282 1608 interpretes,
1323 1551 1526 1594 antistites

115 1625 135 1656 9
149 1613 161 1632 ‘
176 1607 344 1650 eosdem
395 1607 649 1665 Apollinaris
697 1608 800 1649 sacri
854 1609 1280 1666 caerimoniarumque
1339 1609 1525 1661 aliarum,

190 1747 208 1778 3
233 1739 356 1769 Tunica
376 1739 537 1779 palmata]
564 1739 689 1769 Tunica
712 1739 813 1769 intex-
859 1738 959 1770 cuisse
982 1740 1076 1771 docet
1101 1739 1226 1771 Plinius
1246 1740 1290 1772 H.
1309 1740 1352 1771 N.
1377 1751 1474 1772 xxxv.
1500 1751 1527 1773 z.

146 1779 187 1812 tis
202 1777 317 1821 palmis
332 1786 453 1813 ornata.
482 1782 564 1812 Eam
581 1781 815 1821 triumphantes
859 1782 964 1814 CREv.

145 1824 321 1864 gestabant.
347 1825 452 1856 Cazv.

188 1878 208 1905 4
226 1868 308 1907 Toya
322 1869 426 1907 picta]
445 1867 536 1906 'roga
551 1877 813 1907 purpurea.quae

146 1908 340 1940 diversarum
363 1920 467 1941 rerum
491 1911 606 1948 figuras
629 1920 689 1940 acu
713 1910 814 1948 pictas

146 1951 287 1983 haberet.
333 1952 415 1983 Eam
436 1952 538 1992 primo
555 1962 746 1991 purpuream
763 1962 813 1982 vo-

147 1994 291 2031 citatam,
306 2005 343 2025 ac
364 1995 459 2025 fuisse
482 1995 549 2025 sine
574 1995 697 2033 pictura
719 1994 814 2024 tradit

148 2036 263 2067 Festus
277 2037 308 2067 in
327 2048 403 2068 voce
419 2039 522 2068 Picta.
564 2037 606 2067 Et
622 2047 696 2067 sane
712 2041 814 2075 layum

143 2081 262 2119 pictam
288 2084 320 2110 et
346 2085 447 2119 (oyem
472 2090 670 2119 purpuream
700 2079 813 2118 prumi-

146 2133 221 2153 scue
238 2133 403 2162 usurpasse
421 2122 529 2153 Livius
545 2122 641 2152 videri
660 2127 774 2161 potest,
789 2121 813 2151 si

147 2165 217 2204 quis
233 2166 401 2195 emituit-rit
420 2175 494 2196 xxx.
514 2174 558 2203 15.
575 2175 646 2194 eum
665 2164 752 2195 xxxi.
769 2174 812 2195 11.

147 2207 237 2248 Toga
266 2209 349 2248 pieta
373 2214 437 2238 erat
462 2213 492 2238 et
521 2208 588 2247 ipsa
615 2207 813 2246 triumphan-

147 2251 227 2281 tium
245 2250 374 2289 insi-gne.
414 2252 463 2281 De
480 2256 551 2288 tuga
571 2249 655 2289 pieta
671 2250 738 2279 fuse
755 2250 814 2279 dis—

147 2294 222 2325 serit
235 2295 307 2324 ΑΜ.
321 2295 446 2325 Manut.
461 2293 490 2323 in
505 2292 669 2329 Quaesitis
686 2303 741 2332 per
754 2292 814 2332 131».

148 2338 198 2369 De
214 2342 295 2376 tofflt.
320 2338 425 2368 Ciu-zv.

191 2388 208 2419 5
233 2381 356 2411 Corona
373 2380 577 2419 triumphali]
604 2378 712 2413 Quam
735 2377 814 2407 anti-

147 2422 256 2462 quitus
278 2434 295 2454 e
320 2423 408 2453 lauro
424 2423 528 2454 fuisso,
547 2427 654 2461 postea
678 2431 715 2450 ex
739 2431 815 2450 auro

151 2465 215 2496 lieri
232 2470 379 2506 coeptam
397 2465 502 2496 scribit
521 2465 607 2494 (ὗυΙΙ.
624 2475 648 2494 ν.
663 2463 691 2493 6.
721 2463 814 2493 Dion.

150 2508 227 2539 Hal.
246 2508 288 2539 iii.
304 2509 344 2539 ad
367 2514 511 2548 tempora
533 2519 630 2546 usque
650 2506 814 2544 'l'arquinii

152 2551 248 2582 Prisci
271 2552 363 2582 refert
382 2551 532 2589 originem
555 2559 739 2579 coronarum
762 2559 815 2578 au-

149 2604 271 2624 rearum
299 2605 317 2624 a
345 2594 467 2633 regilius
492 2594 639 2633 primum,
659 2591 773 2621 deinde
795 2602 813 2621 a

148 2636 418 2676 triumphantibus
433 2641 635 2674 gestaturum.
659 2636 763 2664 (Uti-zv.

195 2679 215 2710 6
244 2682 383 2717 Quorum
414 2682 515 2710 dmtms
544 2679 651 2718 spoliis
681 2678 813 2706 hostium

147 2723 253 2761 ustitia
270 2724 409 2762 ira-simios
474 2722 635 2760 seu-milix}
668 2720 740 2750 Mon
756 2720 813 2749 fuit

151 2765 316 2802 ltunmnis,
335 2771 367 2796 ut
391 2765 492 2805 spolia
514 2763 649 2794 hostium
676 2762 812 2792 devicto-

150 2819 217 2838 rum
253 2808 282 2839 in
319 2809 460 2848 postibus
490 2808 655 2837 ‹lcuunrum
687 2815 813 2835 κιιειηιῐη

151 2851 290 2889 figerent.
321 2851 471 2882 Vi‹l.int'r.
483 2849 566 2879 xxiii.
579 2858 624 2887 ῃ.
639 2853 667 2878 et
685 2847 813 2878 xxxviii.

150 2904 199 2933 43.
237 2895 341 2934 Atque
357 2905 393 2925 ea
411 2905 467 2924 nee
484 2892 618 2931 emptori
637 2892 763 2927 refigere
782 2891 814 2921 li-

915 1833 931 1864 7
959 1827 1045 1856 Iovis
1077 1827 1187 1865 optimi
1223 1827 1354 1857 maa-imi
1390 1827 1524 1865 ornatu]

857 1867 986 1898 Corona
1009 1878 1118 1905 aurea,
1142 1872 1266 1908 seeptro
1293 1868 1388 1908 regio,
1414 1869 1528 1908 quibus

859 1909 1104 1949 triumphantes),
1141 1911 1413 1950 quemadmodum
1459 1911 1527 1951 ipse

861 1952 996 1991 Iupiter,
1020 1953 1262 1984 decorabantur.
1312 1953 1402 1989 Quin
1429 1954 1526 1984 etiam

858 1994 971 2024 taciem
1003 1994 1276 2035 triumphantibus
1312 1996 1410 2026 minio
1444 1996 1526 2027 illini

859 2036 934 2066 olim
958 2037 1095 2074 solitam,
1110 2038 1380 2076 quemadmodum
1403 2039 1471 2069 Iovi
1495 2044 1527 2070 et

859 2079 1046 2118 quibusdam
1073 2080 1144 2110 aliis
1169 2080 1239 2116 diis,
1264 2080 1388 2111 Plinius
1412 2081 1456 2112 Η.
1482 2081 1525 2113 N.

860 2121 968 2152 xxxiii.
990 2131 1014 2161 7.
1033 2128 1197 2153 memorat.
1222 2124 1327 2154 (lul-zv.

901 2167 919 2193 8
943 2167 1021 2194 ('11m
1043 2166 1154 2204 cupide
1177 2176 1214 2195 m·
1237 2166 1331 2203 liluo]
1358 2166 1455 2206 (ἀρίε
1471 2177 1524 2206 po-

859 2207 921 2237 euli
957 2218 1056 2246 genus
1090 2208 1284 2247 pontificale,
1314 2219 1333 2238 a
1362 2211 1524 2249 cupiendo.

863 2250 992 2280 l-‘i-sus.
1026 2251 1138 2281 Litana
1154 2251 1286 2280 baculus
1297 2252 1464 2291 auguralis.
1485 2253 1525 2284 es.

860 2303 944 2331 supr.
962 2293 980 2323 i.
1004 2294 1047 2323 [Η.

901 2346 920 2374 ι)
942 2337 1141 2375 Apollinaris
1156 2337 1256 2373 sacri]
1286 2336 1384 2367 llaud
1404 2337 1468 2368 scio
1484 2349 1525 2369 an

860 2384 965 2408 noster
986 2378 1036 2408 hic
1057 2378 1231 2418 proleptiee
1256 2379 1413 2418 loquatur,
1430 2385 1461 2411 et
1480 2381 1524 2411 lu-

859 2421 916 2450 dos
946 2421 1018 2451 illos
1049 2421 1251 2460 Apollinares
1283 2421 1450 2461 intelligat.
1473 2424 1526 2463 qui

862 2469 969 2503 postea
988 2474 1038 2494 an.
1061 2473 1130 2502 540.
1152 2463 1192 2494 l'.
1210 2466 1246 2495 C.
1272 2475 1310 2494 ex
1335 2465 1527 2496 eanninibus

862 2506 940 2536 tatis
965 2506 1077 2537 Marcii
1102 2506 1253 2543 originem
1282 2507 1471 2545 babuerunt,
1494 2514 1525 2539 ct

861 2549 913 2588 qui
939 2559 990 2579 nn.
1015 2559 1084 2587 544.
1113 2549 1152 2579 U.
1171 2551 1208 2580 (ἶ.
1231 2560 1250 2580 a
1276 2555 1418 2588 praetore
1442 2551 1526 2582 urbis

860 2591 995 2631 primum
1024 2591 1097 2621 faeti
1126 2597 1207 2622 nunt.
1265 2592 1325 2622 llis
1353 2593 1444 2628 ludis,
1471 2594 1525 2633 qui

859 2635 909 2663 die
932 2634 1052 2664 solenni
1075 2634 1256 2673 quotannis,
1279 2646 1322 2666 se.
1345 2641 1419 2666 ante
1440 2636 1524 2667 diem

859 2677 986 2706 tertium
1005 2688 1103 2706 nonas
1117 2677 1311 2713 Quint-tiles,
1324 2679 1524 2710 celebrabun-

859 2725 920 2754 tur,
944 2725 1083 2758 praeerat
1111 2726 1235 2759 prm-tur
1258 2721 1407 2756 urlmuun,
1422 2727 1452 2752 et
1473 2722 1524 2753 de-

859 2762 986 2792 cennii-i
1007 2763 1131 2791 Graec-u
1156 2763 1214 2792 ritu
1242 2774 1328 2794 saera
1355 2764 1526 2803 tiu-iebant,

860 2806 943 2834 uude
965 2805 1122 2844 Apollinis
1144 2806 1322 2836 sacerdotem
1344 2807 1419 2838 dicti
1443 2812 1524 2840 nunt.

860 2849 898 2879 ef.
916 2848 985 2879 infr.
1003 2858 1074 2878 xxv.
1098 2857 1142 2879 12.
1168 2848 1264 2880 xxvii.
1286 2859 1330 2889 23.
