1934 3211
535 216 659 257 LIB.
694 215 773 256 III.
817 215 963 257 CAP.
997 220 1065 257 46.
1421 224 1498 261 195

105 306 266 347 turbam
305 305 383 355 via,
426 319 557 360 quum
604 305 832 346 multitudo
874 304 981 346 Icilii
1032 305 1213 345 maxime
1255 306 1496 349 interventu
1512 317 1555 348 U.
1572 317 1610 348 C.
1629 325 1699 356 305-

103 362 237 404 resisti
264 376 384 418 posse
407 362 552 418 Appio
585 362 787 412 erederet,
818 361 939 403 lictor
971 367 983 385 ‘
998 361 1206 403 decressc'
1227 363 1309 404 ait:
1343 365 1494 405 voeife·
1509 360 1548 391 Α·
1573 360 1611 390 C.
1628 368 1700 398 447·

101 425 348 475 rantemque
371 418 537 460 Icilium
559 428 803 460 summovet.
819 455 827 462 ,
847 419 1069 460 Placidum
1087 434 1256 475 quoque
1279 420 1495 476 ingenium
1512 425 1598 456 Icilii
1615 436 1689 456 con-

102 483 187 516 tam
217 485 337 517 atrox
366 476 517 518 iniuria
549 476 817 518 accendisset.
884 482 895 500 ‘
912 476 1045 517 Ferro'
1071 476 1171 517 hine
1205 477 1280 518 tibi
1313 492 1498 519 summo-

71 540 90 571 3
104 537 116 556 6
129 532 292 575 vendus
312 548 416 583 sum,
442 534 584 590 Appi,’
605 534 756 590 inquit,
793 540 805 558 6
821 542 868 574 ut
897 533 1072 574 tacitum
1093 534 1212 583 feras,
1235 534 1351 590 quod
1372 535 1499 576 celan

70 594 116 631 4‘
130 590 202 631 vis.
266 590 487 647 Virginem
523 606 602 646 ego
643 591 751 632 hanc
787 598 879 632 sum
915 591 1130 640 ducturus,
1164 600 1339 647 nuptam
1375 592 1500 648 pudi-

103 652 115 670 ‘
131 662 308 704 eamque
345 648 574 689 habiturus.
638 648 823 689 Proinde
861 663 1006 690 omnes
1041 648 1295 705 collegarum
1329 665 1499 705 quoque

103 709 116 728 ‘
131 703 297 746 lictores
332 720 528 755 convoca,
567 705 757 761 expediri
794 706 929 762 virgas
965 714 1008 746 et
1042 719 1208 747 secures
1244 706 1341 747 iube
1359 722 1368 746 z
1412 722 1499 748 non

103 765 116 784 ‘
131 761 319 803 manebit
339 771 458 803 extra
478 762 650 803 domum
668 763 796 818 patris
817 777 968 819 sponsa
990 762 1109 804 Icilii.
1174 762 1288 812 Non,
1311 764 1345 804 si
1367 764 1499 805 tribu-

103 819 288 860 ‘nicium
321 819 524 860 auxilium
555 830 597 861 et
627 820 967 876 provocationem
998 819 1112 875 plebi
1138 819 1370 870 Romanae,
1394 821 1498 862 duas

103 880 116 899 ‘
130 891 246 918 arces
266 876 470 918 libertatis
490 877 688 927 tuendae,
710 877 935 926 ademistis,
959 877 1055 918 ideo
1083 877 1127 917 in
1153 877 1305 919 liberos
1326 893 1497 933 quoque

103 937 293 975 ‘nostros
325 934 609 990 coniugesque
643 950 820 991 regnum
849 943 1009 975 vestrae
1042 933 1209 975 libidini
1242 935 1388 976 datum
1421 944 1495 976 est.

104 995 115 1013 ‘
134 989 299 1032 Saevite
321 991 365 1031 in
387 999 450 1032 ter
481 1007 550 1031 um
573 1000 615 1032 et
637 992 681 1032 in
702 992 884 1033 cervices
906 1000 1092 1040 nostram
1125 991 1329 1047 pudicitia
1349 992 1497 1033 saltem

102 1047 174 1088 ‘in
203 1056 294 1089 tuto
322 1048 386 1089 sit.
498 1048 565 1090 uic
593 1049 626 1089 si
655 1049 715 1089 vis
743 1050 951 1098 afferetur,
975 1064 1053 1104 ego
1080 1049 1364 1104 praesentium
1389 1049 1498 1097 Qui-

103 1109 114 1127 ‘
130 1104 274 1145 ritium
290 1119 365 1161 pro
381 1120 544 1162 sponsa,
563 1105 779 1162 Virginius
797 1105 976 1146 militum
994 1121 1070 1161 pro
1092 1106 1215 1147 unica
1236 1106 1333 1155 filia,
1351 1121 1498 1148 omnes

74 1162 87 1168 ”
103 1166 114 1184 6
129 1160 306 1203 deorum
351 1162 656 1219 hominumque
703 1163 1018 1219 implorabimus
1058 1163 1186 1204 fidem
1208 1179 1217 1203 ε
1271 1178 1410 1220 neque
1452 1173 1498 1205 tu

103 1218 242 1260 ‘istud
275 1235 462 1275 unquam
492 1220 708 1261 decretum
738 1220 826 1261 sine
856 1220 983 1261 caede
1016 1229 1157 1261 nostra
1187 1220 1350 1262 referes.
1415 1221 1499 1262 Po-

102 1275 412 1354 ‘stulo„Arrpi,
442 1277 569 1318 etiam
603 1287 729 1333 atque
763 1278 889 1318 etiam
923 1277 1175 1326 consideres,
1210 1293 1295 1333 quo
1328 1293 1499 1333 progre-

103 1337 115 1355 ‘
131 1332 258 1374 diare.
321 1291 539 1389 ‘Uirginius
564 1334 727 1381 viderit,
757 1334 809 1375 de
832 1334 929 1382 filia,
960 1334 1029 1375 ubi
1053 1334 1226 1383 venerit,
1250 1335 1354 1390 quid
1387 1344 1494 1390 agat.

103 1394 114 1412 ‘
133 1388 228 1431 Hoc
266 1399 426 1431 tantum
463 1391 577 1440 sciat,
609 1392 700 1440 sibi,
733 1392 766 1431 si
803 1391 926 1431 huius
957 1390 1150 1431 vindieiis
1182 1391 1365 1440 cesserit,
1397 1407 1498 1432 con-

70 1459 88 1489 5
103 1451 114 1470 6
131 1446 335 1488 ditionem
357 1447 466 1488 filiae
489 1448 772 1503 quaerendam
794 1463 894 1488 csse.
955 1447 1043 1496 Me,
1066 1447 1350 1489 vindicantem
1372 1463 1498 1505 spon·-

103 1509 114 1527 ‘
129 1518 216 1545 sam
239 1505 283 1545 in
305 1504 553 1554 libertatem,
576 1505 659 1545 vita
681 1505 803 1545 eitius
825 1505 1002 1554 deseret,
1025 1519 1152 1560 quam
1174 1505 1307 1546 fides.’

161 1560 386 1603 Concitata
406 1561 632 1602 multitudo
653 1570 753 1611 erat,
772 1568 1070 1617 certamenque
1093 1562 1246 1603 instare
1262 1562 1494 1604 videbatur.

102 1617 292 1660 Lictores
321 1617 486 1659 Icilium
514 1619 898 1660 circumsteterant:
933 1634 1012 1660 nec
1046 1618 1155 1660 ultra
1187 1619 1322 1661 minas
1355 1628 1497 1662 tamen

101 1690 339 1731 processum
370 1685 445 1725 est,
469 1691 601 1732 quum
623 1676 804 1732 Appius,
839 1683 849 1700 ‘
866 1675 966 1717 Non
988 1675 1226 1732 Virginiam
1247 1677 1419 1718 defendi
1448 1679 1499 1718 ab

102 1738 114 1756 ‘
131 1731 263 1783 Icilio,
285 1732 359 1774 sed
381 1733 618 1789 inquietum
640 1733 869 1783 hominem,
893 1743 935 1775 et
956 1734 1214 1774 tribunatum
1237 1734 1363 1775 etiam
1386 1750 1499 1776 nunc

69 1800 90 1832 6
103 1794 115 1814 ‘
129 1790 370 1847 spirantem,
388 1790 527 1832 locum
544 1790 761 1832 seditionis
778 1792 1006 1847 quaerere,'
1019 1791 1189 1832 diceret.
1235 1797 1247 1815 6
1262 1791 1362 1833 Non
1380 1808 1500 1848 prae-

103 1847 316 1889 ‘biturum
337 1863 379 1889 sc
402 1847 462 1888 illi
485 1863 535 1889 eo
557 1848 625 1889 die
648 1849 886 1890 materiam:
921 1848 995 1890 sed
1017 1857 1063 1889 ut
1084 1849 1166 1889 iam
1188 1849 1325 1899 sciret,
1348 1865 1434 1891 non
1456 1850 1499 1891 id

103 1909 115 1928 ‘
186 1904 386 1946 tulantiae
409 1920 520 1955 suae,
544 1905 616 1946 sed
639 1905 834 1961 Virginio
855 1906 1017 1947 absenti
1040 1915 1081 1947 et
1103 1906 1239 1962 patrio
1267 1907 1428 1948 nomini
1457 1917 1499 1948 et

103 1967 115 1986 ‘
131 1919 324 2011 libertati,
346 1962 504 2012 datum,
520 1963 591 2004 ius
612 1977 662 2004 eo
683 1963 751 2004 die
773 1978 816 2004 se
839 1979 924 2004 non
946 1963 1170 2012 dicturum,
1193 1979 1332 2020 neque
1354 1964 1500 2006 deere-

103 2025 115 2043 ‘
132 2028 222 2060 tum
253 2020 622 2076 inter-positurum:
657 2036 681 2061 a
707 2020 768 2060 M.
788 2020 970 2061 Claudio
999 2021 1244 2076 petiturum,
1274 2021 1498 2062 decederet

104 2082 115 2100 ‘
132 2076 221 2117 iure
238 2092 327 2125 suo,
346 2077 632 2132 vindicarique
651 2076 832 2132 puellam
851 2077 893 2117 in
911 2086 1124 2132 posterum
1141 2076 1253 2117 diem
1272 2087 1495 2133 pateretur.

105 2138 117 2157 ‘
136 2133 265 2182 Quod
291 2133 369 2174 nisi
398 2143 516 2190 pater
544 2143 709 2190 postero
731 2134 799 2174 ‹lic
822 2133 1018 2182 affuisset,
1041 2133 1291 2175 denuntiare
1313 2149 1356 2175 sc
1381 2135 1499 2175 Icilio

75 2205 91 2236 7
106 2196 117 2215 ‘
133 2189 421 2246 similibusque
446 2190 566 2240 Icilii,
586 2206 723 2247 neque
747 2190 826 2245 legi
850 2206 947 2231 snae
971 2190 1155 2239 latorem,
1176 2206 1313 2246 neque
1330 2191 1499 2232 decem-

105 2255 116 2272 ‘
133 2248 221 2289 viro
243 2249 521 2290 constantiam
544 2248 709 2289 defore:
735 2264 812 2289 nee
829 2264 871 2289 se
891 2248 1036 2307 ntique
1059 2247 1311 2303 collegarum
1335 2248 1500 2290 lictores

106 2311 117 2329 ‘
132 2315 459 2347 convocaturum
500 2306 552 2346 ad
593 2305 846 2347 coercendos
885 2305 1102 2346 seditionis
1142 2315 1356 2347 auctores:
1400 2322 1501 2347 con-

107 2367 301 2404 ‘tentum
336 2378 378 2404 se
401 2364 485 2404 suis
520 2363 734 2404 lictoribus
767 2364 880 2404 fore)
943 2363 1087 2410 Quum
1121 2363 1297 2404 dilatum
1335 2373 1500 2420 tempus

150 2501 168 2532 3
194 2493 458 2531 Taciturnserax]
483 2494 525 2523 l't
547 2503 601 2532 per
617 2493 780 2523 nilentinn}
828 2504 891 2524 rem
931 2498 1017 2522 luam
1057 2494 1188 2528 eim-5³15,
1218 2494 1284 2521 alia
1323 2493 1501 2523 conditione

106 2546 144 2565 ac
169 2534 297 2566 nemine
322 2536 516 2566 reclamante
536 2546 731 2574 mum-quare
752 2535 780 2564 id
827 2537 982 2575 quamnim.
1046 2534 1206 2573 Suspicari
1248 2535 1357 2573 pomis.
1390 2545 1499 2565 vocem

107 2577 193 2616 quod
211 2577 306 2607 celari
327 2577 381 2608 vis.
407 2578 446 2608 cs.
463 2588 548 2617 supr.
568 2578 585 2608 i.
605 2588 653 2616 5¹.
828 2579 924 2607 ulium
944 2577 973 2607 in
994 2577 1052 2606 hoc
1071 2578 1140 2606 loco
1156 2576 1321 2606 excidisse.
1350 2577 1457 2607 nonu.

151 2631 169 2657 4
186 2621 349 2658 Nuptam}
371 2620 605 2659 li.e.Sponsmn
625 2631 783 2659 &nonme
871 2620 891 2648 6
917 2621 1030 2649 Lau-um
1052 2620 1214 2648 seditionis·
1235 2622 1406 2658 quaerere!
1435 2619 1498 2649 No-

108 2661 207 2697 enim‚
240 2666 273 2690 ut
305 2661 381 2691 mutin
411 2668 534 2695 notum,
567 2673 606 2691 ne
643 2663 783 2701 amplius
830 2662 886 2695 Ιιίιι,
907 2668 938 2691 ιιι
960 2667 990 2690 et
1012 2661 1187 2695 ‹mum-in,
1210 2662 1309 2699 mugiit
1333 2661 1498 2692 Livinntnn

109 2705 211 2734 forma
223 2713 279 2733 uun
289 2704 328 2733 ad
341 2714 480 2733 umorem
496 2704 680 2743 pellicerent
693 2704 784 2736 ulios.
831 2705 989 2734 videretur
1004 2705 1160 2733 seditioni.
1186 2705 1291 2733 (nutv.
1340 2704 1439 2734 Locus
1455 2716 1498 2736 xe-

76 2763 80 2767 ·
110 2751 207 2785 caput
243 2747 405 2775 obnubere
444 2747 585 2776 solebant
624 2747 784 2776 flammeo.
829 2747 957 2776 ditioni.»
975 2746 1043 2776 infr.
1063 2755 1111 2783 50.
1131 2746 1253 2782 legitur.

111 2788 221 2819 Domi.
272 2788 358 2817 Hine
387 2789 506 2817 nubere
533 2790 630 2817 alicui
661 2789 786 2827 proprie
877 2797 891 2826 7
917 2790 1030 2827 ,Vc-qm*
1059 2789 1119 2825 lessi
1154 2790 1248 2825 sum'l
1289 2800 1330 2819 ne.
1363 2791 1404 2819 Se
1434 2794 1498 2820 mm

111 2831 151 2861 de
168 2830 357 2861 mulieribus
375 2830 498 2860 dicitnr.
834 2830 910 2866 legin
940 2841 958 2859 a
989 2842 1021 2859 »e
1061 2830 1156 2864 lutae.
1186 2840 1280 2869 qutun
1316 2832 1502 2866 decemviri,

155 2881 172 2912 5
198 2874 432 2910 s'ondilu'mwml
457 2873 585 2912 Proprie
599 2874 638 2902 «Ιι-
657 2872 786 2911 nuptiiu,
831 2872 1054 2902 auctoritatem
1077 2873 1234 2903 eon-unni
1260 2873 1368 2904 animo
1393 2874 1498 2904 ‹lesen-

113 2925 196 2954 qune
221 2916 279 2945 nub
305 2915 489 2945 conditione
515 2915 599 2944 ‹lotis-
625 2916 714 2945 vinni.
746 2916 784 2944 es.
832 2925 938 2945 sunnin
957 2926 1032 2944 esne.
1063 2915 1167 2945 Domi.

115 2958 184 2988 Cic.
215 2957 333 2996 Philip.
356 2958 387 2988 ii.
409 2960 456 2997 ⁸⁷,st
472 2959 579 2996 Je'litlm
606 2960 686 2989 rim.
706 2970 774 2986 ‚voro

1194 3015 1220 3037 (ι
1243 3004 1265 3039 2

1510 468 1610 497 tentio
1627 478 1699 498 cum

1487 535 1494 543 .
1512 510 1629 549 Appio.

1582 1565 1649 1603 46.
