1934 3211
389 199 467 236 114
903 191 1049 233 TITI
1092 191 1270 233 LIVII

171 293 215 324 U.
232 292 270 324 C.
288 291 358 331 263.
389 292 400 309 ⁶
417 284 518 327 Non
540 293 681 326 tamen
702 283 930 325 admissum
952 284 1179 339 quicquam
1208 284 1259 324 ab
1281 283 1331 323 iis
1351 281 1617 323 criminatum
1639 278 1774 327 venio,

170 338 209 368 A·
233 335 270 368 C·
288 336 361 376 489,
389 349 399 367 ‘
415 343 490 385 sed
524 351 706 391 cautum,
743 357 796 382 ne
837 341 1072 382 admittant.
1136 340 1282 381 Nimio
1322 339 1427 396 plus,
1469 353 1595 394 quam
1635 336 1776 385 velim,

389 407 401 426 ⁶
416 408 653 442 nostrorum
674 398 844 455 ingenia
864 407 961 439 sunt
988 398 1168 439 mobilia.
1232 397 1382 438 Multis
1404 397 1449 437 id
1476 395 1663 437 cladibus
1683 408 1778 435 sen-

390 465 401 483 (
414 459 564 500 simus:
599 457 756 513 quippe
779 456 853 512 qui
874 471 960 497 non
976 465 1118 497 nostro
1140 456 1301 504 merito,
1319 455 1393 496 sed
1413 462 1549 495 vestra
1563 451 1777 509 patientia,

391 523 402 541 ⁶
416 515 647 557 incolumes
668 515 806 555 simus.
871 513 1031 569 Magna
1051 514 1120 554 hic
1147 528 1261 554 nunc
1281 512 1531 553 Volscorum
1552 508 1780 551 multitudo

391 580 503 615 ‘est:
536 572 627 613 ludi
655 580 773 613 sunt:
808 571 1046 627 spectaculo
1075 571 1237 611 intenta
1258 570 1401 611 civitas
1429 569 1519 609 erit.
1583 566 1778 615 Memini,

392 638 403 655 ⁶
420 630 525 688 quid
551 644 626 686 per
647 628 825 670 eandem
853 628 1115 669 occasionem
1143 629 1193 669 ab
1218 627 1469 669 Sabinorum
1497 626 1714 666 iuventute
1735 624 1811 664 in2

393 695 404 712 ⁶
420 689 498 729 hac
520 688 621 728 urbe
651 686 919 727 commissum
940 685 1018 726 sit:
1052 686 1195 726 horret
1222 685 1398 733 animus,
1421 698 1474 724 ne
1501 682 1607 739 quid
1634 682 1782 722 incon-

394 753 404 770 ⁶
421 746 526 787 sulte
549 760 596 786 ac
624 753 780 785 temere
802 743 885 783 fiat.
949 742 1081 792 Haec,
1103 753 1245 784 nostra
1271 750 1490 797 vestraque
1512 755 1646 788 causa,
1667 739 1783 795 prius

395 810 405 827 ⁶
422 802 602 844 dicenda
621 801 752 850 vobis,
776 800 979 849 consules,
1001 809 1114 841 ratus
1135 815 1237 841 sum.
1305 799 1434 847 Quod
1456 798 1509 839 ad
1529 813 1596 838 me
1618 797 1782 846 attinet,

396 859 632 915 ‘extemplo
659 858 759 898 hinc
787 857 959 898 domum
987 858 1099 899 abire
1121 858 1166 898 in
1193 857 1333 898 animo
1362 866 1436 906 est,
1460 871 1513 897 ne
1541 855 1659 896 cuius
1684 854 1815 898 facti3

397 917 576 958 ‘dictive
606 915 854 971 contagione
882 930 1077 970 praesens
1107 915 1262 956 violer.’
1324 914 1444 955 Haec
1474 914 1640 955 locutus
1669 912 1782 953 abiit.

399 974 605 1017 Consules
633 988 765 1029 quum
792 972 845 1014 ad
875 972 1020 1014 Patres
1051 988 1140 1014 rem
1168 973 1339 1014 dubiam
1367 973 1444 1013 sub
1473 979 1640 1012 auctore
1671 977 1786 1011 certo

396 1031 656 1080 detulissent,
679 1038 824 1071 auctor
839 1030 982 1086 magis,
1000 1039 1047 1071 ut
1068 1030 1128 1079 fit,
1147 1046 1272 1086 quam
1288 1045 1365 1079 res,
1383 1029 1436 1070 ad
1451 1027 1786 1086 praecavendum

396 1090 463 1132 vel
503 1104 556 1130 ex
591 1103 848 1145 supervacuo
890 1088 1042 1128 movit:
1093 1087 1287 1143 factoque
1328 1085 1699 1134 senatusconsulto,
1740 1093 1789 1125 ut

181 1157 292 1189 Volsci
308 1158 385 1188 urbe
398 1149 545 1189 urbem
562 1146 817 1188 excederent
832 1145 990 1195 Volsci,
1012 1160 1239 1201 praecones
1252 1145 1536 1194 dimittuntur,
1554 1143 1626 1200 qui
1643 1157 1788 1184 omnes

181 1200 295 1232 exacti.
399 1220 470 1247 eos
490 1203 697 1260 proficisci
729 1211 825 1244 ante
848 1212 1017 1244 noctem
1044 1203 1249 1244 iuberent.
1313 1202 1471 1258 Ingens
1497 1216 1626 1258 pavor
1651 1200 1788 1257 primo

400 1263 679 1304 discurrentes
719 1261 772 1302 ad
812 1275 905 1302 suas
944 1275 1010 1302 res
1045 1260 1250 1302 tollendas
1291 1260 1336 1300 in
1377 1259 1559 1315 hospitia
1596 1257 1787 1315 perculit.

401 1319 770 1362 Proficiscentibus
791 1318 944 1359 deinde
973 1318 1207 1374 indignatio
1229 1319 1399 1359 oborta:
1435 1323 1446 1341 ‘
1466 1316 1532 1366 Se,
1554 1324 1602 1357 ut
1621 1330 1792 1357 consce-

404 1384 415 1402 ⁶
431 1377 581 1418 leratos
622 1377 1023 1432 contaminatosque,
1061 1377 1111 1417 ab
1152 1376 1275 1425 ludis,
1312 1375 1426 1416 festis
1466 1374 1627 1423 diebus,
1669 1381 1793 1414 coetu

405 1441 417 1459 ⁶
432 1434 744 1491 quodammodo
760 1433 980 1475 hominum
996 1433 1270 1489 deorumque,
1289 1433 1454 1474 abactos
1470 1432 1585 1473 esse.'
1647 1431 1794 1479 Quum

433 1507 533 1548 rope
556 1492 801 1532 continuato
818 1491 983 1547 agmine
1005 1491 1126 1540 irent,
1143 1505 1407 1547 praegressus
1429 1489 1579 1531 Tullus
1595 1488 1648 1530 ad
1668 1496 1794 1544 caput
1806 1506 1826 1534 4

403 1508 692 1598 gerentinum,
715 1557 763 1589 ut
783 1549 960 1605 quisque
982 1549 1156 1597 veniret,
1178 1549 1379 1604 primores
1399 1562 1545 1588 eorum
1565 1546 1794 1602 excipiens,

404 1606 621 1663 querendo
656 1605 1018 1662 indignandoque,
1056 1615 1099 1647 et
1135 1621 1205 1647 eos
1240 1606 1351 1661 ipsos
1391 1604 1536 1646 sedulo
1576 1604 1794 1645 audientes

404 1664 589 1706 secunda
609 1664 692 1705 irae
721 1664 859 1713 verba,
883 1673 924 1705 et
944 1678 1020 1719 per
1047 1679 1117 1704 eos
1138 1663 1454 1704 multitudinem
1483 1662 1605 1702 aliam
1633 1661 1677 1701 in
1698 1661 1795 1702 sub·
1809 1673 1826 1705 5

405 1723 562 1763 iectum
597 1722 687 1762 viae
724 1736 918 1778 campum
951 1721 1140 1762 deduxit.
1204 1720 1269 1762 Ibi
1304 1721 1349 1760 in
1379 1719 1592 1761 concionis
1622 1718 1796 1759 modum

407 1780 640 1821 orationem
669 1794 854 1828 exorsus,
882 1778 1082 1819 ‘Veteres
1112 1778 1259 1835 populi
1289 1777 1471 1819 Romani
1503 1777 1687 1826 iniurias,
1713 1776 1797 1818 cla-

409 1843 419 1861 ‘
433 1837 590 1893 desque
612 1836 749 1892 gentis
770 1836 1031 1885 Volscorum,
1050 1844 1097 1876 ut
1118 1836 1283 1885 omnia,'
1299 1835 1451 1891 inquit,
1476 1833 1795 1876 ‘obliviscamini

409 1901 420 1918 ‘
434 1895 527 1943 alia,
564 1893 810 1935 hodiernam
845 1893 954 1934 hanc
996 1893 1293 1934 contumeliam
1329 1908 1413 1948 quo
1450 1891 1622 1933 tandem
1657 1891 1798 1933 animo

410 1958 420 1975 ‘
433 1952 559 2001 fertis,
583 1966 667 2008 qua
686 1966 761 2007 per
781 1960 965 1992 nostram
985 1951 1258 2007 ignominiam
1278 1950 1399 1991 ludos
1420 1949 1694 1991 commisere?
1726 1949 1800 1990 An

410 2016 421 2033 ⁶
435 2025 521 2050 non
561 2009 758 2058 sensistis,
801 2008 1105 2064 triumphatum
1146 2008 1270 2050 hodie
1311 2008 1363 2049 de
1399 2007 1516 2049 vobis
1556 2007 1678 2048 esse?
1727 2022 1800 2047 vos

411 2074 421 2090 ⁶
435 2067 643 2116 omnibus,
674 2066 845 2115 civibus,
866 2067 1110 2122 peregrinis,
1134 2075 1196 2107 tot
1222 2066 1412 2106 finitimis
1438 2065 1617 2122 populis,
1639 2072 1800 2120 specta-

412 2131 421 2147 ‘
436 2123 531 2165 culo
567 2125 770 2164 abeuntes
804 2123 963 2164 fuisse?
1012 2132 1169 2165 vestras
1209 2123 1422 2179 coniuges,
1458 2131 1616 2164 vestros
1650 2122 1802 2163 liberos

412 2188 423 2205 ⁶
437 2181 647 2222 traductos
666 2196 741 2237 per
757 2196 829 2222 ora
843 2180 1087 2222 hominum?
1122 2181 1240 2229 Quid
1253 2196 1335 2231 eos,
1353 2181 1427 2236 qui
1443 2180 1640 2221 audivere
1655 2194 1800 2221 vocem
1813 2183 1833 2216 6

413 2246 423 2263 ⁶
437 2239 687 2295 praeconis?
728 2238 844 2294 quid,
866 2239 940 2293 qui
960 2254 1031 2279 vos
1058 2238 1199 2280 videre
1228 2239 1459 2279 abeuntes?
1500 2237 1603 2294 quid
1623 2252 1705 2287 eos,
1728 2236 1802 2293 qui

414 2303 424 2320 ⁶
438 2297 536 2337 huic
558 2296 836 2352 ignominioso
865 2296 1022 2352 agmini
1042 2296 1157 2337 fuere
1188 2296 1311 2345 obvii,
1335 2295 1591 2336 existimasse
1612 2294 1801 2351 putatis?

414 2354 518 2394 ‘nisi
540 2353 711 2409 aliquod
732 2352 920 2409 profecto
940 2353 1056 2394 nefas
1077 2369 1178 2403 esse,
1201 2368 1298 2408 quo,
1320 2353 1353 2393 si
1381 2353 1620 2394 intersimus
1640 2359 1802 2408 specta-

253 1438 318 1475 38.

190 1787 217 1816 A
235 1785 338 1833 Tullo¹

190 1832 350 1858 conc-itan.

413 2521 570 2560 significat
589 2522 695 2557 aliter,
718 2521 773 2551 sed
797 2520 893 2550 etiam
917 2524 1087 2560 usurpatur

1131 2520 1170 2551 cf.
1187 2520 1206 2550 i.
1245 2529 1275 2550 0.

416 2574 471 2603 pro
483 2575 547 2594 non
560 2565 648 2601 bene,
658 2562 713 2593 ubi
725 2573 792 2594 rem
804 2563 931 2593 mollire
943 2563 1087 2594 oratione
1225 2528 1241 2559 5

1174 2571 1190 2602 5
1214 2563 1362 2593 Secunda
1377 2562 1463 2600 irae]
1495 2561 1605 2591 Verba
1626 2560 1691 2591 irae
1713 2559 1803 2600 quasi

415 2616 495 2645 opus
511 2610 567 2636 est.
592 2606 698 2637 Cassv.

458 2658 474 2678 ‘2
498 2650 549 2678 Ab
565 2649 758 2679 Sabinorum
780 2649 963 2686 iuventute]
1001 2647 1087 2678 Vide

416 2700 500 2729 supr.
522 2691 567 2721 18.

461 2741 477 2770 3
500 2735 553 2763 Ne
568 2734 661 2763 cuius
668 2734 770 2772 faeti]
790 2733 855 2770 Ne,
867 2733 891 2763 si
904 2743 1087 2763 remaneam

417 2777 447 2803 ct
466 2783 615 2812 praesens
630 2776 743 2813 adsim,
755 2776 787 2806 in
804 2786 856 2806 me
871 2779 1011 2806 transeat
1024 2777 1088 2806 vel-

417 2819 458 2862 ut.
479 2826 517 2861 011
546 2818 734 2856 contagione
764 2819 852 2849 labes
882 2828 919 2848 ac
949 2818 1087 2858 suspicio

417 2857 552 2887 aliculus
602 2858 773 2890 inconsulti
831 2860 909 2891 dieti
960 2861 1086 2892 factive.

418 2899 523 2929 CREV.

465 2952 484 2979 4
508 2941 614 2980 Capul
640 2944 865 2981 Ferentinum]
907 2956 947 2975 sc.
966 2946 1088 2984 Aquae.

1131 2604 1384 2635 obsecundantia
1404 2607 1436 2634 et
1456 2603 1665 2634 blandientia.
1711 2602 1803 2634 Simi-

1132 2647 1204 2678 liter
1214 2657 1266 2686 ap.
1280 2647 1373 2678 Ovid.
1382 2647 1450 2678 Art.
1463 2647 1536 2677 Am.
1549 2647 1610 2685 584
1622 2646 1684 2686 legi
1699 2645 1804 2676 “Neu

1131 2690 1257 2720 dubites
1292 2689 1341 2720 illi
1377 2691 1474 2720 verba
1510 2690 1650 2720 secunda
1682 2687 1804 2727 loqui.''

1133 2733 1248 2764 Dum.

1174 2774 1194 2806 6
1216 2776 1390 2806 Traductos
1401 2785 1463 2814 per
1477 2785 1534 2805 ora
1550 2773 1729 2810 hominum]
1748 2771 1804 2802 Al-

1132 2818 1215 2848 ludit
1239 2819 1280 2849 ad
1304 2817 1517 2857 triumphum,
1542 2816 1575 2846 in
1597 2826 1661 2855 quo
1684 2813 1803 2853 captivi

1132 2861 1384 2892 traducebantur
1405 2860 1437 2890 in
1459 2859 1560 2889 oculis
1579 2857 1690 2898 populi
1707 2856 1803 2886 victo-

1135 2903 1185 2940 ris,
1201 2903 1295 2942 eique
1310 2902 1496 2942 spectaculo
1512 2904 1610 2931 erant.
1634 2899 1740 2930 (ἷκεν.
