1934 3211
563 201 690 244 LIB
727 201 761 244 L
808 202 954 246 CAP.
1450 207 1504 246 33

124 291 250 334 hodie
270 305 438 347 quoque
458 290 624 347 publice
655 306 819 348 semper
847 291 1048 333 refectum
1077 298 1229 331 manet.
1294 290 1506 333 Sororium

124 348 303 415 tigillum
332 357 491 390 vocant.
555 348 756 391 Horatiae
783 349 1032 406 sepulcrum,
1062 363 1146 405 quo
1176 347 1267 389 loco
1297 358 1508 390 corruerat

123 406 217 456 icta,
240 414 525 447 constructum
545 415 608 447 est
628 422 727 448 saxo
747 407 961 463 quadrato.

181 462 275 505 Nec
314 463 389 504 diu
427 479 510 520 pax
549 463 717 506 Albana
761 464 923 505 mansit.
1015 463 1180 505 Invidia
1222 462 1349 520 vulgi,
1393 463 1508 519 quod

123 520 255 562 tribus
289 520 490 562 militibus
523 521 691 563 fortuna
724 521 891 579 publica
926 522 1143 563 commissa
1180 520 1318 571 fuerit,
1354 535 1508 561 vanum

121 578 339 634 ingenium
375 578 587 620 dictatoris
619 580 826 636 corrupit3
865 588 919 629 et,
954 579 1152 635 quoniam
1192 587 1304 620 recta
1337 578 1509 619 consilia

122 635 237 678 haud
252 636 359 678 bene
376 645 615 687 evenerant,
631 638 767 694 pravis
787 637 1053 679 reconciliare
1069 636 1332 693 popularium
1348 636 1508 677 animos

122 693 496 751 coepit.1gitur,
538 703 585 735 ut
625 695 739 751 prius
783 695 827 735 in
872 694 982 736 bello
1021 709 1180 751 pacem,
1224 709 1281 735 Slc
1321 709 1365 734 1n
1405 709 1507 750 pace

122 750 279 793 bellum
307 767 522 808 quaerens,
549 752 649 808 quia
675 768 771 794 suae
805 753 959 794 civitati
992 767 1225 794 animorum
1252 751 1358 808 plus,
1381 766 1507 808 quam

121 808 287 859 virium,
321 811 517 851 cernebat
549 825 649 860 esse,
682 811 735 852 ad
766 810 922 851 bellum
955 810 1091 866 palam
1125 818 1249 866 atque
1283 825 1336 851 ex
1369 809 1507 850 edicto

122 867 358 923 gerundum
390 867 490 908 alios
517 868 698 909 concitat
724 868 920 925 populos:
955 868 1038 909 suis
1067 883 1142 924 per
1165 867 1347 924 speciem
1377 867 1506 909 socie-

124 924 220 966 tatis
258 924 539 981 proditionem
575 935 766 967 reservat.
825 925 1069 976 Fidenates,
1103 925 1265 967 colonia
1301 924 1505 974 Romana,

123 980 376 1024 Veientibus
397 983 517 1024 sociis
530 983 692 1025 consilii
713 984 943 1049 assumptiS,
958 992 1080 1040 pacto
1102 983 1357 1024 transitionis
1378 982 1509 1025 Alba-

122 1054 273 1081 norum
302 1039 356 1081 ad
382 1040 539 1082 bellum
566 1050 692 1097 atque
718 1057 831 1082 arma
854 1041 1092 1083 incitantur.
1157 1040 1302 1089 Quum
1324 1040 1507 1082 Fidenae
1522 1049 1652 1081 Bellum

124 1105 265 1154 aperte
293 1097 533 1148 descissent,
564 1099 726 1149 Tullus,
750 1099 887 1140 Metto
913 1099 1182 1155 exercituque
1205 1099 1293 1140 eius
1320 1099 1371 1140 ab
1398 1098 1509 1140 Alba.
1521 1094 1702 1167 cuprFide-

124 1155 270 1206 accito,
292 1164 435 1197 contra
455 1156 595 1198 hostes
615 1156 742 1198 ducit.
797 1156 883 1198 Ubi
906 1156 1117 1198 Anienem
1140 1157 1313 1206 transiit,
1336 1156 1388 1197 ad
1409 1171 1509 1197 con-
1519 1146 1586 1167 ΠΜ
1611 1147 1657 1168 ¹¹⁵

124 1213 301 1254 fluentes
341 1213 516 1255 collocat
555 1223 696 1255 castra,
778 1213 896 1256 Inter
934 1229 1030 1255 eum
1071 1214 1208 1256 locum
1249 1223 1291 1256 et
1332 1213 1510 1255 Fidenas

125 1269 370 1312 Veientium
411 1272 617 1313 exercitus
657 1272 845 1314 Tiberim
881 1272 1108 1313 transierat.
1172 1271 1232 1312 Hi
1268 1280 1311 1313 et
1342 1273 1384 1312 in
1422 1272 1509 1313 acie

125 1342 254 1393 prope
272 1328 427 1369 flumen
446 1338 616 1370 tenuere
635 1329 830 1371 dextrum
851 1345 1003 1371 cornu:
1037 1329 1081 1369 in
1102 1329 1267 1370 sinistro
1289 1329 1510 1370 Fidenates

157 1400 296 1442 ropius
335 1395 498 1427 montes
538 1387 780 1428 consistunt.
858 1386 1006 1427 Tullus
1047 1386 1242 1427 adversus
1282 1385 1510 1428 Veientem
1523 1401 1705 1441 Mcttiper-

126 1400 288 1485 iiostem
309 1442 451 1500 dirigit
474 1459 593 1485 suos·
628 1444 817 1486 Albanos
841 1453 986 1485 contra
1006 1443 1214 1500 legionem
1244 1443 1510 1485 Fidenatium
1524 1444 1609 1475 fidia.

126 1500 310 1542 collocat.
374 1501 540 1542 Albano
567 1516 653 1542 non
677 1501 770 1566 plus
800 1501 928 1542 animi
959 1510 1058 1551 erat,
1087 1516 1213 1566 quam
1243 1501 1354 1543 fidei.
1417 1502 1511 1544 Nec

127 1572 293 1599 manere
326 1572 438 1614 ergo,
461 1573 538 1600 nec
571 1559 742 1600 transire
764 1567 904 1615 aperte
933 1574 1067 1609 ausus,
1090 1574 1243 1600 sensam
1271 1559 1325 1600 ad
1349 1569 1512 1602 montes

94 1614 322 1662 9succedit.
384 1614 504 1666 Inde,
545 1617 617 1657 ubi
658 1617 755 1657 satis
794 1617 950 1659 subisse
992 1632 1080 1659 sese
1122 1625 1234 1663 ratus
1274 1626 1348 1667 est,
1391 1618 1513 1675 erigit

126 1680 255 1714 totam
294 1672 451 1715 aciem.
504 1674 794 1730 fluctuansque
846 1675 998 1725 animo,
1041 1683 1087 1717 ut
1137 1683 1288 1717 tereret
1333 1684 1511 1732 tempus,

124 1730 291 1772 ordines
315 1731 507 1788 explicat.
572 1731 808 1774 Consilium
833 1742 932 1783 erat,
963 1748 1046 1789 qua
1074 1733 1241 1774 fortuna
1264 1748 1351 1774 rcm
1381 1733 1510 1784 daret,

126 1803 176 1830 ea
214 1787 413 1830 inclinare
454 1790 572 1831 vires.
635 1789 842 1832 Miraculo
882 1791 1017 1847 primo
1056 1806 1143 1832 esse
1187 1790 1401 1841 Romanis,
1439 1793 1512 1848 qui

125 1846 306 1903 proximi
336 1855 548 1898 steterant,
580 1857 626 1889 ut
656 1847 805 1889 nudari
835 1848 964 1890 latera
994 1864 1068 1890 sua
1091 1849 1294 1890 sociorum
1326 1849 1511 1914 digressu

125 1913 369 1945 senserunt:
418 1904 516 1947 inde
557 1921 685 1971 eques
733 1906 858 1947 citato
899 1921 1010 1963 equo
1051 1907 1218 1948 nuntiat
1256 1922 1356 1972 regn
1398 1908 1510 1949 abire

99 1961 326 2003 1Albanos.
401 1962 550 2004 Tullus
590 1964 635 2004 in
674 1979 717 2005 re
764 1964 926 2020 trepida
964 1964 1186 2006 duodecim
1227 1965 1339 2006 vovit
1377 1965 1511 2014 salios,

125 2019 304 2076 fanaque
327 2019 480 2062 Pallori
502 2036 548 2062 ac
570 2021 731 2062 Pavori.
795 2021 1008 2078 Equitem,
1031 2022 1080 2063 elz
1082 2038 1139 2063 ιιιι
1159 2022 1376 2079 increpans
1397 2039 1511 2072 voce,

127 2085 174 2118 ut
194 2077 333 2119 hostes
355 2078 615 2127 exaudirent,
638 2079 805 2121 redire
795 2095 838 2119 1n
860 2079 1063 2135 proelium
1086 2080 1223 2121 iubet:
1259 2086 1270 2104 ‘
1289 2080 1407 2121 Nihil
1430 2090 1513 2122 trc-

129 2135 369 2191 ‘pidatione
391 2151 494 2192 opus
515 2152 620 2178 csse:
654 2152 728 2177 suo
751 2137 863 2177 iussu
884 2137 1139 2179 circumduci
1159 2137 1372 2178 Albanum
1394 2154 1513 2179 excr—

97 2213 114 2234 2
131 2192 301 2243 ‘citum‚
354 2202 400 2234 ut
450 2193 716 2235 Iidenatium
767 2194 881 2236 nuda
932 2204 1046 2251 terga
1093 2195 1171 2235 inv
1163 2195 1314 2236 ιιιιίιιιῐ]
1393 2195 1510 2236 Idem

128 2250 317 2306 imperat,
359 2260 407 2292 ut
445 2251 581 2293 hastas
625 2252 789 2308 equites
833 2253 991 2308 ciigcrc
1040 2252 1193 2294 iubeat
1268 2252 1317 2294 Id
1357 2252 1511 2294 factum

129 2323 302 2364 magnac
335 2309 441 2366 parti
474 2310 664 2366 peditum
697 2309 982 2351 Romanorum
1016 2319 1285 2366 conspectum
1322 2311 1513 2352 abeuntis

129 2365 287 2408 Albani
320 2367 527 2409 exercitus
562 2368 846 2424 intersacpsit:
886 2368 955 2424 qui
990 2368 1191 2417 viderant,
1225 2368 1280 2417 id,
1312 2368 1426 2424 quod
1461 2370 1512 2410 ab

128 2438 225 2481 rege
266 2424 455 2466 auditum
490 2434 590 2475 erat,
627 2425 717 2474 rati,
754 2441 804 2467 eo
837 2441 970 2467 acrlus
1005 2436 1203 2482 pugnant.
1267 2426 1420 2467 Tenor
1459 2426 1512 2467 ad

1583 463 1607 500 [Ο

1618 479 1627 503 κ
1613 462 1634 474 Ι

172 2587 193 2619 9
214 2579 339 2619 Eriyie]
365 2580 456 2611 Stare
482 2579 578 2611 iubet.
617 2580 682 2611 l'bi
713 2580 797 2611 enim
844 2581 1003 2612 habehant
1016 2580 1185 2612 mcmrium
1200 2586 1231 2611 et
1243 2591 1332 2611 suern
1344 2580 1513 2613 faciebant.

130 2630 244 2659 agmen
274 2621 404 2658 uincitur
434 2623 526 2653 milen
558 2627 589 2653 ct
623 2633 739 2663 corpus
767 2628 799 2653 et
844 2624 978 2663 Dionys.
1017 2624 1048 2655 ii.
1087 2633 1133 2663 70.
1173 2624 1215 2654 iii.
1251 2633 1299 2663 3²-
1359 2626 1515 2665 Panaque

132 2663 256 2694 hastam
272 2664 372 2702 erigit.
418 2665 469 2695 Sic
490 2667 576 2705 apud
601 2677 658 2696 non
683 2666 800 2696 dicitur
846 2668 968 2696 Pallon·
995 2677 1032 2696 m·
1058 2668 1177 2696 l’nvnri
1201 2667 1296 2701 vovit,
1323 2678 1364 2698 sc.
1393 2673 1426 2697 ut
1451 2677 1512 2698 non

122 2706 215 2744 sain·
231 2707 306 2741 aue,
328 2706 403 2737 olim
416 2709 508 2746 faire
528 2709 619 2743 lum!
639 2710 799 2748 quomodo
844 2714 907 2738 tam
926 2710 1116 2743 colorentur,
1132 2718 1227 2748 (μιιιιιι
1247 2709 1458 2748 plne-arentur,
1474 2721 1515 2741 no

133 2747 225 2778 vertit
256 2748 315 2778 hnc
350 2749 419 2778 lom
453 2750 649 2787 Vigcnerius.
695 2753 800 2782 Cum.
845 2751 984 2790 amplius
997 2762 1104 2781 eorum
1124 2751 1351 2783 ximat-ntimnt
1364 2753 1513 2784 Romani.

131 2790 360 2830 Tac.}1iat.3
380 2800 411 2830 7¹
850 2794 931 2824 ltrv.

180 2843 189 2864 ι
220 2835 331 2864 Tullus
364 2816 522 2864 duodecim
562 2837 644 2865 norit
688 2837 798 2873 salins)
889 2846 904 2866 ἰ
932 2837 1034 2874 Idem]
1061 2837 1171 2868 Eidem
1203 2847 1241 2868 cx
1272 2837 1404 2869 coniect.
1434 2838 1514 2868 Gro-

132 2876 294 2915 Agonaloa
319 2880 350 2905 ct
375 2877 519 2907 (¹011inon
542 2887 564 2908 n.
590 2877 798 2913 Quirinales:
846 2888 915 2908 nov.
935 2879 964 2908 iu
987 2884 1110 2910 textum
1136 2880 1253 2920 recepit
1279 2881 1414 2912 Bckkcr.
1442 2881 1515 2911 licet

131 2928 205 2949 nam
232 2919 396 2949 Palatino.-
420 2920 527 2950 Numa
550 2919 747 2954 instituerat:
770 2926 799 2949 ct
846 2922 1074 2952 co‹1‹1.n‹h·vrn.

132 2960 164 2991 hi
187 2960 217 2992 in
246 2961 381 2998 Palatio,
409 2962 453 2992 illi
480 2962 508 2992 iu
534 2963 616 2993 colle
640 2963 799 2998 Quirinali

190 3017 285 3044 VOL.
313 3017 336 3044 Ι.
1263 3024 1288 3050 Ι)
