1934 3211
606 195 730 236 LIB.
771 195 803 236 Ι.
854 195 998 237 CAP.
1032 199 1069 236 3.
1506 199 1527 239 7

208 284 411 328 Nondum
443 293 629 326 maturus
656 285 831 341 imperio
853 284 1060 325 Ascanius
1081 284 1254 326 Aeneae
1283 284 1392 326 filius
1417 294 1527 327 erat:
1631 293 1668 330 3.

150 352 290 385 tamen
311 342 355 384 id
375 343 597 399 imperium
618 343 658 384 ei
678 343 732 384 ad
751 343 954 399 puberem
978 350 1158 384 aetatem
1182 341 1391 383 incolume
1413 357 1531 383 man-

149 401 212 442 sit.
274 400 500 457 Tantisper
531 400 663 441 tutela
694 400 887 442 muliebri
917 399 1055 456 (tanta
1086 399 1247 441 indoles
1279 399 1321 440 in
1355 399 1532 441 Lavinia

149 457 257 512 erat)
296 473 362 499 res
394 458 547 499 Latina
581 467 624 499 et
655 473 831 514 regnum
864 458 1021 499 avitum
1056 467 1361 514 paternumque
1401 473 1532 513 puero

148 516 275 557 stetit.
339 515 469 557 Haud
489 515 594 556 nihil
615 516 835 572 ambigam,
864 515 978 571 (quis
1002 516 1116 556 enim
1136 530 1223 556 rem
1245 524 1329 556 tam
1350 524 1534 556 veterem

147 588 224 629 pro
263 582 377 615 certo
417 573 592 614 affirmet
604 573 642 629 ?)
681 573 845 615 hiccine
885 573 1011 614 fuerit
1042 573 1261 622 Ascanius,
1303 588 1356 614 an
1389 573 1533 623 maior,

149 646 275 687 quam
310 631 392 681 hic,
432 630 593 672 Creusa
622 641 753 672 matre
785 630 863 672 Ilio
894 630 1094 672 incolumi
1133 640 1269 680 natus,
1311 645 1533 686 comesque

116 688 247 731 6inde
268 697 465 754 paternae
481 689 616 754 fugae,
636 704 761 745 quem
783 688 921 730 Iulum
943 689 1126 730 eundem
1147 688 1255 730 Iulia
1269 703 1371 744 gens
1392 698 1535 730 aueto—

148 761 238 788 rem
269 747 450 788 nominis
490 747 553 788 sui
586 756 812 803 nuncupat.
890 745 931 787 Is
965 747 1183 797 Ascanius,
1220 747 1461 802 ubicunque
1492 755 1535 788 et

148 819 400 860 quacunque
436 814 567 846 matre
602 805 782 861 genitus,
818 804 951 860 (certe
988 814 1132 845 natum
1167 804 1315 845 Aenea
1354 804 1535 859 constat)

148 861 389 904 abundante
412 862 578 903 Lavinii
600 862 884 911 multitudine,
913 862 1133 903 florentem
1166 862 1261 912 iam,
1291 871 1337 904 ut
1359 871 1449 903 tum
1469 877 1534 903 res

149 928 279 969 erant,
297 929 422 976 atque
440 920 681 976 opulentam
703 921 849 962 urbem
866 921 1001 970 matri,
1016 935 1090 961 seu
1107 936 1188 961 nov
1191 936 1322 970 ercae,
1339 919 1531 976 reliquit:

149 992 298 1019 novam
329 977 416 1034 ipse
447 977 568 1020 aliam
600 978 676 1019 sub
709 978 876 1019 Albano
908 988 1050 1019 monte
1082 978 1294 1027 condidit3
1332 993 1454 1034 quae,
1483 978 1535 1019 ab

120 1052 136 1084 7
148 1035 231 1076 situ
250 1045 464 1092 porrectae
486 1036 529 1076 in
551 1036 673 1078 dorso
695 1036 819 1085 urbis,
843 1035 992 1092 Longa
1013 1035 1125 1077 Alba
1149 1035 1366 1092 appellata.
1418 1035 1536 1077 Inter
1549 1049 1754 1091 AlbaLonga

149 1092 372 1135 Lavinium
398 1103 441 1135 et
472 1093 627 1135 Albam
661 1093 853 1159 Longam
881 1093 1088 1135 coloniam
1115 1093 1340 1135 deductam
1366 1093 1537 1150 triginta
1549 1093 1706 1124 cond1tur.

146 1150 276 1193 ferme
317 1151 541 1194 interfuere
582 1167 694 1193 anm.
755 1152 942 1193 Tantum
983 1161 1124 1193 tamen
1164 1167 1263 1208 opes
1307 1161 1534 1202 creverant,

149 1209 329 1251 maxime
360 1209 460 1251 fusis
493 1209 692 1259 Etruscis,
715 1219 762 1250 ut
791 1225 844 1250 ne
876 1218 1009 1250 morte
1041 1209 1213 1265 quidem
1242 1210 1430 1259 Aeneae,
1458 1224 1535 1251 nec

149 1266 318 1317 deinde,
350 1268 461 1309 inter
487 1267 734 1309 muliebrem
761 1266 933 1308 tutelam
961 1267 1332 1323 rudimentumque
1353 1267 1536 1323 primum

149 1325 320 1381 puerilis
340 1325 472 1381 regni,
495 1340 661 1366 movere
683 1340 798 1366 arma
817 1335 889 1366 aut
911 1324 1150 1366 Mezentius
1173 1324 1438 1380 Etruscique,
1464 1334 1537 1366 aut

151 1382 224 1423 ulli
245 1382 315 1424 alii
337 1382 499 1424 accolae
522 1383 609 1424 ausi
630 1383 724 1424 sint.
787 1382 876 1423 Pax
897 1383 956 1423 ita
980 1391 1243 1431 convenerat,
1273 1392 1320 1423 ut
1350 1381 1536 1423 Etruscis

151 1440 398 1497 Latinisque
431 1441 581 1481 fluvius
617 1439 785 1490 Albula,
828 1454 955 1496 quem
995 1454 1108 1480 nunc
1142 1439 1331 1480 Tiberim
1371 1448 1534 1489 vocant,

151 1498 246 1539 finis
267 1507 385 1539 esset.

217 1554 368 1597 Silvius
403 1555 556 1597 deinde
593 1564 751 1611 regnat,
789 1554 962 1596 Ascanii
998 1554 1120 1620 filius,
1149 1570 1247 1596 casu
1275 1555 1459 1612 quodam
1491 1556 1534 1596 in
1550 1565 1668 1596 Albani

150 1611 260 1654 silvis
280 1622 412 1655 natus.
476 1612 517 1654 Is
538 1613 716 1654 Aenean
740 1612 916 1655 Silvium
937 1621 1071 1654 creat:
1103 1613 1137 1654 is
1157 1613 1311 1654 deinde
1334 1613 1535 1655 Latinum
1549 1619 1645 1649 “³3⁰⁵-

117 1669 339 1717 gSilvium.
401 1671 472 1712 Ab
503 1686 553 1712 eo
584 1671 771 1713 coloniae
803 1670 962 1727 aliquot
991 1670 1211 1721 deductae,
1234 1670 1367 1713 Prisci
1393 1671 1537 1713 Latini

150 1728 358 1786 appellati.
422 1728 581 1770 Mansit
614 1727 752 1770 Silviis
782 1738 926 1785 postea
958 1729 1151 1770 omnibus
1184 1744 1432 1786 cognomen,
1464 1730 1538 1786 qui

116 1786 286 1838 9Albae
322 1796 561 1843 regnarunt.
624 1786 778 1828 Latino
811 1786 923 1828 Alba
962 1796 1088 1836 ortus,
1124 1787 1237 1828 Alba
1271 1787 1390 1853 Atys,
1424 1787 1538 1845 Atye

151 1843 307 1910 Capys,
343 1844 488 1902 Capye
525 1844 725 1902 Capetus,
766 1843 929 1901 Capeto
963 1845 1212 1894 Tiberinus3
1251 1861 1419 1902 qu1,1n
1456 1855 1539 1887 tra-

150 1902 263 1944 iectu
311 1902 491 1944 Albulae
541 1918 676 1944 amnls
728 1903 977 1952 submersus,
1034 1902 1196 1944 celebre
1248 1903 1301 1945 ad
1353 1913 1539 1960 posteros

150 1975 305 2002 nomen
332 1960 495 2002 flumini
527 1960 655 2002 dedit.
713 1961 909 2026 Agrippa
938 1961 1035 2002 inde
1062 1961 1253 2002 Tiberini
1280 1961 1412 2011 filius3
1445 1971 1539 2018 post

151 2018 383 2075 Agrippam
400 2019 605 2060 Romulus
622 2018 720 2060 Silv'
699 2034 787 2084 ms,
805 2034 828 2060 a
841 2029 956 2075 patre
978 2028 1150 2075 accepto
1171 2019 1358 2076 imperio
1378 2030 1536 2074 regnat.

151 2077 378 2126 Aventino,
404 2076 577 2118 fulmine
608 2077 694 2133 ipse
725 2077 841 2126 ictus,
875 2092 1049 2133 regnum
1079 2092 1154 2133 per
1174 2093 1320 2118 manus
1342 2077 1535 2119 tradidit:

152 2135 198 2183 is,
220 2134 437 2191 sepultus
429 2150 471 2175 m
500 2150 550 2176 eo
578 2134 695 2184 colle,
722 2135 794 2190 qui
822 2150 933 2175 nunc
959 2145 1020 2176 est
1052 2150 1146 2191 pars
1174 2135 1389 2176 Romanae
1412 2136 1538 2184 urbis,

151 2208 382 2247 cognomen
405 2192 498 2233 colli
521 2192 629 2233 fecit.
693 2192 826 2233 Proca
846 2192 999 2234 deinde
1022 2202 1190 2247 regnat:
1216 2192 1249 2233 is
1272 2192 1538 2234 Numitorem

151 2260 277 2307 atque
307 2250 525 2291 Amulium
554 2260 753 2306 procreat.
818 2249 1045 2299 Numitori,
1074 2250 1146 2290 ‹ui
1171 2250 1309 2306 stirpis
1336 2251 1540 2291 maximus

152 2318 253 2358 erat,
287 2323 461 2365 regnum
490 2317 699 2349 vetustum
732 2308 883 2349 Silviae
917 2308 1053 2363 gentis
1084 2267 1205 2364 legat.
1270 2307 1368 2349 Plus
1399 2317 1539 2350 tamen

194 2448 214 2481 6
237 2452 337 2488 Quem
354 2451 462 2481 Iulum
478 2451 629 2488 eundem]
664 2450 755 2480 Iulus
769 2460 823 2479 zm-
869 2450 977 2488 Lonffll
995 2448 1069 2487 quin
1085 2448 1116 2478 in
1133 2449 1226 2478 dorso
1244 2447 1360 2478 montis
1378 2454 1531 2487 poi-rectu.

153 2493 272 2533 tiquius
296 2504 433 2529 nomeng
460 2493 615 2523 Ascanius
637 2503 706 2523 sero
729 2498 760 2523 et
783 2503 822 2523 ex
911 2495 929 2521 8
954 2493 1059 2521 I'rt'sct‘
1076 2492 1202 2529 Latini]
1248 2491 1344 2521 l’risci
1361 2496 1392 2520 et
1411 2490 1538 2521 Latini:

155 2535 288 2566 Graecis
301 2536 387 2566 libris
402 2536 526 2576 irrepsit
543 2536 580 2566 cf.
600 2536 734 2566 Niebhr.
768 2537 824 2566 As-
874 2534 970 2565 Prisci
999 2534 1096 2569 enim,
1122 2534 1175 2573 qui
1202 2533 1294 2565 Casei
1325 2534 1425 2563 vocati
1457 2537 1542 2570 sunt,

155 2578 294 2617 eunium,
307 2580 428 2610 Creusa
444 2585 546 2609 matre
559 2584 682 2615 nutum,
697 2580 826 2608 Aeneae
873 2577 1003 2607 Latinos
1027 2577 1221 2611 devicerunt,
1244 2580 1274 2605 et
1299 2586 1370 2605 cum
1397 2576 1486 2606 victis
1509 2576 1540 2607 in

156 2631 286 2659 regnum
323 2622 486 2661 exet-pisae
523 2626 658 2652 testatur
692 2621 826 2660 Dionys.
872 2630 967 2650 unam
991 2625 1118 2657 gentem
1143 2619 1337 2649 coaluerunt.
1383 2619 1432 2649 Cf.
1454 2620 1541 2651 Serv,

156 2663 175 2694 i.
188 2663 238 2703 65.
266 2664 725 2704 Css1ieyn.ssxcum.xvii.ad
741 2664 826 2703 Virg.
872 2663 902 2693 in
929 2664 1010 2693 Aen.
1039 2663 1057 2692 i.
1079 2661 1107 2692 6.
1140 2661 1272 2692 Nieblir.
1298 2661 1315 2691 i.
1343 2671 1371 2700 p.
1399 2664 1446 2701 78.
1471 2662 1540 2693 Cic.

158 2707 237 2737 Aen.
255 2706 285 2737 ii.
872 2706 967 2736 'lusu
986 2705 1051 2741 Qu.
1070 2705 1087 2735 i.
1111 2714 1155 2735 12.

202 2758 217 2789 7
243 2751 350 2788 Lonya
374 2750 474 2787 Alba]
518 2750 567 2781 Cf.
594 2749 728 2780 Niebhr.
752 2749 771 2780 i.
797 2760 826 2788 p.
913 2759 932 2796 9
956 2750 978 2778 Ι
981 2749 1086 2785 uina]
1111 2747 1201 2777 llaec
1217 2756 1324 2784 regum
1343 2747 1539 2778 Albanorum

157 2794 228 2823 208.
253 2792 340 2822 Gell.
357 2791 560 2831 ff‘opognnph.
581 2793 674 2823 Rom.
692 2792 710 2823 i.
729 2803 759 2831 p.
779 2795 825 2823 28.
871 2791 965 2821 series
987 2803 1004 2820 t
1019 2790 1140 2820 scriniis
1157 2788 1192 2820 L.
1209 2789 1349 2821 comt-lii
1367 2790 1541 2822 Alexandri

157 2837 254 2870 Alba,
277 2835 356 2864 forte
379 2834 475 2869 dictu,
498 2835 572 2873 quin
595 2835 711 2864 “mixis
736 2835 827 2871 lunge
876 2833 1084 2872 ΙίιΙ)1ιί·ιῑοΓί-·ι
1099 2833 1289 2872 deprompta
1305 2837 1362 2862 nst.
1391 2835 1418 2862 (
1422 2834 1441 2864 s.
1455 2835 1542 2865 Sem

157 2877 395 2909 candentibun”
416 2877 583 2916 imposita:
613 2878 673 2911 vel,
691 2877 715 2906 ni
741 2878 827 2906 subu-
873 2877 902 2906 in
918 2867 996 2906 A'en.
1009 2875 1071 2905 xiii.
1090 2884 1158 2914 330.
1206 2875 1307 2905 Aliter
1321 2876 1450 2915 quidem
1470 2877 1542 2915 legi-

159 2921 221 2950 lnm
246 2930 426 2959 aequamur,
441 2921 482 2949 ub
497 2925 622 2950 ostento
644 2921 737 2949 unnu-
756 2919 827 2950 mis.
873 2925 923 2949 tur
943 2929 994 2958 up.
1015 2918 1148 2958 Dionys.
1169 2917 1186 2948 i.
1207 2926 1252 2956 70.
1307 2919 1436 2949 Prorsus
1459 2930 1542 2950 com-

158 2964 208 2994 Cf.
240 2963 345 3003 Ilm-yn.
381 2963 511 2993 lin-um.
543 2963 572 2993 ii.
604 2963 642 2992 nd
675 2964 751 2992 Aen.
780 2962 828 2992 xii.
875 2959 1543 3001 unt-mitiumesu-judicatNiebhmm.202.
