1934 3211
646 481 906 537 EPITO
926 483 1053 536 ME
1110 483 1361 537 LIBRI
1421 483 1535 537 III.

396 811 763 852 SEDITIONE
768 810 803 851 S
814 811 860 850 de
881 811 1058 864 ayrariis
1080 809 1390 864 leyibusfactae.
1462 808 1716 863 Capitolium,
1738 808 1790 848 ab

391 870 587 908 exsulibus
607 876 644 909 et
663 870 785 908 servis
805 874 1053 921 occupatum,
1072 869 1195 906 caesis
1215 868 1264 906 iis
1285 873 1482 921 receptum
1503 873 1570 906 est.
1640 866 1790 907 Census

391 927 449 965 bis
469 932 582 965 actus
602 932 668 966 est.
730 926 875 966 Priore
901 925 1025 964 lustro
1050 939 1165 964 censa
1186 930 1279 964 sunt
1303 926 1447 964 civium
1476 925 1611 978 capita
1636 929 1789 964 centum

390 989 579 1037 quattuor
599 983 726 1023 millia
739 983 907 1022 ducenta
929 982 1254 1036 quattuordecim,
1271 988 1436 1035 praeter
1451 973 1563 1021 orbos
1576 982 1788 1036 orbusque:

389 1043 575 1094 sequenti,
590 1047 743 1080 centum
759 1041 1014 1094 septendecim
1031 1039 1157 1078 millia
1169 1040 1338 1079 ducenta
1354 1040 1611 1079 novendecim.
1654 1038 1790 1088 Quum.

389 1098 580 1137 adversus
600 1098 760 1152 Aequos
780 1112 842 1137 res
862 1097 965 1136 male
980 1102 1093 1150 ¹(Jesta
1114 1103 1221 1144 esset,
1243 1097 1294 1136 L.
1328 1096 1540 1146 Quinctius
1572 1095 1790 1137 Cincinna-

390 1161 453 1194 tus
481 1156 652 1194 dictator
666 1156 825 1208 factus,
849 1169 970 1208 quum
992 1169 1086 1193 rure
1106 1155 1277 1193 intentus
1301 1156 1449 1193 rustico
1469 1155 1580 1207 operi
1604 1160 1712 1202 esset,
1734 1153 1794 1193 ad

388 1213 434 1251 id
451 1213 592 1252 bellum
609 1213 825 1267 yerendum
847 1213 1059 1251 arcessitus
1079 1217 1145 1250 est.
1208 1210 1253 1250 Is
1273 1212 1393 1250 victos
1413 1211 1539 1251 lzostes
1558 1211 1629 1251 sub
1650 1212 1788 1265 iuyum

387 1271 503 1309 misit.
576 1270 848 1309 Tribunorum
875 1269 999 1323 plebis
1029 1282 1216 1308 numerus
1246 1269 1465 1322 ampliatus
1494 1275 1562 1317 est,
1591 1274 1637 1308 ut
1664 1274 1790 1308 essent

386 1327 528 1375 decem,
555 1328 753 1381 triyesimo
777 1333 882 1366 sezzo
907 1340 1013 1366 anno
1037 1341 1063 1365 a
1084 1327 1232 1379 primis
1257 1326 1426 1365 tribunis
1443 1326 1581 1380 plebis.
1643 1325 1788 1366 Petitis

379 1399 458 1438 per
479 1385 637 1438 leyatos,
660 1391 698 1423 et
716 1384 852 1423 allatis
872 1383 1019 1423 Atticis
1041 1383 1199 1437 leyibus,
1222 1384 1279 1422 ad
1297 1384 1588 1423 constituendas
1609 1398 1675 1423 eas
1688 1398 1788 1437 pro-

379 1442 663 1496 ponendasque
682 1442 892 1481 decemviri
902 1455 983 1494 pro
1004 1441 1226 1480 consulibus
1246 1442 1328 1480 sine
1349 1441 1441 1480 ullis
1461 1441 1553 1480 aliis
1572 1442 1789 1495 maqistra-

387 1499 490 1538 tibus
517 1501 652 1547 creati,
675 1499 799 1538 altero
825 1504 863 1538 et
892 1500 1155 1537 trecentesimo
1181 1512 1298 1547 annO,
1322 1512 1442 1553 quam
1468 1498 1600 1538 Roma
1629 1499 1788 1538 condita

386 1562 499 1596 erat:
532 1562 579 1604 et,
603 1562 649 1596 ut
667 1571 693 1595 a
720 1556 876 1610 reyibus
897 1556 953 1594 ad
971 1555 1158 1604 consules,
1182 1557 1239 1594 ita
1260 1571 1286 1595 a
1315 1556 1538 1596 consulibus
1557 1556 1615 1595 acl
1638 1556 1788 1596 decem-

385 1614 491 1653 viros
512 1614 752 1653 translatum
780 1614 1000 1666 imperium.
1062 1612 1138 1661 Hi,
1160 1613 1289 1652 decem
1317 1613 1462 1652 tabulis
1490 1614 1617 1667 leyum
1630 1615 1787 1667 positis,

385 1685 508 1725 quum
537 1671 705 1710 modeste
731 1685 771 1709 se
791 1671 832 1709 in
860 1684 902 1709 eo
929 1670 1074 1709 lzonore
1100 1671 1320 1723 yessissent,
1344 1676 1381 1710 et
1407 1671 1452 1710 ob
1479 1671 1524 1709 id
1548 1672 1590 1710 in
1617 1671 1788 1711 alterum

385 1742 536 1782 quoque
568 1742 719 1768 annum
754 1728 916 1766 eundem
949 1741 1028 1766 esse
1062 1728 1343 1780 mayistratum
1368 1728 1599 1781 placuisset,
1632 1728 1788 1768 duabus

385 1785 530 1825 tabulis
551 1786 608 1824 ad
625 1786 753 1824 decem
774 1785 948 1833 adiectis,
972 1798 1093 1838 quum
1115 1785 1320 1838 complura
1342 1786 1571 1839 impotenter
1578 1786 1785 1838 ficissent,

383 1844 664 1896 maqistratum
685 1842 897 1881 noluerunt
915 1842 1114 1895 deponere,
1137 1848 1175 1880 et
1193 1844 1234 1881 in
1256 1843 1412 1881 tertium
1438 1857 1588 1882 annum
1616 1844 1788 1883 retinue-

318 1911 338 1926 ·
383 1905 508 1939 runt:
550 1900 670 1939 donec
700 1901 825 1938 inviso
858 1913 990 1938 eorum
1025 1900 1189 1952 imperio
1210 1899 1341 1951 finem
1379 1900 1517 1939 attulit
1548 1900 1667 1939 libido
1700 1900 1782 1954 Ap.

390 1956 564 1997 Claudii.
635 1956 729 2006 Qui,
753 1970 873 2010 quum
895 1957 936 1995 in
957 1970 1129 1995 amorem
1150 1957 1316 2009 virqinis
1332 1957 1542 2005 incidisset,
1563 1958 1783 2007 summisso,

382 2015 454 2067 qui
471 2028 557 2053 eam
578 2015 620 2053 in
647 2015 870 2053 servitutem
884 2019 1046 2067 peteret,
1070 2015 1334 2053 necessitatem
1354 2015 1473 2067 patri
1491 2016 1573 2054 eius
1605 2015 1785 2068 quinio

381 2072 579 2124 imposuit,
602 2077 719 2124 rapto
739 2085 784 2109 esc
805 2071 968 2110 taberna
989 2072 1178 2124 proxima
1200 2071 1338 2120 cultro,
1362 2077 1407 2110 ut
1416 2071 1560 2123 filiam
1587 2070 1789 2111 interime-⁷

381 2134 442 2167 ret
454 2144 470 2176 ,-
501 2142 623 2182 quum
651 2128 768 2167 aliter
795 2142 879 2167 eam
906 2129 1011 2166 tueri
1037 2142 1113 2167 non
1134 2134 1279 2181 posset,
1303 2142 1350 2168 ne
1376 2129 1418 2168 in
1445 2134 1675 2182 potestatem
1699 2135 1785 2169 stu-

374 2199 499 2238 prum
535 2185 693 2225 illaturi
725 2187 883 2224 veniret.
945 2184 1039 2224 Hoc
1071 2191 1154 2224 tam
1189 2200 1358 2240 magnae
1394 2186 1578 2225 luxuriae
1611 2187 1784 2241 exemplo

376 2243 486 2295 plebs
514 2243 681 2282 incitata
709 2248 876 2282 montem
899 2242 1142 2282 Aventinum
1171 2244 1389 2296 occupavit,
1413 2245 1608 2298 coeyz'tque
1634 2244 1783 2284 decem-

379 2302 485 2339 viros
505 2300 692 2339 abdicare
711 2315 751 2339 se
771 2300 1024 2353 maqistratu.
1086 2299 1158 2338 Ex
1178 2300 1319 2353 quibus
1340 2300 1502 2354 Appius
1522 2306 1560 2340 et
1578 2315 1682 2341 unus
1702 2301 1782 2341 col-

380 2356 571 2411 leqarum,
590 2359 661 2411 qui
667 2358 885 2410 praecipue
893 2370 1065 2410 poenam
1079 2363 1317 2405 meruerant,
1332 2359 1373 2396 in
1388 2372 1583 2397 carcerem
1597 2359 1760 2397 coniecti
1762 2373 1779 2406 ;

378 2416 496 2453 ceteri
514 2416 556 2454 in
577 2415 755 2454 eaesilium
776 2415 867 2453 acti.
931 2413 1012 2452 Res
1026 2419 1237 2466 praeterea
1259 2420 1398 2453 contra
1423 2413 1605 2463 Sabinos,
1623 2421 1662 2454 et
1687 2415 1780 2455 Vol-

378 2486 474 2520 scos,
504 2478 542 2511 et
569 2471 729 2526 Aequos
751 2484 942 2524 prospere
964 2476 1098 2524 qestas
1128 2472 1308 2519 continet,
1337 2477 1375 2510 et
1393 2485 1546 2525 parum
1576 2472 1779 2512 honestum

372 2529 518 2581 populi
532 2529 711 2568 Romani
724 2529 937 2568 iudicium.-
970 2528 1051 2581 qui,
1069 2528 1187 2566 iudea:
1202 2528 1305 2567 inter
1320 2527 1518 2568 Ardeates
1533 2534 1572 2568 et
1588 2529 1779 2570 Aricinos

377 2592 571 2639 sumptus,
593 2600 751 2641 ayrum,
773 2586 820 2625 de
839 2599 916 2640 quo
937 2584 1222 2639 ambiyebatur,
1243 2585 1319 2624 sibi
1337 2586 1595 2627 adiudicavit.
