1934 3211
441 207 518 245 126
955 204 1103 247 TITI
1141 204 1319 247 LIVII

220 302 263 333 U.
281 301 318 333 C.
338 310 408 342 274.
438 294 589 336 milites
614 295 746 336 secuti
774 304 897 345 suut3
931 304 985 346 et,
1009 305 1056 337 ut
1084 295 1153 337 ille
1181 297 1297 352 gravi
1318 295 1488 337 vulnere
1518 295 1624 336 ictus
1651 308 1705 335 ex
1735 293 1822 335 acie

218 345 260 417 ἷξε
281 345 319 376 C.
336 347 408 418 4t735
435 352 569 402 cessit,
611 353 877 394 interfectum
917 354 1008 403 rati,
1049 354 1226 410 gradum
1267 354 1472 395 retulere:
1521 353 1823 407 cessissentque

218 398 398 463 νέἶὲἒέὲζυ
434 409 539 460 loco,
562 410 607 450 ni
636 411 781 452 consul
809 411 923 461 alter,
946 427 1042 452 cum
1071 412 1230 467 aliquot
1264 412 1409 452 turmis
1437 411 1627 467 equitum
1659 409 1704 450 in
1730 423 1824 450 eam

434 476 596 524 partem
619 469 746 509 citato
767 484 877 525 equo
898 469 1107 519 advectus,
1130 470 1268 510 vivere.
1297 469 1512 510 clamitans
1540 467 1758 523 collegam,
1780 481 1823 507 se

433 525 633 567 victorem
674 526 765 567 fuso
801 527 931 568 altero
964 542 1095 568 cornu
1135 527 1291 575 adesse,
1329 542 1417 567 rem
1457 525 1700 567 inclinatam
1735 538 1824 565 sus-

434 583 636 624 tinuisset.
701 583 887 624 Manlius
909 599 1078 640 quoque
1107 584 1159 625 ad
1187 584 1489 625 restituendam
1517 584 1649 625 aciem
1670 597 1713 623 se
1734 582 1822 638 ipse

433 655 572 681 coram
607 642 739 682 offert.
804 641 998 682 Duorum
1032 642 1250 682 consulum
1283 642 1450 697 cognita
1482 656 1553 682 ora
1587 640 1824 681 accendunt

434 698 615 739 militum
637 699 808 739 animos.
875 698 1007 739 Simul
1029 708 1072 740 et
1092 699 1236 740 vanior
1263 699 1345 739 iam
1373 707 1461 739 erat
1488 698 1671 739 hostium
1700 697 1821 746 acies,
1839 709 1855 742 7

433 755 547 804 dum,
563 756 803 796 abundante
821 756 1089 798 multitudine
1106 757 1213 806 freti,
1229 757 1438 798 subtracta
1453 755 1637 797 subsidia
1651 755 1824 796 mittunt

433 813 486 853 ad
517 821 649 853 castra
679 813 972 869 oppugnanda.
1035 813 1086 854 In
1122 830 1229 870 quae
1263 815 1375 855 haud
1411 829 1563 870 magno
1596 813 1822 854 certamine

432 870 592 926 impetu
614 870 736 920 facto,
760 871 861 911 dum
889 871 1068 927 praedae
1098 873 1240 928 magis,
1265 888 1390 928 quam
1418 886 1596 928 pugnae,
1619 885 1823 912 memores

433 936 574 968 terunt
610 936 800 984 tempus,
839 928 968 969 triarii
1001 929 1196 980 Romani,
1229 930 1302 986 qui
1334 930 1511 986 primam
1546 928 1855 984 irruptionem8

432 985 635 1026 sustinere
657 1001 743 1026 non
764 994 999 1042 potuerant,
1018 988 1151 1028 missis
1168 988 1221 1028 ad
1235 987 1424 1029 consules
1438 986 1609 1036 nuntiis,
1625 1001 1710 1042 quo
1730 985 1822 1027 loco

433 1057 497 1083 res
519 1052 669 1092 essent,
691 1044 929 1099 conglobati
951 1044 1004 1085 ad
1024 1045 1277 1100 praetorium
1299 1045 1490 1094 redeunt,
1513 1053 1556 1085 et
1579 1059 1654 1085 sua
1674 1051 1821 1100 sponte

433 1100 511 1156 ipsi
543 1101 749 1156 proelium
782 1110 1009 1142 renovant:
1055 1111 1097 1143 et
1134 1102 1319 1143 Manlius
1359 1102 1516 1152 consul,
1550 1109 1738 1143 revectus
1777 1101 1823 1142 in

432 1166 576 1207 castra,
615 1159 668 1199 ad
709 1174 854 1200 omnes
893 1169 1033 1215 portas
1074 1159 1205 1201 milite
1247 1161 1449 1216 opposito,
1486 1159 1674 1201 hostibus
1713 1159 1823 1200 viam

432 1215 646 1257 clauserat.
710 1216 773 1258 Ea
803 1217 1038 1273 desperatio
1060 1217 1209 1258 Tuscis
1240 1217 1397 1258 rabiem
1428 1217 1570 1273 magis,
1593 1232 1719 1272 quam
1749 1231 1823 1258 au-

432 1273 607 1323 daciam,
649 1274 852 1316 accendit,
927 1273 1039 1316 Nam
1081 1290 1212 1331 quum
1256 1275 1527 1324 incursantes,
1569 1289 1821 1330 quacunque

432 1331 595 1371 exitum
636 1332 875 1374 ostenderet
915 1348 1021 1388 spes,
1058 1348 1165 1373 vano
1205 1332 1425 1388 aliquoties
1465 1332 1626 1388 impetu
1665 1331 1820 1381 issent3

430 1388 578 1443 globus
607 1389 805 1430 iuvenum
839 1405 947 1431 unus
975 1391 1018 1430 in
1049 1391 1185 1447 ipsum
1216 1390 1430 1432 consulem
1461 1390 1669 1447 insignem
1699 1389 1823 1430 armis

432 1446 603 1487 invadit.
667 1446 809 1488 Prima
840 1457 1017 1504 excepta
1044 1464 1068 1489 a
1095 1448 1457 1490 circumstantibus
1488 1447 1594 1489 tela:
1629 1447 1823 1488 sustineri

433 1503 588 1544 deinde
611 1504 671 1545 vis
701 1506 860 1561 nequit.
927 1505 1087 1546 Consul
1118 1506 1331 1547 mortifero
1358 1506 1529 1547 vulnere
1561 1506 1667 1547 ictus
1696 1504 1821 1554 cadit,

433 1560 597 1616 fusique
634 1562 743 1603 circa
778 1578 933 1604 ornnes.
997 1563 1145 1604 Tuscis
1180 1564 1327 1604 crescit
1362 1563 1560 1604 audacia:
1608 1562 1822 1604 Romanos

435 1627 566 1659 terror
586 1634 660 1675 per
680 1629 768 1661 tota
787 1630 920 1661 castra
940 1621 1124 1676 trepidos
1145 1621 1241 1675 agit.
1296 1621 1353 1661 Et
1373 1621 1426 1661 ad
1447 1629 1635 1662 extrema
1649 1628 1822 1661 ventum

432 1676 551 1725 foret,
583 1677 627 1717 ni
660 1677 799 1733 legati,
831 1687 949 1734 rapto
985 1675 1384 1735 consuliscorpore,
1416 1678 1708 1734 patefecissent
1738 1693 1823 1719 una

433 1742 553 1789 porta
568 1734 754 1776 hostibus
770 1736 891 1777 viam.
937 1735 999 1777 Ea
1014 1745 1263 1792 erumpunt3
1288 1745 1637 1792 consternatoque
1655 1736 1821 1792 agmine

434 1792 636 1833 abeuntes
676 1792 720 1833 in
759 1794 959 1835 victorem
1000 1793 1175 1835 alterum
1215 1794 1408 1834 incidunt
1449 1793 1674 1835 consulem.
1755 1792 1822 1834 Ibi

434 1848 587 1890 iterum
609 1850 718 1891 caesi
738 1850 902 1907 fusique
924 1851 1088 1907 passim.

492 1907 681 1949 Victoria
704 1909 871 1965 egregia
900 1917 1030 1965 parta,
1063 1909 1188 1950 tristis
1220 1918 1360 1950 tamen
1392 1909 1555 1950 duobus
1586 1917 1671 1950 tam
1701 1908 1822 1950 claris

433 1963 660 2006 funeribus.
724 1965 871 2022 Itaque
901 1966 1058 2016 consul,
1088 1967 1341 2008 decernente
1371 1975 1519 2008 senatu
1547 1966 1820 2022 triumphum,

435 2027 448 2044 ⁶
463 2022 507 2063 Si
524 2023 731 2064 exercitus
752 2024 840 2065 sine
863 2025 1112 2080 imperatore
1136 2024 1391 2080 triumphare
1413 2024 1552 2081 possit,
1570 2039 1646 2080 pro
1667 2023 1822 2065 eximia

436 2084 510 2121 ‘eo
543 2080 653 2122 bello
689 2096 816 2138 opera
847 2082 966 2123 facile
997 2083 1240 2138 passurum,'
1271 2082 1508 2138 respondit:
1554 2087 1634 2131 ‘se,
1665 2081 1822 2123 familia

435 2138 623 2179 ‘funesta
661 2138 714 2186 Q.
748 2139 865 2181 Fabii
895 2139 1029 2181 fratris
1064 2148 1210 2189 morte,
1242 2139 1455 2196 republica
1489 2155 1543 2180 ex
1573 2147 1689 2195 parte
1721 2139 1822 2180 orba

434 2195 628 2237 ‘consule
650 2195 780 2238 altero
802 2197 963 2247 amisso,
985 2197 1154 2253 publico
1175 2197 1420 2253 privatoque
1449 2197 1678 2238 deformem
1705 2196 1822 2238 luctu

435 2252 642 2294 ‘lauream
659 2269 745 2295 non
761 2256 1056 2311 accepturum.’
1118 2255 1248 2297 Omni
1265 2264 1357 2296 acto
1380 2254 1592 2311 triumpho
1608 2254 1821 2310 depositus

435 2311 669 2367 triumphus
690 2311 838 2353 clarior
857 2313 954 2353 fuit:
987 2312 1093 2354 adeo
1110 2321 1249 2369 spreta
1267 2312 1312 2353 in
1335 2321 1520 2368 tempore
1541 2311 1672 2368 gloria
1691 2311 1820 2352 inter-

433 2368 536 2409 dum
564 2369 814 2411 cumulatior
838 2370 958 2411 redit.
1022 2370 1188 2411 Funera
1218 2370 1373 2410 deinde
1402 2370 1487 2410 duo
1515 2369 1714 2425 deinceps
1734 2368 1820 2410 col-

435 2425 550 2481 legae
576 2426 796 2482 fratrisque
829 2427 970 2468 ducit:
1010 2427 1123 2468 idem
1154 2428 1199 2468 in
1230 2436 1408 2482 utroque
1438 2426 1640 2476 laudator,
1673 2441 1852 2482 quum,9

433 2483 706 2525 concedendo
727 2485 807 2525 illis
827 2501 920 2526 suas
947 2485 1104 2534 laudes,
1127 2485 1214 2541 ipse
1243 2485 1468 2525 maximam
1495 2493 1655 2540 partem
1677 2498 1820 2524 earum

433 2541 571 2582 ferret.
634 2541 788 2598 Neque
814 2542 1035 2584 immemor
1065 2543 1167 2591 eius,
1190 2543 1304 2598 quod
1330 2542 1450 2583 initio
1476 2541 1714 2582 consulatus
1740 2541 1819 2582 im-
1836 2558 1848 2578 1

434 2598 606 2648 biberat,
624 2599 921 2641 reconciliandi
937 2600 1097 2642 animos
1113 2599 1258 2656 plebis,
1273 2600 1432 2641 saucios
1449 2599 1603 2641 milites
1615 2598 1820 2640 curandos

479 2716 494 2748 7
526 2711 660 2748 Vanior]
703 2711 841 2741 Perinde
864 2712 929 2741 fere
945 2714 1003 2746 est„
1019 2721 1056 2741 ac
1079 2711 1104 2741 si
1148 2714 1214 2741 not.
1231 2718 1302 2750 450.

433 2752 621 2782 scriberetur
636 2755 743 2784 rarior
758 2754 852 2791 acies,
865 2755 951 2793 quod
966 2753 1021 2784 alii
1038 2763 1103 2783 ina-
1190 2763 1209 2793 9
1232 2755 1320 2784 Idem
1340 2755 1376 2783 in
1396 2759 1530 2794 utroque
1546 2754 1712 2791 laudator]
1747 2753 1817 2783 Hu-

434 2793 570 2824 luerunt.
595 2796 735 2826 STROTH.
1148 2795 1196 2826 ius
1222 2796 1299 2826 belli
1326 2796 1539 2827 narrationem
1566 2807 1605 2826 ex
1632 2795 1818 2826 funebribus

476 2836 494 2864 8
521 2837 657 2874 Triarii]
688 2839 818 2869 Scilicet
839 2840 1025 2869 subsidiarii
1048 2840 1103 2868 mi—
1149 2839 1298 2869 laudibus
1319 2839 1423 2878 gentis
1449 2839 1569 2869 Fabiae
1592 2839 1815 2878 depromptam

433 2877 514 2913 lites,
531 2878 650 2917 quippe
669 2881 752 2910 acies
769 2882 920 2912 Romana
942 2881 1002 2911 hoc
1025 2885 1103 2911 tem·
1149 2881 1244 2911 fuisse
1261 2881 1391 2911 coniicit
1408 2881 1541 2911 Niebhr.
1557 2881 1589 2911 ii.
1605 2890 1637 2919 p.
1657 2887 1725 2920 197.

434 2928 510 2957 pore
532 2929 619 2949 more
643 2922 820 2961 phalangis„
839 2934 902 2953 non
925 2924 1104 2963 manipula-
1195 2934 1206 2953 1
1232 2925 1421 2960 mez'herat]
1455 2924 1495 2954 In
1517 2922 1659 2952 animum
1683 2922 1814 2952 induxe-

433 2961 503 2997 tim,
535 2965 653 2992 structa
684 2965 798 2995 stabat.
843 2966 881 2995 cf.
910 2966 1042 2996 Niobhr.
1071 2966 1101 2996 ii.
1148 2970 1206 2996 rat.
1238 2966 1275 2996 ef.
1294 2966 1360 2996 Cic.
1380 2976 1435 3004 pro
1453 2965 1566 3000 Quint.
1583 2963 1611 2994 6.
