1934 3211
586 177 712 220 LIB.
747 176 871 218 VIII.
920 176 1068 218 CAP.
1106 180 1169 219 17.
1491 181 1572 222 471

172 271 322 328 Itaque
353 283 548 326 aggerem
576 277 619 309 et
649 268 791 308 vineas
824 266 923 322 egit,
957 275 1175 322 turresque
1209 282 1329 308 muro
1360 269 1569 310 admovit:
1589 282 1631 312 U.
1650 282 1687 314 C.
1705 293 1776 321 420.

171 342 349 384 quarum
378 341 500 367 usum
520 325 627 367 forte
655 324 796 366 oblata
815 323 1108 380 opportunitas
1134 325 1371 379 praevertit.
1436 325 1570 367 Nam·
1587 325 1623 355 A.
1649 326 1686 356 C.
1705 335 1776 366 33²·

168 399 252 440 que
274 383 337 425 M.
357 382 524 433 Fabius,
546 382 737 439 captivus
759 381 991 431 Romanus,
1007 396 1153 437 quum,
1171 396 1248 437 per
1267 381 1569 437 negligentiam

166 441 390 482 custodum
410 440 516 482 festo
543 440 612 481 die
634 439 813 481 vinculis
839 439 986 495 ruptis,
1009 453 1086 495 per
1106 453 1275 480 murum
1302 439 1414 479 inter
1441 454 1569 495 opera

167 497 472 548 Romanorum,
509 497 684 554 religata
719 497 774 538 ad
813 497 989 553 pinnam
1029 497 1138 538 muri
1178 506 1286 537 reste
1327 511 1565 553 suspensus,

163 556 359 598 manibus
405 571 448 597 se
490 555 748 604 demisisset3
800 553 987 611 perpulit
1027 554 1337 611 imperatorem,
1380 563 1428 595 ut
1467 555 1565 595 vino

163 613 385 670 epulisque
399 613 556 670 sopitos
570 613 710 654 hostes
723 612 1039 669 aggrederetur:
1073 627 1151 653 nee
1166 612 1321 653 maiore
1335 612 1564 653 certamine
1578 621 1675 652 Cales
1688 624 1789 655 Auso-

162 671 275 727 capti
288 686 386 712 cum
400 672 502 712 urbe
521 671 717 712 Ausones
734 679 844 719 sunt,
863 685 991 726 quam
1007 669 1095 711 acie
1112 669 1192 711 fusi
1209 678 1338 711 erant.
1402 669 1566 710 Praeda
1577 674 1655 737 gum
1673 667 1763 714 OPPJ·

162 737 285 785 capta
306 729 456 785 ingens
484 737 570 770 est:
603 728 898 785 praesidioque
930 727 1127 784 imposito
1158 726 1333 769 Calibus
1363 726 1562 769 reductae
1576 717 1655 780 nffff'
1673 718 1758 748 εἴιμ’

163 785 348 828 Romam
369 786 568 842 legiones.
634 785 797 827 Consul
818 801 871 826 ex
885 784 1247 827 senatusconsulto
1268 784 1560 841 triumphavit:
1577 791 1773 833 Triumphat

162 852 218 893 et,
255 859 310 885 ne
353 844 512 885 Atilius
547 858 697 900 expers
726 843 882 900 gloriae
923 851 1044 892 esset,
1076 842 1176 883 iussi
1216 841 1340 883 ambo
1370 842 1563 883 consules
1576 835 1624 883 Μ·
1640 836 1738 867 Vale-

161 901 360 943 adversus
384 901 593 943 Sidicinos
613 901 767 942 ducere
789 901 1034 942 exereitum.
1097 899 1366 940 Dictatorum
1388 908 1486 941 ante
1508 915 1563 941 ex
1574 887 1649 910 nus.

160 959 524 1001 senatusconsulto
546 959 812 1000 comitiorum
833 958 1127 999 habendorum
1143 972 1268 998 causa
1287 956 1490 998 dixerunt
1510 956 1560 998 L.
1577 960 1775 1010 DictatprL.

161 1016 396 1058 Aemilium
434 1015 757 1058 Mamercinum.
821 1014 863 1056 Is
899 1015 1143 1072 magistrum
1174 1014 1367 1070 equitum
1406 1014 1460 1062 Q.
1477 1014 1564 1056 Pu·
1576 1005 1747 1079 &enghuffl

159 1073 324 1115 blilium
338 1073 564 1115 Philonem
577 1073 697 1114 dixit.
746 1073 964 1114 Dictatore
979 1073 1150 1114 comitia
1165 1072 1563 1122 habente,eonsules
1577 1071 1622 1121 Α]
1641 1072 1679 1122 οἶ
1697 1059 1769 1130 ἒὲξζ

158 1131 287 1180 creati
300 1141 399 1172 sunt
416 1131 466 1172 T.
486 1131 702 1181 Veturius,
721 1131 790 1187 Sp.
808 1130 1062 1172 Postumius.
1128 1129 1220 1170 Etsi
1236 1129 1335 1170 belli
1349 1144 1443 1185 pars
1464 1145 1561 1171 cum
1576 1132 1615 1164 T·
1629 1133 1776 1171 Veturio,

161 1187 359 1230 Sidicinis
389 1189 594 1237 restabat3
628 1197 784 1238 tamen,
812 1197 858 1229 ut
888 1187 1096 1229 beneficio
1124 1187 1421 1243 praevenirent
1452 1187 1562 1229 desi-
1575 1176 1630 1215 Sp.
1646 1176 1672 1206 P
1675 1180 1760 1206 ostn-

127 1245 324 1290 8derium
364 1246 512 1302 plebis,
549 1245 602 1287 de
639 1245 803 1286 colonia
844 1244 1096 1286 deducenda
1134 1243 1259 1285 Cales
1299 1244 1558 1287 retulerunt:

157 1302 353 1358 factoque
384 1302 758 1352 senatusconsulto,
782 1311 829 1343 ut
849 1302 935 1343 duo
965 1301 1097 1342 millia
1117 1302 1342 1358 quingenti
1370 1302 1563 1344 homines

158 1375 209 1402 eo
244 1361 539 1409 scriberentur,
573 1360 811 1401 triumviros
842 1359 1031 1401 coloniae
1068 1359 1345 1401 deducendae
1377 1375 1562 1416 agroque

1094 1416 1144 1458 T.
1173 1416 1439 1467 Quinctium,
1497 1417 1560 1458 M.

1574 1218 1639 1249 mio
1656 1219 1746 1250 Coss.

158 1417 394 1458 dividundo
442 1426 691 1459 creaverunt
748 1417 803 1458 K.
828 1417 1037 1467 Duilium,

159 1474 348 1517 Fabium.

217 1532 331 1574 Novi
362 1532 517 1574 deinde
549 1532 753 1582 consules,
777 1548 801 1573 a
825 1533 1036 1574 veteribus
1067 1532 1257 1572 exercitu
1288 1540 1474 1587 accepto,
1497 1532 1562 1573 in-
1644 1537 1707 1578 17.

156 1591 286 1647 gressi
319 1590 501 1632 hostium
536 1590 655 1640 fines,
722 1589 935 1646 opulando
971 1604 1104 1645 usque
1139 1588 1193 1629 ad
1233 1589 1401 1630 moenia
1433 1598 1560 1645 atquc

157 1649 303 1690 urbem
326 1656 620 1704 pervenerunt.
684 1605 763 1697 ibi,
779 1647 891 1704 quia,
909 1646 1073 1703 ingenti
1095 1646 1286 1687 exercitu
1302 1656 1558 1703 comparato,

157 1704 335 1747 Sidicini
349 1714 392 1746 et
408 1705 487 1761 ipsi
501 1720 577 1762 pro
599 1714 788 1746 extrema
803 1720 876 1761 spe
893 1704 1136 1745 dimicaturi
1149 1704 1274 1745 enixe
1288 1703 1556 1755 videbantur,

154 1771 197 1804 et
220 1762 438 1804 Samnium
459 1763 570 1804 fama
590 1772 679 1803 erat
699 1762 856 1804 conciri
878 1762 932 1803 ad
960 1761 1141 1802 bellum:
1176 1761 1356 1803 dictator
1382 1762 1434 1803 ab
1455 1777 1556 1804 con-

153 1819 312 1862 sulibus
333 1835 386 1861 ex
407 1820 655 1861 auctoritate
677 1829 846 1861 senatus
867 1819 1005 1860 dictus
1027 1819 1074 1860 P.
1094 1818 1320 1860 Cornelius
1344 1818 1528 1861 Rufinus
1543 1836 1552 1869 3
1570 1825 1737 1873 I†-(⁷‹›3·¹¹e-

154 1878 351 1934 magister
381 1877 573 1933 equitum
606 1877 668 1918 Μ.
688 1877 915 1918 Antonius.
980 1876 1149 1932 Religio
1181 1876 1336 1918 deinde
1368 1869 1630 1940 incessit,{¹¹¹⁵
1645 1869 1746 1899 ‹heta-

152 1935 255 1979 vitio
276 1950 347 1976 eos
374 1943 557 1976 creatos:
592 1935 922 1990 magistratuque
948 1949 991 1975 se
1018 1934 1341 1975 abdicaverunt:
1377 1943 1432 1983 et,
1455 1936 1556 1990 quia
1583 1921 1626 1942 ω’

121 1992 391 2048 9pestilentia
425 1992 615 2032 insecuta
645 2001 720 2040 est,
751 1991 868 2031 velut
904 1991 1099 2031 omnibus
1134 2006 1185 2031 eo
1215 1991 1318 2031 vitio
1351 1993 1555 2033 contactis

153 2049 360 2105 auspiciis,
384 2064 448 2089 res
473 2048 526 2089 ad
554 2048 844 2102 interregnum
877 2047 1013 2088 rediit.
1078 2047 1148 2087 Ab
1179 2047 1421 2103 interregno
1447 2049 1553 2090 inito
1569 2056 1612 2087 U.
1630 2057 1668 2088 C.
1687 2068 1759 2096 422.

154 2121 229 2162 per
269 2106 464 2161 quintum
505 2104 677 2145 demum
719 2105 972 2160 interregem
1015 2103 1076 2144 M.
1103 2103 1320 2144 Valerium
1364 2104 1552 2146 Corvum
1568 2100 1605 2130 A.
1629 2101 1757 2139 Ο·330·

675 2161 687 2177 Ἰ
815 2162 822 2169 .
926 2161 933 2168 .
1241 2161 1250 2176 ,
1441 2162 1448 2169 .
1476 2162 1483 2170 .
1567 2143 1766 2174 A.Cornelio

154 2172 281 2204 ercan
329 2161 522 2204 consules
572 2163 624 2202 A.
651 2161 877 2203 Lornehus
925 2171 1075 2202 lterum
1125 2169 1167 2201 et
1215 2161 1296 2201 (211.
1322 2160 1772 2216 Dom1t1us.11,(=„‚1)0,

1565 2227 1655 2258 mitio
1671 2230 1761 2261 Coss.

195 2331 214 2360 8
238 2330 369 2362 Colonia
384 2330 567 2361 deducenda
584 2329 693 2366 Cales]
720 2329 828 2363 Quae,

152 2378 307 2412 tanquam
326 2372 532 2412 praesidium,
547 2381 658 2410 agrum
678 2371 826 2401 Falerna-

152 2419 231 2452 tem,
255 2426 381 2446 necnon
408 2414 490 2444 viam
517 2415 600 2444 inter
629 2414 767 2444 Romam
796 2417 826 2442 et

151 2458 300 2497 Capuam
325 2461 492 2488 tutaretur.
540 2457 633 2486 llaec
657 2466 729 2486 vero
750 2455 826 2485 Nie-

153 2499 268 2529 buhrio
285 2500 410 2530 videtur
425 2500 468 2530 iii.
488 2510 517 2538 p.
539 2509 605 2539 199.
622 2499 745 2529 colonia
767 2497 826 2536 pri-

153 2552 205 2572 mn
222 2543 340 2572 Latina
356 2542 464 2577 fuisse,
480 2552 563 2580 quae
586 2546 655 2580 post
675 2540 825 2570 Latinum

153 2594 268 2614 nornen
290 2584 388 2614 armis
407 2583 563 2614 Romanis
585 2583 748 2612 subditum
774 2583 825 2612 ‹lc-

151 2627 250 2657 ducta
268 2626 340 2662 fuit,
363 2636 405 2656 sc.
428 2636 467 2655 ex
493 2625 689 2661 Quiritibus,
704 2624 826 2655 civibus

151 2667 414 2707 municipalibun,
426 2673 457 2697 et
472 2667 566 2697 sociis
581 2678 684 2706 nequo
699 2667 826 2696 foedere

152 2710 269 2740 iunctis
292 2709 490 2748 conscripta.
517 2720 641 2739 necnon
663 2720 700 2738 eu
724 2708 823 2738 consi-

153 2752 195 2782 lio
211 2753 363 2784 deductu.
380 2757 413 2781 ut
433 2752 512 2781 tinen
532 2752 696 2781 Romanos
714 2756 825 2780 contrn

150 2805 239 2825 arma
256 2793 449 2824 Samnitium
469 2794 618 2823 lirmnret.

193 2848 213 2877 9
237 2838 327 2867 Velut
341 2837 503 2873 omnibus]
523 2835 597 2865 Non
615 2835 711 2864 modo
726 2834 824 2864 ‹lietu-

150 2879 226 2909 toris
249 2879 304 2909 ned
327 2879 495 2909 consulum
519 2876 688 2916 nunpiciin:
717 2877 824 2915 itaque

150 2926 206 2952 aut
233 2932 266 2952 so
291 2921 520 2952 abdicaverunt
542 2919 729 2959 magistratu
751 2929 823 2950 con-

873 2328 969 2361 sules,
999 2330 1055 2356 aut
1087 2325 1274 2365 magistratu
1303 2327 1470 2365 abeunth
1500 2339 1550 2359 eo—

873 2369 964 2399 mitia
990 2369 1262 2407 subrogandorum
1291 2370 1460 2400 consulum
1486 2381 1548 2402 non

874 2412 1065 2441 habuerunt.
1111 2410 1267 2440 Similiter
1290 2421 1375 2450 supr.
1395 2411 1432 2442 vi.
1456 2422 1483 2451 5.
1505 2415 1548 2445 [jc

872 2458 1108 2484 renovarentur
1129 2454 1288 2492 auspicia,
1312 2465 1361 2483 res
1384 2455 1427 2484 ml
1449 2456 1545 2486 inter—

871 2507 1003 2535 reynum
1034 2497 1136 2526 rediit.
1185 2495 1406 2533 Interregnum
1434 2502 1544 2528 nutem

872 2549 934 2569 nou
957 2538 1108 2572 inilmtur,
1125 2537 1182 2567 nisi
1202 2538 1332 2576 (mundo
1352 2538 1433 2568 nulli
1454 2544 1545 2570 erunt

871 2581 902 2611 in
917 2580 1082 2620 republica
1096 2580 1223 2610 curules
1239 2580 1450 2620 nmgistratus.
1486 2582 1546 2613 Pu-

871 2623 952 2653 tricii
973 2622 1103 2661 quidem
1129 2622 1270 2658 coibant,
1293 2628 1325 2652 et
1350 2633 1406 2661 per
1428 2634 1461 2654 se
1485 2623 1544 2663 ipsi

869 2664 1036 2704 :rumpit-uto
1052 2664 1240 2702 interregem
1258 2665 1446 2704 prodebant.
1480 2666 1545 2697 lta-

870 2718 932 2745 que
955 2717 1036 2736 nan-u
1062 2707 1157 2745 pluue
1173 2712 1261 2736 erum
1282 2707 1424 2746 auspiciu
1450 2707 1544 2739 inter-

870 2749 973 2785 reging
1005 2754 1038 2778 et
1063 2749 1153 2778 nullu
1176 2759 1213 2778 ex
1244 2754 1333 2788 purte
1362 2751 1546 2788 pendebant

869 2793 910 2821 ub
925 2790 1076 2830 nuspiciin
1092 2790 1333 2829 magistratuum
1358 2792 1433 2822 nuni
1457 2803 1545 2832 prae-

870 2833 1033 2863 cedentia:
1060 2838 1091 2863 ct
1108 2832 1131 2861 ni
1149 2833 1225 2872 quid
1248 2833 1277 2864 in
1301 2833 1350 2864 his
1367 2834 1432 2865 vitii
1452 2839 1546 2873 esset,

869 2875 949 2906 nihil
973 2876 1013 2907 ud
1034 2875 1091 2906 inu
1107 2875 1167 2907 lnoc
1186 2875 1297 2907 vitium
1314 2876 1474 2916 pertInere
1490 2888 1545 2918 po-

869 2922 960 2949 temt-
