1934 3211
429 184 483 223 56
943 178 1090 221 ΤΙΤΙ
1126 178 1304 221 LIVII

431 278 443 296 ‘
455 271 551 313 tatis
571 279 761 328 ereptum
787 271 1038 328 primoribus
1058 285 1203 327 agrum
1229 269 1511 312 sordidissimo
1531 268 1684 325 cuique
1705 267 1812 309 divi-

431 329 576 371 ‘sissez
610 329 752 370 omnia
777 344 916 378 onera,
939 343 1034 384 quae
1059 328 1298 369 communia
1317 327 1530 384 quondam
1556 325 1757 375 fuerint,
1745 340 1812 366 m-

430 393 443 411 ‘
454 387 652 428 clinasse
641 402 686 428 111
698 387 899 443 primores
911 385 1105 427 civitatis:
1138 386 1364 427 instituisse
1378 400 1562 434 censum,
1579 393 1626 425 ut
1637 383 1812 440 insignis

431 445 511 486 ‘ad
537 444 737 485 invidiam
764 444 1084 510 locupletiorum
1104 443 1271 485 fortuna
1297 452 1416 493 esset,
1438 452 1481 484 et
1504 450 1670 513 parata,
1681 441 1811 491 unde,

280 506 348 545 48.
432 502 529 544 ‘ubi
549 502 688 552 vellet,
709 501 984 567 egentissimis
1003 501 1232 557 largiretur.
1237 502 1246 519 '
1306 500 1421 542 Huic
1442 500 1618 542 orationi
1643 498 1812 541 Servius

429 575 561 617 quum
594 559 896 609 intervenisset,
928 558 1090 615 trepido
1119 558 1270 600 nuntio
1299 558 1517 623 excitatus,
1548 556 1759 612 extemplo
1789 571 1814 598 a

428 617 633 659 vestibulo
650 618 787 659 curiae
803 632 954 673 magna
973 631 1087 666 voce,
1112 615 1252 664 ‘Quid
1271 616 1377 665 hoc,’
1392 615 1543 671 inquit,
1567 621 1579 639 ‘
1592 613 1811 670 Tarquini,

430 675 517 717 ‘rei
541 676 635 716 est?
666 690 749 731 qua
769 684 815 716 tu
846 674 1018 716 audacia
1038 689 1104 715 me
1125 674 1219 714 vivo
1246 688 1391 714 vocare
1420 687 1543 714 ausus
1564 687 1608 713 es
1635 672 1812 713 Patres?

432 739 528 774 ‘aut
548 733 593 774 in
613 733 711 774 sede
733 732 949 774 considere
976 747 1093 772 mea.
1084 732 1119 761 ’θ’
1153 730 1298 779 Quum
1318 730 1388 772 ille
1408 730 1602 771 ferociter
1621 729 1674 771 ad
1694 729 1811 779 haec,

432 795 445 814 ‘
460 790 513 832 Se
533 791 660 847 patris
681 791 744 831 5111
766 799 907 831 tenere
928 789 1082 839 sedem,
1104 788 1249 839 multo,
1268 803 1393 844 quam
1414 803 1591 837 servum,
1607 787 1814 852 potiorem

432 848 590 889 ‘filium
610 848 718 904 regIS
738 847 855 904 regni
883 847 1104 888 heredem.
1137 847 1233 887 satis
1260 846 1375 887 illurn
1398 846 1472 886 dju
1498 860 1574 910 per
1600 844 1813 886 licentiam

432 911 444 930 ‘
457 905 699 946 eludentem
720 905 936 946 insultasse
958 904 1170 953 dominis3’
1201 903 1354 945 clamor
1374 904 1425 945 ab
1441 903 1658 959 utriusque
1679 903 1814 944 fauto-

430 962 544 1004 ribus
565 963 707 1013 oritur,
731 971 773 1004 et
793 977 1015 1004 concursus
1033 961 1187 1026 'populi
1206 961 1363 1003 fiebat
1352 977 1397 1002 in
1424 961 1608 1003 curiam·
1641 975 1814 1017 appare-

429 1020 596 1085 batque
605 1029 887 1076 regnaturum,
910 1019 984 1076 qui
1003 1019 1177 1060 vicisset.
1241 1019 1353 1060 Tum
1379 1018 1648 1074 Tarquinius,
1670 1033 1815 1060 neces-

430 1078 550 1118 sitate
585 1077 668 1118 iam
695 1078 785 1133 ipsa
813 1086 987 1133 cogente
1013 1076 1160 1117 ultima
1189 1077 1355 1125 audere,
1387 1076 1519 1117 multo
1546 1085 1589 1117 et
1613 1084 1747 1117 aetate
1772 1084 1816 1118 et

430 1135 585 1176 viribus
623 1135 810 1184 validior,
847 1134 1034 1175 medium
1075 1134 1218 1189 anipit
1261 1133 1473 1183 Servium3
1515 1133 1756 1190 elatumque
1791 1149 1815 1175 e

430 1192 545 1233 curia
579 1192 624 1233 in
653 1192 893 1233 inferiorem
905 1200 1083 1257 partem
1113 1206 1189 1247 per
1222 1191 1373 1247 gradus
1405 1191 1560 1232 deiicit.
1622 1191 1728 1232 Inde
1761 1191 1816 1232 ad

430 1250 666 1307 cogendum
693 1258 882 1291 senatum
902 1249 947 1289 in
975 1263 1131 1289 curiam
1151 1248 1271 1289 redit
1333 1248 1402 1289 Fit
1425 1248 1525 1305 fuga
1553 1249 1662 1314 regis
1689 1264 1816 1305 appa—

217 1312 343 1361 Servius
358 1313 404 1344 in·
430 1308 604 1349 rit01um
645 1317 785 1373 atque·
810 1307 1022 1348 comitum.
1104 1305 1197 1362 Ipse
1238 1321 1368 1363 prope
1408 1306 1643 1363 exsanguis,
1684 1322 1816 1363 quum

216 1356 377 1387 terfiffltur.
432 1366 666 1406 semianimi
700 1365 815 1422 regio
848 1365 1048 1406 comitatu
1081 1363 1253 1405 domum
1285 1379 1327 1405 se
1355 1364 1573 1429 reciperet,
1603 1364 1847 1430 pervenis-9

431 1432 576 1479 setque
609 1423 662 1464 ad
691 1438 900 1463 summum
933 1421 1140 1486 Cyprium
1170 1422 1322 1471 vicum,
1351 1422 1437 1463 ab
1426 1423 1488 1472 115,
1518 1422 1592 1478 qui
1621 1421 1735 1463 missi
1764 1422 1816 1464 ab

433 1480 666 1537 Tarquinio
679 1481 910 1536 fugientem
925 1479 1136 1520 consecuti
1150 1489 1281 1529 erant,
1295 1479 1555 1521 interficitur.
1603 1478 1815 1530 Creditur,

433 1538 532 1594 quia
560 1554 644 1579 non
678 1538 872 1579 abhorret
902 1552 926 1578 a
955 1545 1094 1578 cetero
1130 1536 1297 1587 scelere,
1328 1537 1545 1578 admonitu
1577 1537 1741 1579 Tulliae
1771 1537 1817 1579 id

432 1596 600 1637 sactum.
665 1595 878 1652 Carpento
908 1603 1019 1635 certe
1047 1594 1112 1649 (id
1142 1594 1256 1659 quod
1282 1594 1380 1635 satis
1407 1594 1625 1650 constat)'
1614 1610 1660 1635 111
1678 1595 1816 1636 forum

433 1653 610 1718 invecta,
643 1669 720 1696 1188
759 1653 937 1694 reverita
971 1661 1136 1693 coetum
1167 1652 1363 1701 virorum,
1397 1652 1584 1694 evocavit
1617 1652 1753 1693 virum
1792 1667 1816 1693 e

434 1711 571 1760 curia3
603 1726 829 1767 regemque
857 1711 992 1766 prima
1014 1709 1246 1766 appellavit.
1309 1709 1351 1750 A
1376 1725 1460 1765 quo
1488 1709 1718 1751 facessere
1708 1725 1818 1752 lussa

217 1772 345 1821 Tulliae
360 1772 417 1805 im·
434 1784 487 1811 ex
509 1777 626 1810 tanto
647 1768 830 1809 tumultu
846 1783 975 1824 quum
997 1782 1038 1808 se
1056 1768 1228 1808 domum
1244 1767 1458 1823 reciperet,
1475 1767 1815 1824 pervenissetque

218 1821 328 1856 paetas.
434 1826 487 1867 ad
519 1841 727 1867 summum
771 1825 975 1882 Cyprium
1011 1825 1161 1890 vicum,
1196 1825 1267 1865 ubi
1304 1824 1506 1866 Dianium
1539 1840 1674 1890 nuper
1711 1825 1845 1875 fuit31

434 1884 619 1925 flectenti
639 1892 883 1939 carpentum
904 1883 1088 1924 dextra
1078 1898 1122 1923 in
1146 1882 1326 1923 Urbium
1346 1882 1512 1932 clivum,
1534 1891 1582 1924 ut
1601 1883 1646 1924 in
1666 1856 1816 1924 colleni
1829 1896 1849 1918 2

435 1941 733 1997 Esquiliarium
768 1941 1026 1988 eveheretur,
1064 1940 1215 1981 restitit
1249 1940 1435 1996 pavidus,
1472 1949 1597 1996 atque
1633 1940 1818 1982 inhibuit

433 1999 570 2040 frenos
584 1999 630 2049 15,
646 1999 718 2054 qui
735 1999 922 2039 iumenta
937 1999 1096 2053 agebat,
1112 1998 1401 2053 iacentemque
1416 1998 1609 2039 dominae
1625 1997 1816 2039 Servium

434 2056 688 2098 trucidatum
701 2056 894 2097 ostendit.
947 2055 1135 2096 Foedum
1147 2055 1507 2111 inhumanumque
1524 2055 1622 2097 inde
1639 2055 1818 2097 traditur

434 2113 579 2164 scelus,
602 2122 959 2169 monumentoque
980 2112 1096 2154 locus
1111 2121 1190 2154 est·
1227 2112 1484 2154 Sceleratum
1499 2113 1638 2154 vicum
1652 2122 1814 2163 vocant,

434 2187 518 2227 quo
534 2187 689 2221 amens,
704 2171 956 2228 agitantibus
969 2171 1085 2211 furiis
1105 2171 1253 2212 sororis
1274 2186 1321 2211 ac
1336 2171 1427 2220 viri,
1442 2170 1584 2212 Tullia
1593 2185 1670 2227 per
1687 2171 1816 2227 patris

434 2244 583 2285 corpus
615 2238 862 2285 carpentum
891 2229 1021 2285 egisse
1057 2228 1208 2277 fertur3
1250 2237 1495 2284 partemque
1525 2229 1737 2284 sanguinls
1767 2243 1815 2270 ac

434 2287 573 2328 caedis
593 2296 789 2343 paternae
811 2294 984 2327 cruento
1009 2285 1215 2335 vehiculo,
1237 2286 1518 2327 contaminata
1543 2286 1633 2342 ipsa
1655 2301 1816 2351 resper-

434 2359 574 2400 saque,
607 2344 747 2385 tulisse
778 2343 831 2384 ad
861 2352 1033 2400 penates
1063 2358 1157 2384 suos
1185 2343 1347 2399 virique
1380 2343 1465 2384 sui:
1504 2344 1657 2399 quibus
1687 2343 1814 2393 iratis,

475 2478 495 2508 9
519 2470 625 2505 Quum
647 2467 842 2504 semianimi]
888 2466 980 2496 Haec
1007 2467 1103 2496 verba
1145 2466 1230 2496 haud
1254 2467 1365 2505 procul
1390 2466 1525 2496 Bovillis
1548 2466 1616 2497 fuit.
1643 2466 1731 2497 Pers.
1747 2467 1814 2499 Sat.

433 2521 532 2550 usque
558 2511 599 2540 ad
623 2512 643 2525 “
657 2509 812 2549 Cyprium
842 2509 994 2545 Vicum‚”
1020 2519 1102 2547 quae
1147 2508 1185 2539 vi.
1208 2518 1257 2548 55.
1303 2510 1436 2539 Orbium
1457 2509 1581 2540 videtur
1601 2509 1684 2540 velle
1701 2509 1816 2541 Festus

436 2553 718 2583 Drakenborchius
740 2562 907 2591 perperam
929 2552 1043 2582 iterata
1057 2551 1102 2581 iu-
1146 2551 1231 2581 “cui
1260 2561 1376 2581 nomen
1412 2561 1432 2581 a
1465 2551 1614 2582 flexuosis
1649 2552 1816 2583 orbibus.”

434 2595 563 2633 dicavit,
579 2595 697 2625 omittit
714 2595 853 2625 Bekker.
877 2598 988 2624 contra
1011 2594 1101 2625 codd.
1148 2594 1236 2623 Huic
1250 2604 1425 2631 cognomen
1436 2595 1580 2625 scelerati
1596 2594 1733 2625 haesisse
1744 2605 1813 2635 pro-

434 2638 540 2669 fidem,
1146 2635 1250 2666 babile
1266 2640 1332 2672 est3
1353 2640 1437 2667 certe
1452 2647 1516 2667 non
1532 2637 1653 2676 Cyprio
1669 2637 1764 2675 Vico,
1777 2641 1815 2668 ut

480 2690 491 2710 1
518 2681 693 2717 Dianium]
724 2679 830 2710 Locus
853 2678 978 2709 Dianae
1001 2688 1100 2709 sacra·
1146 2682 1269 2709 constat
1291 2689 1331 2709 ex
1354 2679 1445 2709 Varr.
1462 2680 1502 2709 de
1519 2680 1555 2710 L.
1573 2680 1610 2710 L.
1626 2680 1666 2710 iv.
1683 2679 1737 2720 qui
1751 2691 1814 2711 sce-

435 2725 496 2759 tus,
515 2734 553 2752 ex
576 2723 683 2761 Festo,
705 2723 792 2762 apud
815 2732 910 2761 quem
934 2722 1102 2762 legendum
1146 2723 1283 2753 leo-atum
1312 2723 1418 2752 Vicum
1446 2722 1532 2752 haud
1555 2723 1667 2762 procul
1693 2722 1814 2763 Cyprio

435 2774 501 2794 esse
532 2766 701 2801 Dianium,
734 2775 797 2794 non
831 2766 983 2801 Dimum,
1020 2767 1105 2794 recte
1148 2763 1243 2794 fuisse
1267 2764 1373 2794 scribit
1390 2776 1417 2795 v.
1435 2765 1581 2804 Cyprius.
1621 2765 1722 2796 Haud
1748 2765 1813 2795 scio

435 2811 541 2836 censet
560 2807 620 2837 Ios,
638 2807 786 2846 Scaliger.
832 2807 1100 2842 QuomodoDz'a-
1144 2816 1185 2836 an
1216 2807 1325 2837 fabula
1354 2807 1394 2837 de
1426 2806 1536 2838 Diana
1566 2811 1598 2838 et
1629 2807 1813 2847 Hippolyto

433 2850 535 2885 nium,
561 2849 605 2878 sic
632 2854 663 2879 et
688 2851 899 2885 Minervium,
925 2854 957 2879 et
992 2850 1100 2879 Vult-a·
1145 2847 1292 2889 (Virbio)
1309 2860 1359 2889 ap.
1378 2849 1466 2889 Virg.
1489 2851 1569 2880 Aen.
1593 2849 1644 2880 vii.
1666 2850 1734 2889 778.
1757 2859 1811 2880 no-

434 2892 521 2920 nium
539 2890 711 2921 dicebatur.
735 2892 840 2922 szv.
1145 2891 1223 2922 mini
1242 2891 1355 2921 Virbio
1371 2892 1466 2923 fidem
1483 2893 1643 2923 adstruere
1655 2892 1779 2922 debeat.

478 2943 492 2963 2
523 2934 672 2969 Urbium]
727 2934 834 2972 Vulgo
864 2933 1021 2967 Virbium,
1048 2933 1101 2972 qui
