1934 3211
556 177 680 219 LIB.
715 177 794 218 ΙΙΙ.
843 178 990 219 CAP.
1025 183 1091 220 61.
1443 185 1522 222 211

160 267 233 308 uid
256 268 418 309 abesset
437 267 601 317 virium,
624 267 908 308 detrectavere
931 281 1129 323 pugnam,
1152 270 1283 309 crevit
1307 271 1521 326 extemplo
1537 283 1579 314 U.
1597 284 1635 315 C.
1656 283 1727 322 306-

129 282 333 366 {omanis
368 324 544 374 animus,
581 333 625 365 et
658 339 735 380 pro
770 324 890 365 victis
925 324 1136 365 habebant
1171 335 1371 380 paventes
1412 326 1574 368 intra-*¹-
1598 327 1726 365 Ο·446·

127 380 294 421 vallum.
361 380 507 429 Quum
531 396 608 437 per
635 389 770 422 totum
791 380 904 422 diem
931 381 1143 423 stetissent
1169 382 1323 424 intenti
1351 383 1404 424 ad
1432 399 1521 425 eer-

127 446 281 486 tamen,
303 438 418 479 nocti
446 453 617 479 cessere.
682 437 738 479 Et
761 438 942 479 Romani
971 438 1144 494 quidem
1172 439 1286 495 pleni
1314 441 1404 496 spei
1432 456 1522 482 cor-

97 543 102 550 !
125 508 228 550 pora
247 495 459 536 curabant.
524 494 868 551 Haudquaquam
896 495 984 551 pari
1016 495 1157 537 hostes
1184 497 1324 538 animo
1352 499 1522 539 nuntios

125 551 278 607 passim
304 551 456 608 trepidi
485 552 538 593 ad
565 553 820 594 revocandos
848 552 1114 608 praedatores
1135 553 1367 595 dimittunt.
1433 555 1521 596 Re-

125 608 306 650 curritur
337 624 390 650 ex
422 610 624 664 proximis
657 609 784 659 locis3
823 609 1041 651 ulteriores
1077 626 1163 652 non
1196 611 1368 653 inventi.
1434 611 1520 653 Ubi

124 665 277 716 illuxit,
311 666 525 722 egreditur
560 667 702 708 eastris
740 667 970 717 Romanus,
1008 667 1164 709 vallum
1204 669 1433 719 invasurus,
1476 669 1521 710 ni

123 723 245 779 copia
277 738 444 780 pugnae
481 724 625 765 fieret:
665 733 720 774 et,
752 733 973 781 postquam
1011 725 1143 766 multa
1177 726 1260 766 iam
1291 726 1381 768 dies
1417 736 1518 775 erat,

123 794 263 836 neque
296 781 542 822 movebatur
569 782 796 837 quicquam
831 782 882 823 ab
915 782 1047 831 hoste,
1074 783 1192 824 iubet
1223 784 1255 824 si
1288 799 1343 824 na
1374 784 1520 825 inferri

123 837 295 879 consul:
335 847 533 894 motaque
565 839 667 888 acie,
700 839 934 895 indignatio
966 840 1141 895 Aequos
1172 849 1214 881 et
1291 841 1422 882 olseos
1454 841 1520 882 in-

123 895 260 944 cessit,
283 895 317 936 si
344 896 524 937 victores
554 895 764 937 exercitus
792 896 947 937 vallum
978 898 1130 952 potius,
1160 913 1286 953 quam
1315 899 1446 940 virtus
1476 907 1519 939 et

123 966 237 993 arma
258 961 460 1009 tegerent.
523 952 660 1009 Igitur
686 961 728 994 et
756 953 833 1009 ipsi
863 953 1137 1009 efflagitatum
1159 955 1210 996 ab
1238 955 1416 996 ducibus
1437 956 1520 1011 sig-

122 1023 226 1050 num
253 1024 420 1066 pugnae
451 1025 662 1066 accepere.
726 1009 900 1066 Iamque
932 1026 1028 1066 pars
1060 1026 1224 1067 egressa
1255 1013 1384 1068 portis
1417 1022 1518 1062 erat,

122 1065 406 1123 deincepsque
430 1067 499 1108 alii
520 1068 739 1109 servabant
761 1068 965 1117 ordinem,
984 1068 1028 1108 in
1045 1084 1167 1109 suum
1185 1070 1363 1125 quisque
1380 1070 1519 1112 locum

121 1122 439 1174 descendentes,
477 1139 610 1180 quum
650 1125 795 1166 consul
834 1124 1052 1166 Romanus
1093 1127 1220 1182 prius,
1259 1142 1385 1182 quam
1421 1128 1519 1168 totis

89 1180 278 1224 4viribus
312 1182 418 1223 fulta
452 1191 662 1223 constaret
699 1182 882 1223 hostium
919 1183 1043 1232 acies,
1079 1183 1222 1225 intulit
1257 1185 1399 1239 signa:
1445 1185 1519 1225 ad-

121 1247 321 1294 ortusque
358 1255 436 1280 nec
473 1254 618 1280 omnes
654 1239 755 1280 dum
793 1239 980 1289 eductos,
1018 1256 1109 1290 nec,
1144 1241 1216 1296 qui
1253 1250 1383 1290 erant,
1421 1242 1518 1283 satis

121 1295 340 1352 explicatis
375 1297 603 1345 ordinibus,
635 1311 765 1352 prope
797 1297 1070 1338 fluctuantem
1104 1299 1267 1339 turbam
1304 1299 1518 1354 trepidan-

121 1353 227 1394 tium
261 1353 344 1394 huc
377 1363 504 1410 atque
538 1354 649 1403 illue,
685 1353 1209 1410 circumspectantiumque
1245 1371 1288 1396 se
1325 1371 1372 1396 ac
1408 1371 1516 1405 suos,

121 1410 267 1452 addito
298 1412 472 1452 turbatis
509 1412 721 1452 mentibus
756 1411 935 1452 clamore
971 1421 1097 1467 atque
1134 1413 1308 1468 impetu,
1341 1413 1513 1454 invadit.

123 1466 326 1509 Retulere
351 1469 486 1525 primo
511 1468 664 1524 pedem
690 1468 855 1509 hostes:
890 1468 1058 1517 deinde,
1082 1484 1214 1524 quum
1243 1469 1403 1510 animos
1431 1470 1517 1511 col-

122 1524 332 1581 legissent,
363 1535 405 1567 et
438 1525 626 1581 undique
657 1525 797 1575 duces,
832 1526 1033 1567 ‘victisne
1067 1526 1221 1567 cessuri
1255 1527 1419 1576 essent,'
1451 1528 1516 1568 in-

121 1592 353 1639 creparent,
375 1583 609 1624 restituitur
637 1598 790 1639 pugna.
856 1583 1018 1624 Consul
1047 1599 1100 1625 ex
1126 1583 1255 1625 altera
1283 1593 1399 1640 parte
1428 1585 1516 1626 Ro-
1599 1584 1665 1622 61.

122 1654 266 1681 manos
300 1645 311 1664 ‘
326 1640 591 1688 meminisse‚'
613 1640 797 1689 iubebat,
832 1640 928 1681 ‘illo
953 1640 1022 1682 die
1050 1641 1233 1697 primum
1259 1641 1412 1683 liberos
1439 1658 1515 1698 pro

123 1696 282 1738 ‘libera
322 1699 423 1739 urbe
462 1697 656 1738 Romana
694 1712 894 1753 pugnare.
961 1698 1139 1740 Sibimet
1180 1699 1278 1754 ipsis
1318 1700 1513 1750 victuros,

122 1759 236 1795 ‘non
271 1763 318 1796 ut
351 1755 685 1796 decemvirorum
717 1755 896 1796 victores
932 1756 1164 1811 praemium
1198 1766 1348 1797 essent.
1412 1757 1515 1798 Non

121 1817 134 1835 ‘
151 1811 294 1868 Appio
315 1812 423 1854 duce
446 1828 533 1854 rem
555 1813 657 1869 geri,
679 1812 753 1853 sed
779 1813 949 1854 consule
973 1812 1156 1863 Valerio,
1179 1829 1204 1854 a
1224 1813 1515 1856 liberatoribus

122 1869 294 1925 ‘populi
325 1869 508 1911 Romani
538 1879 642 1920 orto,
680 1869 899 1911 liberatore
927 1870 1028 1926 ipso.
1095 1870 1395 1921 Ostenderent,
1430 1873 1516 1928 pri-

122 1926 290 1968 ‘oribus
324 1927 493 1983 proeliis
529 1943 604 1984 per
636 1927 777 1976 duces,
815 1942 900 1968 non
936 1943 1012 1983 per
1047 1928 1214 1977 milites,
1248 1929 1423 1978 stetisse,
1461 1945 1514 1971 ne

121 1988 134 2008 ‘
149 1983 376 2025 vincerent.
440 1985 585 2040 Turpe
608 1999 710 2033 esse,
733 1993 881 2025 contra
901 1985 1011 2025 cives
1039 1985 1133 2040 plus
1154 1986 1282 2025 animi
1305 1986 1512 2036 habuisse,

122 2045 276 2097 ‘quam
313 2050 459 2083 contra
498 2041 662 2082 hostes:
712 2049 753 2081 et
789 2041 917 2089 domi,
954 2056 1079 2096 quam
1122 2042 1231 2090 foris,
1269 2044 1511 2084 servitutem

123 2103 134 2121 ‘
151 2098 281 2153 magis
303 2098 500 2139 timuisse.
567 2098 706 2138 Unam
726 2097 961 2152 Virginiam
984 2098 1122 2145 fuisse,
1145 2098 1264 2138 euius
1286 2099 1512 2153 pudicitiae

123 2154 194 2195 ‘in
236 2170 337 2211 pace
378 2154 610 2211 periculum
652 2162 784 2195 essct:
831 2169 962 2194 unum
1000 2156 1037 2195 A
1061 2154 1190 2210 ›pium
1227 2155 1361 2196 civem
1403 2157 1514 2212 peri-

123 2211 315 2253 ‘eulosae
349 2212 545 2253 libidinis.
610 2212 681 2260 At,
711 2211 744 2251 si
778 2212 945 2252 fortuna
977 2211 1073 2252 beli
1110 2211 1295 2259 inclinet,
1322 2214 1511 2254 omnium

122 2269 289 2311 ‘liberis
324 2270 375 2310 ab
412 2278 473 2310 tot
510 2268 691 2309 millibus
727 2269 908 2309 hostium
945 2269 1177 2325 perieulum
1214 2269 1312 2310 fore.
1384 2270 1510 2312 Nolle

122 2332 134 2351 ‘
150 2327 340 2375 ominari,
363 2343 470 2383 quae
492 2342 571 2368 nec
595 2326 767 2382 Iupiter,
791 2342 868 2367 nec
892 2326 1008 2367 Mars
1034 2335 1151 2382 pater
1176 2328 1332 2382 passuri
1358 2328 1439 2369 sint
1463 2328 1512 2368 iis

121 2384 343 2441 ‘auspiciis
387 2384 582 2425 conditae
634 2384 724 2424 urbi
771 2384 986 2425 accidere.’
1061 2385 1262 2424 Aventini
1313 2385 1512 2441 Sacrique

120 2442 274 2483 montis
295 2442 560 2489 admonebat,
594 2448 604 2464 ⁶
623 2451 681 2489 ut,
706 2441 774 2482 ubi
799 2441 965 2482 libertas
986 2451 1103 2498 parta
1123 2452 1229 2482 esset
1252 2443 1394 2498 paucis
1415 2453 1510 2484 autc

91 2505 134 2545 5‘
151 2499 375 2549 mensibus,
399 2516 449 2540 eo
472 2499 692 2555 imperium
723 2498 928 2540 illibatum
960 2499 1187 2540 referrent:
1223 2500 1512 2541 ostenderent-

121 2562 247 2605 ‘tue,
284 2557 460 2598 candem
503 2556 686 2597 indolem
729 2556 930 2597 militibus
970 2556 1170 2597 Romanis
1211 2566 1303 2612 post
1344 2567 1512 2598 exactos

124 2573 409 2654 ‘decemviros
439 2629 539 2661 esse,
563 2629 669 2669 quae
701 2622 797 2653 ante
830 2623 988 2654 creatos
1019 2614 1168 2653 inerit:
1204 2629 1294 2661 uec,
1324 2630 1384 2654 ac(
1407 2615 1513 2655 uatis

123 2677 135 2695 ‘
152 2670 325 2725 legibus,
349 2670 611 2711 imminutam
634 2670 828 2711 virtutem
852 2671 995 2726 populi
1024 2671 1203 2711 Romani
1226 2673 1341 2712 esse?
1418 2672 1512 2713 [aec

166 2801 184 2827 4
201 2789 406 2828 Adur-Iusque
422 2797 479 2818 nec
494 2797 599 2816 omnen
613 2787 687 2815 dum
704 2787 795 2816 educ·
841 2786 968 2817 ordines
985 2787 1179 2818 hunniam-nt.
1203 2788 1309 2819 (fiel-tv.

122 2832 185 2869 lon]
215 2831 418 2869 Adortusque
442 2840 508 2866 eun,
530 2839 628 2868 quum
658 2828 795 2858 necdum
887 2839 903 2867 5
930 2831 1109 2867 Illibanum]
1138 2830 1241 2861 Nullis
1257 2831 1349 2861 clude
1365 2831 1511 2863 imminu-

123 2883 235 2904 omnen
250 2872 357 2903 educti
375 2877 492 2907 omont,
508 2882 566 2901 nec
583 2871 616 2906 ii,
631 2870 684 2909 qui
707 2875 796 2900 orant
842 2875 921 2902 ttun.
947 2873 986 2903 cs.
998 2872 1068 2904 infr.
1081 2873 1147 2904 xlii.
1160 2882 1208 2913 30.
1233 2874 1365 2905 illibatis
1379 2875 1512 2906 viribus.

123 2915 244 2953 educti,
259 2915 336 2947 mitis
351 2914 505 2954 temporis
527 2914 567 2945 nd
589 2912 799 2953 explicando„
845 2914 958 2946 ΙηιΛκ.

1222 2961 1290 2998 Ρ2
