1934 3211
181 310 225 342 U.
242 311 280 342 C.
298 311 369 350 284.

180 354 219 385 A.
243 355 280 386 C.
297 353 370 393 468.

180 538 268 568 Ante
283 536 363 568 iudi-

182 580 267 610 cium
284 591 365 610 mor-

181 624 223 653 bo
242 623 384 654 moritur.

251 1811 317 1850 63.

181 1867 226 1899 U.
244 1868 281 1898 C.
300 1867 370 1905 285.

181 1912 219 1941 A.
245 1911 281 1941 C.
300 1909 369 1948 467.

180 1954 220 1984 T.
240 1953 354 1983 Numi-

178 1996 241 2033 cio,
259 1997 297 2026 A.
313 1995 383 2025 Vir-

178 2039 264 2079 ginio
282 2040 369 2070 Coss.

181 2338 313 2368 Bellum

177 2392 253 2410 cum
266 2380 385 2420 Aequis

179 2428 213 2454 et
226 2425 361 2455 Volscis.

909 214 1058 258 ΤΙΤΙ
1099 214 1277 258 LIVII

397 304 610 347 consulem
651 306 856 348 timuerat.
942 306 1081 349 Semel
1121 321 1287 349 causam
1331 305 1451 356 dixit,
1493 320 1578 361 quo
1621 318 1786 360 semper

398 378 519 420 agere
541 364 682 406 omnia
702 364 846 406 solitus
868 373 969 415 erat,
992 365 1246 406 accusatorio
1268 364 1441 421 spiritu:
1475 363 1664 419 adeoque
1685 377 1786 403 con·-

397 422 549 462 stantia
569 437 642 463 sua
663 431 705 464 et
726 423 915 464 tribunos
937 423 1214 479 obstupefecit
1241 431 1284 463 et
1303 421 1482 478 plebem,
1505 429 1552 462 ut
1573 420 1686 461 diem
1706 419 1786 476 ipsi

398 494 472 520 sua
509 479 723 521 voluntate
764 480 1056 536 prodicerent:
1110 480 1219 521 trahi
1259 480 1413 521 deinde
1455 494 1543 520 rem
1587 479 1782 519 sinerent.

400 536 529 578 Haud
564 537 623 578 ita
657 538 837 579 multum
878 538 1045 579 interim
1086 538 1283 594 temporis
1322 537 1411 578 fuit.
1474 536 1588 577 Ante
1630 545 1783 584 tamen,

399 610 525 651 quam
552 595 743 651 prodicta
767 596 856 637 dies
877 596 1051 645 veniret,
1074 597 1219 636 morbo
1248 596 1433 636 moritur.
1498 593 1632 635 Cuius
1653 608 1784 649 quum
1801 607 1813 628 1

398 653 682 694 laudationem
733 653 888 694 tribuni
939 653 1072 709 plebis
1112 653 1314 708 impedire
1365 660 1625 702 conarentur,
1666 651 1786 707 plebs

398 710 577 751 fraudari
609 710 785 751 sollenni
814 710 970 751 honore
1002 725 1243 766 supremum
1265 710 1378 750 diem
1398 710 1503 750 tanti
1524 709 1602 749 viri
1622 708 1783 758 noluit3

398 778 441 809 et
473 768 755 809 laudationem
784 776 867 808 tam
897 768 1040 823 aequis
1074 768 1240 808 auribus
1273 768 1427 808 mortui
1460 767 1631 816 audivit,
1659 781 1786 822 quam

398 826 480 866 vivi
517 825 823 866 accusationem
858 825 1070 875 audierat3
1113 834 1156 866 et
1191 825 1410 881 exsequias
1445 825 1641 880 frequens
1677 823 1786 865 cele-

398 883 541 924 bravit.

457 940 620 981 Eodem
650 956 760 981 anno
792 940 987 982 Valerius
1017 941 1174 991 consul,
1201 956 1296 982 eum
1325 940 1513 982 exercitu
1541 940 1585 981 in
1612 939 1786 996 Aequos

397 998 618 1054 profectus,
651 1014 782 1054 quum
815 998 976 1040 hostem
1011 999 1064 1040 ad
1099 999 1302 1055 proelium
1335 999 1485 1040 elicere
1516 1013 1602 1039 non
1631 1006 1784 1055 posset,

397 1065 528 1097 castra
555 1071 796 1112 oppugnare
826 1066 887 1098 est
913 1057 1092 1098 adortus.
1155 1056 1378 1098 Prohibuit
1401 1056 1524 1098 foeda
1547 1064 1784 1112 tempestas,

396 1130 492 1155 eum
513 1114 716 1170 grandine
739 1130 785 1155 ac
813 1115 1035 1155 tonitribus
1066 1114 1182 1156 coelo
1211 1115 1384 1156 deiecta.
1447 1114 1785 1155 Admirationem

396 1172 550 1213 deinde
573 1172 702 1222 auxit,
725 1172 844 1228 signo
865 1173 1051 1228 receptui
1077 1172 1188 1221 dato,
1212 1172 1316 1213 adeo
1342 1171 1566 1228 tranquilla
1585 1171 1784 1213 serenitas

396 1230 581 1271 reddita:
616 1238 675 1279 ut,
699 1230 814 1271 velut
834 1231 1007 1272 numine
1037 1230 1176 1287 aliquo
1200 1230 1370 1271 defensa
1390 1238 1522 1270 castra
1541 1244 1783 1286 oppugnare

396 1288 562 1337 iterum,
598 1287 744 1344 religio
778 1288 912 1329 fuerit.
978 1287 1128 1330 Omnis
1163 1288 1224 1329 ira
1257 1288 1356 1329 belli
1387 1287 1441 1328 ad
1469 1287 1784 1343 populationem

397 1346 483 1401 agri
499 1345 634 1386 vertit.
698 1345 821 1387 Alter
837 1346 981 1387 consul
999 1346 1207 1387 Aemilius
1223 1346 1267 1386 in
1287 1345 1449 1387 Sabinis
1464 1345 1621 1386 bellum
1637 1345 1782 1402 gessit:

397 1411 440 1444 et
467 1403 537 1452 ibi,
565 1403 664 1459 quia
694 1403 824 1444 hostis
852 1404 1072 1445 moenibus
1099 1419 1141 1445 se
1174 1405 1355 1454 tenebat,
1386 1404 1534 1444 vastati
1559 1403 1647 1460 agri
1673 1411 1782 1445 sunt.

397 1459 611 1501 Incendiis
643 1461 809 1510 deinde,
838 1476 925 1501 non
951 1461 1143 1502 villarum
1171 1462 1308 1512 modo,
1331 1461 1405 1503 sed
1429 1461 1554 1502 etiam
1583 1461 1784 1511 vicorum,

396 1518 548 1573 quibus
569 1518 811 1574 frequenter
830 1518 1107 1569 habitabatur,
1134 1519 1275 1560 Sabini
1298 1519 1437 1569 exciti,
1459 1534 1592 1575 quum
1611 1518 1786 1576 praeda-

397 1576 555 1616 toribus
591 1577 878 1625 occurrissent,
912 1577 1083 1632 ancipiti
1116 1576 1274 1632 proelio
1304 1577 1489 1633 digressi,
1521 1585 1686 1633 postero
1717 1575 1784 1618 die

395 1633 576 1674 retulere
618 1642 750 1674 castra
789 1634 833 1674 in
866 1634 1019 1675 tutiora
1057 1634 1157 1675 loca.
1221 1634 1272 1675 Id
1308 1635 1404 1675 satis
1439 1634 1600 1676 consuli
1635 1634 1782 1684 visum,

398 1706 472 1731 eur
506 1706 581 1747 pro
612 1691 721 1732 victo
751 1691 1007 1748 relinqueret
1038 1691 1214 1742 hostem,
1245 1692 1410 1748 integro
1444 1692 1543 1733 inde
1574 1691 1785 1734 decedens

397 1748 519 1790 bello.

456 1805 572 1847 Inter
599 1806 701 1848 haee
733 1806 852 1856 bella,
875 1817 1070 1848 manente
1099 1807 1306 1849 discordia
1333 1807 1461 1857 domi,
1484 1806 1535 1848 T.
1560 1806 1784 1849 Numicius

398 1863 576 1914 Priscus,
600 1865 653 1905 A.
679 1864 897 1921 Virginius
925 1865 1114 1906 consules
1135 1865 1244 1906 faeti.
1308 1865 1409 1906 Non
1437 1865 1547 1906 ultra
1565 1865 1785 1907 videbatur

397 1921 531 1962 latura
550 1922 693 1978 plebes
714 1922 958 1964 dilationem
979 1923 1161 1979 agrariae
1189 1923 1304 1979 legis,
1327 1923 1556 1979 ultimaque
1585 1923 1646 1964 vis
1666 1938 1785 1979 para-

397 1980 530 2029 batur,
564 1995 707 2035 quum,
741 1980 916 2021 Volscos
946 1980 1101 2030 adesse,
1127 1981 1242 2022 fumo
1274 1996 1327 2022 ex
1358 1980 1563 2022 incendiis
1592 1980 1784 2022 villarum

396 2037 578 2093 fugaque
615 2037 839 2093 agrestium
880 2038 1094 2094 cognitum
1134 2047 1205 2079 est.
1270 2038 1332 2079 Ea
1362 2053 1427 2080 res
1462 2047 1666 2079 maturam
1701 2038 1785 2080 iam

397 2095 647 2136 seditionem
688 2110 735 2136 ac
775 2111 904 2152 prope
946 2105 1236 2152 erumpentem
1277 2095 1481 2152 repressit.
1565 2094 1783 2146 Consules,

398 2152 530 2193 coacti
551 2152 763 2209 extemplo
781 2153 831 2193 ab
853 2162 1001 2194 senatu
1017 2154 1071 2194 ad
1090 2154 1260 2204 bellum,
1279 2154 1431 2196 educta
1447 2169 1500 2195 ex
1520 2154 1622 2195 urbe
1639 2153 1785 2195 iuven-

398 2218 500 2260 tute,
530 2210 861 2267 tranquilliorem
892 2220 1074 2253 ceteram
1102 2211 1269 2268 plebem
1296 2212 1496 2253 fecerunt.
1560 2210 1617 2252 Et
1645 2211 1785 2253 hostes

397 2268 581 2324 quidem,
611 2268 718 2308 nihil
746 2268 860 2309 aliud
888 2285 1014 2325 quam
1045 2269 1221 2325 perfusis
1250 2285 1357 2311 vano
1389 2270 1536 2310 timore
1568 2268 1783 2319 Romanis,

397 2326 522 2367 citato
540 2326 704 2382 agmine
723 2327 888 2367 abeunt.
943 2326 1167 2368 Numicius
1184 2328 1365 2368 Antium
1381 2327 1576 2368 adversus
1594 2326 1783 2376 Volscos,

398 2384 615 2440 Virginius
636 2392 782 2425 contra
808 2383 983 2440 Aequos
1010 2384 1229 2441 profectus.
1293 2384 1358 2426 Ibi
1387 2399 1439 2425 ex
1463 2384 1625 2424 insidiis
1652 2398 1783 2440 prope

401 217 479 255 142

442 2562 453 2582 1
479 2553 594 2583 Morbo
609 2552 761 2589 moritur]
787 2551 883 2590 Apud
901 2550 1069 2590 scriptores

397 2594 538 2625 Graecos
560 2605 602 2625 sc.
626 2594 723 2625 Dion.
739 2594 782 2624 ix.
801 2602 850 2633 54.
883 2593 999 2624 Zonar.
1017 2593 1068 2624 vii.

401 2646 446 2676 17.
470 2642 605 2668 mortem
632 2636 690 2667 sibi
717 2636 905 2667 conscivisse
926 2636 1070 2676 legimuS,

398 2681 452 2709 sed
469 2679 622 2717 Romani,
645 2679 770 2719 quibus,
793 2678 847 2718 qui
871 2678 929 2709 sibi
956 2689 1070 2709 manus

399 2721 567 2759 intulisset,
593 2723 755 2762 carnificis
782 2723 844 2752 loco
870 2721 998 2752 habitus
1024 2725 1072 2752 est

400 2766 431 2792 et
468 2764 641 2803 ignominia
677 2768 816 2802 notatus,
847 2774 921 2794 eum
958 2765 1071 2794 morbo

401 2810 561 2835 mortuum
589 2818 655 2837 esse
682 2808 861 2837 voluerunt.
889 2807 927 2837 cf.
956 2807 1070 2838 Festus

403 2858 431 2877 v.
465 2849 634 2887 Carwzvficis
650 2851 723 2880 loeo.
749 2849 883 2881 Niebhr.
899 2850 932 2880 ii.
949 2860 980 2889 p.
999 2850 1069 2881 228.

401 2889 465 2919 Sed
483 2889 679 2920 Niebhurius
700 2892 843 2922 fabulam
867 2892 950 2923 hanc
968 2896 1070 2922 totam

402 2932 442 2961 de
460 2931 557 2970 Appii
580 2936 681 2962 morte
706 2934 837 2963 omnino
861 2935 969 2965 fictam
993 2945 1072 2971 esse,

401 2978 508 3012 atquc,
535 2984 573 3004 ex
604 2974 727 3011 Fragm.
748 2975 832 3006 Fast.
857 2976 965 3015 Capit.
989 2987 1070 3015 quac

1114 2551 1309 2590 Burghesius
1334 2550 1366 2581 in
1393 2551 1499 2581 lucem
1526 2549 1678 2590 prodidit,
1698 2551 1785 2582 hunc

1113 2593 1217 2632 ipsum
1236 2593 1378 2633 Appium
1401 2593 1616 2624 decemvirum
1632 2603 1706 2625 ann.
1724 2603 1784 2634 304

1116 2637 1159 2667 U.
1177 2637 1213 2667 C.
1229 2637 1325 2666 fuisse
1348 2636 1487 2671 coniicit,
1510 2635 1564 2676 qui
1586 2636 1657 2667 infr.
1673 2636 1716 2668 iii.
1734 2646 1784 2676 33.

1110 2680 1264 2718 plebicola
1289 2690 1350 2718 pro
1370 2680 1453 2710 truci
1475 2690 1630 2720 saevoque
1651 2680 1784 2710 insecta-

1115 2727 1181 2752 tore
1192 2722 1294 2761 plebis
1306 2722 1440 2752 evasisse
1453 2721 1576 2753 dicitur.
1601 2722 1639 2753 cf.
1653 2721 1784 2752 omnino

1116 2764 1251 2795 Niebhr.
1267 2764 1299 2795 ii.
1316 2775 1346 2795 n.
1367 2772 1435 2804 754.

1157 2817 1173 2837 2
1192 2808 1298 2838 Coacti
1310 2809 1464 2847 eoetemplo
1479 2808 1518 2838 ab
1533 2808 1664 2845 senatu]
1685 2806 1782 2837 Hanc

1114 2849 1284 2880 lectionem
1302 2851 1398 2889 plane
1418 2853 1600 2890 corruptam
1623 2858 1689 2879 esse
1712 2858 1783 2878 cen-

1114 2897 1161 2922 set
1185 2893 1217 2923 N
1222 2892 1333 2929 iebhr.,
1357 2892 1410 2932 qui
1437 2897 1541 2924 coacto
1562 2891 1716 2930 eoetemplo
1736 2901 1782 2921 se-

1114 2939 1195 2965 natu
1224 2936 1393 2975 legendum
1418 2945 1475 2974 pro
1501 2937 1587 2965 certo
1616 2933 1722 2963 habet.
1748 2932 1779 2963 ii.

1116 2988 1146 3007 n.
1165 2986 1234 3016 555.
