<?xml version="1.0" encoding="UTF-8"?>
<!DOCTYPE html PUBLIC "-//W3C//DTD XHTML 1.0 Transitional//EN"
    "http://www.w3.org/TR/xhtml1/DTD/xhtml1-transitional.dtd">
<html xmlns="http://www.w3.org/1999/xhtml" xml:lang="en" lang="en">
 <head>
  <title>
</title>
<meta http-equiv="Content-Type" content="text/html;charset=utf-8" />
  <meta name='ocr-system' content='tesseract 3.04.00' />
  <meta name='ocr-capabilities' content='ocr_page ocr_carea ocr_par ocr_line ocrx_word'/>
</head>
<body>
  <div class='ocr_page' id='page_1' title='image "./historiarumli01livyuoft_0570.png"; bbox 0 0 1934 3211; ppageno 0'>
   <div class='ocr_carea' id='block_1_1' title="bbox 417 153 1297 197">
    <p class='ocr_par' dir='ltr' id='par_1_1' title="bbox 417 153 1297 197">
     <span class='ocr_line' id='line_1_1' title="bbox 417 153 1297 197; baseline -0.002 0"><span class='ocrx_word' id='word_1_1' title='bbox 417 158 499 197; x_wconf 89' lang='lat'>556</span> <span class='ocrx_word' id='word_1_2' title='bbox 932 154 1079 197; x_wconf 93' lang='lat' dir='ltr'>TITI</span> <span class='ocrx_word' id='word_1_3' title='bbox 1119 153 1297 196; x_wconf 91' lang='lat' dir='ltr'><strong>LIVII</strong></span> 
     </span>
    </p>
   </div>
   <div class='ocr_carea' id='block_1_2' title="bbox 197 241 1831 591">
    <p class='ocr_par' dir='ltr' id='par_1_2' title="bbox 197 241 1831 591">
     <span class='ocr_line' id='line_1_2' title="bbox 198 241 1800 296; baseline -0.002 -11"><span class='ocrx_word' id='word_1_4' title='bbox 198 253 243 285; x_wconf 91' lang='lat' dir='ltr'>U.</span> <span class='ocrx_word' id='word_1_5' title='bbox 260 253 298 285; x_wconf 85' lang='lat' dir='ltr'>C.</span> <span class='ocrx_word' id='word_1_6' title='bbox 316 264 388 295; x_wconf 80' lang='lat'><strong>449·</strong></span> <span class='ocrx_word' id='word_1_7' title='bbox 417 246 583 288; x_wconf 87' lang='lat' dir='ltr'>cordiae</span> <span class='ocrx_word' id='word_1_8' title='bbox 615 261 749 296; x_wconf 86' lang='lat' dir='ltr'>causa,</span> <span class='ocrx_word' id='word_1_9' title='bbox 783 246 906 287; x_wconf 88' lang='lat' dir='ltr'>simul</span> <span class='ocrx_word' id='word_1_10' title='bbox 937 262 990 287; x_wconf 89' lang='lat' dir='ltr'>ne</span> <span class='ocrx_word' id='word_1_11' title='bbox 1026 245 1353 287; x_wconf 87' lang='lat' dir='ltr'>humillimorum</span> <span class='ocrx_word' id='word_1_12' title='bbox 1391 244 1435 284; x_wconf 86' lang='lat' dir='ltr'>in</span> <span class='ocrx_word' id='word_1_13' title='bbox 1469 256 1597 284; x_wconf 89' lang='lat' dir='ltr'>manu</span> <span class='ocrx_word' id='word_1_14' title='bbox 1631 241 1800 283; x_wconf 85' lang='lat' dir='ltr'>comitia</span> 
     </span>
     <span class='ocr_line' id='line_1_3' title="bbox 197 297 1830 370; baseline -0.004 -24"><span class='ocrx_word' id='word_1_15' title='bbox 197 297 388 370; x_wconf 39' lang='lat' dir='ltr'>gorgns‘i&#39;o&amp;</span> <span class='ocrx_word' id='word_1_16' title='bbox 417 314 568 354; x_wconf 83' lang='lat' dir='ltr'>essent,</span> <span class='ocrx_word' id='word_1_17' title='bbox 609 319 777 345; x_wconf 90' lang='lat' dir='ltr'>omnem</span> <span class='ocrx_word' id='word_1_18' title='bbox 816 304 1023 346; x_wconf 86' lang='lat' dir='ltr'>forensem</span> <span class='ocrx_word' id='word_1_19' title='bbox 1063 304 1227 345; x_wconf 84' lang='lat' dir='ltr'>turbam</span> <span class='ocrx_word' id='word_1_20' title='bbox 1267 310 1478 344; x_wconf 85' lang='lat' dir='ltr'>excretam</span> <span class='ocrx_word' id='word_1_21' title='bbox 1517 301 1562 341; x_wconf 90' lang='lat' dir='ltr'>in</span> <span class='ocrx_word' id='word_1_22' title='bbox 1601 307 1830 357; x_wconf 77' lang='lat' dir='ltr'>quattuol-4</span> 
     </span>
     <span class='ocr_line' id='line_1_4' title="bbox 197 350 1799 427; baseline -0.004 -23"><span class='ocrx_word' id='word_1_23' title='bbox 197 383 291 412; x_wconf 81' lang='lat' dir='ltr'>turba</span> <span class='ocrx_word' id='word_1_24' title='bbox 304 350 402 412; x_wconf 63' lang='lat' dir='ltr'>mem</span> <span class='ocrx_word' id='word_1_25' title='bbox 417 362 549 403; x_wconf 89' lang='lat' dir='ltr'>tribus</span> <span class='ocrx_word' id='word_1_26' title='bbox 573 362 766 412; x_wconf 85' lang='lat' dir='ltr'>coniecit,</span> <span class='ocrx_word' id='word_1_27' title='bbox 788 362 1057 427; x_wconf 84' lang='lat' dir='ltr'>urbanasque</span> <span class='ocrx_word' id='word_1_28' title='bbox 1073 376 1141 402; x_wconf 88' lang='lat' dir='ltr'>eas</span> <span class='ocrx_word' id='word_1_29' title='bbox 1171 359 1405 417; x_wconf 87' lang='lat' dir='ltr'>appellavit.</span> <span class='ocrx_word' id='word_1_30' title='bbox 1468 358 1676 414; x_wconf 87' lang='lat' dir='ltr'>Adeoque</span> <span class='ocrx_word' id='word_1_31' title='bbox 1706 371 1799 398; x_wconf 87' lang='lat' dir='ltr'>eam</span> 
     </span>
     <span class='ocr_line' id='line_1_5' title="bbox 197 416 1797 484; baseline -0.004 -22"><span class='ocrx_word' id='word_1_32' title='bbox 197 425 404 456; x_wconf 77' lang='lat' dir='ltr'>busurbanas</span> <span class='ocrx_word' id='word_1_33' title='bbox 417 434 506 461; x_wconf 91' lang='lat' dir='ltr'>rem</span> <span class='ocrx_word' id='word_1_34' title='bbox 536 428 747 475; x_wconf 82' lang='lat' dir='ltr'>acceptam</span> <span class='ocrx_word' id='word_1_35' title='bbox 769 419 918 484; x_wconf 38' lang='lat' dir='ltr'>’gratis</span> <span class='ocrx_word' id='word_1_36' title='bbox 933 419 1080 460; x_wconf 87' lang='lat' dir='ltr'>animis</span> <span class='ocrx_word' id='word_1_37' title='bbox 1104 419 1256 467; x_wconf 89' lang='lat' dir='ltr'>ferunt,</span> <span class='ocrx_word' id='word_1_38' title='bbox 1278 426 1325 459; x_wconf 86' lang='lat' dir='ltr'>ut</span> <span class='ocrx_word' id='word_1_39' title='bbox 1346 416 1525 458; x_wconf 84' lang='lat' dir='ltr'>Maximi</span> <span class='ocrx_word' id='word_1_40' title='bbox 1550 430 1797 480; x_wconf 83' lang='lat' dir='ltr'>cognomen,</span> 
     </span>
     <span class='ocr_line' id='line_1_6' title="bbox 198 466 1830 533; baseline -0.004 -14"><span class='ocrx_word' id='word_1_41' title='bbox 198 466 354 500; x_wconf 85' lang='lat' dir='ltr'>coniecta.</span> <span class='ocrx_word' id='word_1_42' title='bbox 419 477 534 533; x_wconf 91' lang='lat' dir='ltr'>quod</span> <span class='ocrx_word' id='word_1_43' title='bbox 555 485 614 518; x_wconf 89' lang='lat' dir='ltr'>tot</span> <span class='ocrx_word' id='word_1_44' title='bbox 636 477 816 518; x_wconf 84' lang='lat' dir='ltr'>victoriis</span> <span class='ocrx_word' id='word_1_45' title='bbox 837 492 921 517; x_wconf 92' lang='lat' dir='ltr'>non</span> <span class='ocrx_word' id='word_1_46' title='bbox 942 484 1172 532; x_wconf 84' lang='lat' dir='ltr'>pepererat,</span> <span class='ocrx_word' id='word_1_47' title='bbox 1190 475 1267 516; x_wconf 85' lang='lat' dir='ltr'>hac</span> <span class='ocrx_word' id='word_1_48' title='bbox 1283 475 1477 516; x_wconf 86' lang='lat' dir='ltr'>ordinum</span> <span class='ocrx_word' id='word_1_49' title='bbox 1498 472 1798 529; x_wconf 88' lang='lat' dir='ltr'>temperatione</span> <span class='ocrx_word' id='word_1_50' title='bbox 1812 485 1830 518; x_wconf 92' lang='lat'>5</span> 
     </span>
     <span class='ocr_line' id='line_1_7' title="bbox 418 529 1831 591; baseline -0.004 -15"><span class='ocrx_word' id='word_1_51' title='bbox 418 544 593 591; x_wconf 86' lang='lat' dir='ltr'>pareret.</span> <span class='ocrx_word' id='word_1_52' title='bbox 656 535 725 576; x_wconf 93' lang='lat' dir='ltr'>Ab</span> <span class='ocrx_word' id='word_1_53' title='bbox 753 534 902 576; x_wconf 92' lang='lat' dir='ltr'>eodem</span> <span class='ocrx_word' id='word_1_54' title='bbox 932 533 1171 574; x_wconf 88' lang='lat' dir='ltr'>institutum</span> <span class='ocrx_word' id='word_1_55' title='bbox 1195 532 1359 582; x_wconf 88' lang='lat' dir='ltr'>dicitur,</span> <span class='ocrx_word' id='word_1_56' title='bbox 1385 539 1433 573; x_wconf 88' lang='lat' dir='ltr'>ut</span> <span class='ocrx_word' id='word_1_57' title='bbox 1462 531 1623 587; x_wconf 86' lang='lat' dir='ltr'>equites</span> <span class='ocrx_word' id='word_1_58' title='bbox 1653 529 1831 571; x_wconf 90' lang='lat' dir='ltr'>Idibus6</span> 
     </span>
    </p>
   </div>
   <div class='ocr_carea' id='block_1_3' title="bbox 422 590 1078 641">
    <p class='ocr_par' dir='ltr' id='par_1_3' title="bbox 422 590 1078 641">
     <span class='ocr_line' id='line_1_8' title="bbox 422 590 1078 641; baseline -0.006 -7"><span class='ocrx_word' id='word_1_59' title='bbox 422 592 683 641; x_wconf 81' lang='lat' dir='ltr'>Quintilibus</span> <span class='ocrx_word' id='word_1_60' title='bbox 703 600 840 632; x_wconf 86' lang='lat' dir='ltr'>transv</span> <span class='ocrx_word' id='word_1_61' title='bbox 831 590 1078 632; x_wconf 89' lang='lat' dir='ltr'>eherentur.</span> 
     </span>
    </p>
   </div>
   <div class='ocr_carea' id='block_1_4' title="bbox 1130 717 1799 841">
    <p class='ocr_par' dir='ltr' id='par_1_4' title="bbox 1130 717 1799 841">
     <span class='ocr_line' id='line_1_9' title="bbox 1133 717 1799 758; baseline 0 -9"><span class='ocrx_word' id='word_1_62' title='bbox 1133 718 1346 756; x_wconf 81' lang='lat' dir='ltr'>Quintilibus,</span> <span class='ocrx_word' id='word_1_63' title='bbox 1368 717 1388 749; x_wconf 88' lang='lat' dir='ltr'>i.</span> <span class='ocrx_word' id='word_1_64' title='bbox 1405 728 1432 749; x_wconf 89' lang='lat' dir='ltr'>e.</span> <span class='ocrx_word' id='word_1_65' title='bbox 1449 717 1500 748; x_wconf 88' lang='lat' dir='ltr'>die</span> <span class='ocrx_word' id='word_1_66' title='bbox 1520 720 1580 757; x_wconf 75' lang='lat'>15².</span> <span class='ocrx_word' id='word_1_67' title='bbox 1603 717 1721 749; x_wconf 81' lang='lat' dir='ltr'>mensis</span> <span class='ocrx_word' id='word_1_68' title='bbox 1743 718 1799 758; x_wconf 91' lang='lat' dir='ltr'>qui</span> 
     </span>
     <span class='ocr_line' id='line_1_10' title="bbox 1131 760 1799 802; baseline -0.001 -10"><span class='ocrx_word' id='word_1_69' title='bbox 1131 765 1244 802; x_wconf 86' lang='lat' dir='ltr'>postea</span> <span class='ocrx_word' id='word_1_70' title='bbox 1260 761 1366 792; x_wconf 89' lang='lat' dir='ltr'>Iulius</span> <span class='ocrx_word' id='word_1_71' title='bbox 1385 760 1571 800; x_wconf 87' lang='lat' dir='ltr'>appellatus</span> <span class='ocrx_word' id='word_1_72' title='bbox 1588 764 1647 798; x_wconf 87' lang='lat' dir='ltr'>est,</span> <span class='ocrx_word' id='word_1_73' title='bbox 1662 771 1719 800; x_wconf 89' lang='lat' dir='ltr'>per</span> <span class='ocrx_word' id='word_1_74' title='bbox 1733 765 1799 792; x_wconf 81' lang='lat' dir='ltr'>tur-</span> 
     </span>
     <span class='ocr_line' id='line_1_11' title="bbox 1130 803 1798 841; baseline -0.003 -5"><span class='ocrx_word' id='word_1_75' title='bbox 1130 815 1200 836; x_wconf 85' lang='lat' dir='ltr'>mas</span> <span class='ocrx_word' id='word_1_76' title='bbox 1224 803 1377 841; x_wconf 86' lang='lat' dir='ltr'>distincti,</span> <span class='ocrx_word' id='word_1_77' title='bbox 1402 804 1473 834; x_wconf 91' lang='lat' dir='ltr'>olea</span> <span class='ocrx_word' id='word_1_78' title='bbox 1503 803 1657 841; x_wconf 83' lang='lat' dir='ltr'>coronati,</span> <span class='ocrx_word' id='word_1_79' title='bbox 1680 807 1712 834; x_wconf 85' lang='lat' dir='ltr'>et</span> <span class='ocrx_word' id='word_1_80' title='bbox 1735 806 1798 834; x_wconf 84' lang='lat' dir='ltr'>tra-</span> 
     </span>
    </p>
   </div>
   <div class='ocr_carea' id='block_1_5' title="bbox 419 719 1088 844">
    <p class='ocr_par' dir='ltr' id='par_1_5' title="bbox 419 719 1088 844">
     <span class='ocr_line' id='line_1_12' title="bbox 420 719 1088 754; baseline -0.006 0"><span class='ocrx_word' id='word_1_81' title='bbox 420 725 501 754; x_wconf 87' lang='lat' dir='ltr'>lunt.</span> <span class='ocrx_word' id='word_1_82' title='bbox 548 723 595 752; x_wconf 85' lang='lat' dir='ltr'>Ac</span> <span class='ocrx_word' id='word_1_83' title='bbox 615 731 691 751; x_wconf 87' lang='lat' dir='ltr'>sane</span> <span class='ocrx_word' id='word_1_84' title='bbox 714 720 814 751; x_wconf 90' lang='lat' dir='ltr'>alium</span> <span class='ocrx_word' id='word_1_85' title='bbox 837 719 912 749; x_wconf 90' lang='lat' dir='ltr'>huic</span> <span class='ocrx_word' id='word_1_86' title='bbox 936 729 1088 750; x_wconf 84' lang='lat' dir='ltr'>censurae</span> 
     </span>
     <span class='ocr_line' id='line_1_13' title="bbox 419 762 1086 803; baseline -0.006 -8"><span class='ocrx_word' id='word_1_87' title='bbox 419 775 539 796; x_wconf 86' lang='lat' dir='ltr'>annum</span> <span class='ocrx_word' id='word_1_88' title='bbox 562 764 719 803; x_wconf 83' lang='lat' dir='ltr'>assignare</span> <span class='ocrx_word' id='word_1_89' title='bbox 740 774 779 793; x_wconf 84' lang='lat' dir='ltr'>ex</span> <span class='ocrx_word' id='word_1_90' title='bbox 800 763 869 802; x_wconf 89' lang='lat' dir='ltr'>ipso</span> <span class='ocrx_word' id='word_1_91' title='bbox 894 762 986 793; x_wconf 84' lang='lat' dir='ltr'>Livio</span> <span class='ocrx_word' id='word_1_92' title='bbox 1007 762 1086 792; x_wconf 84' lang='lat' dir='ltr'>diffi-</span> 
     </span>
     <span class='ocr_line' id='line_1_14' title="bbox 419 804 1086 844; baseline -0.006 -6"><span class='ocrx_word' id='word_1_93' title='bbox 419 808 480 838; x_wconf 86' lang='lat' dir='ltr'>cile</span> <span class='ocrx_word' id='word_1_94' title='bbox 509 808 600 838; x_wconf 85' lang='lat' dir='ltr'>foret</span> <span class='ocrx_word' id='word_1_95' title='bbox 646 807 721 836; x_wconf 92' lang='lat' dir='ltr'>Hoc</span> <span class='ocrx_word' id='word_1_96' title='bbox 746 809 855 836; x_wconf 88' lang='lat' dir='ltr'>tamen</span> <span class='ocrx_word' id='word_1_97' title='bbox 882 809 996 836; x_wconf 86' lang='lat' dir='ltr'>notatu</span> <span class='ocrx_word' id='word_1_98' title='bbox 1022 804 1086 844; x_wconf 86' lang='lat' dir='ltr'>dig-</span> 
     </span>
    </p>
   </div>
   <div class='ocr_carea' id='block_1_6' title="bbox 416 847 1087 1573">
    <p class='ocr_par' dir='ltr' id='par_1_6' title="bbox 417 847 1086 1060">
     <span class='ocr_line' id='line_1_15' title="bbox 418 847 1086 887; baseline -0.004 -7"><span class='ocrx_word' id='word_1_99' title='bbox 418 860 508 887; x_wconf 88' lang='lat' dir='ltr'>num,</span> <span class='ocrx_word' id='word_1_100' title='bbox 525 849 652 880; x_wconf 90' lang='lat' dir='ltr'>biennio</span> <span class='ocrx_word' id='word_1_101' title='bbox 668 852 743 879; x_wconf 88' lang='lat' dir='ltr'>ante</span> <span class='ocrx_word' id='word_1_102' title='bbox 759 858 904 879; x_wconf 88' lang='lat' dir='ltr'>censores</span> <span class='ocrx_word' id='word_1_103' title='bbox 918 847 1086 878; x_wconf 85' lang='lat' dir='ltr'>memorari</span> 
     </span>
     <span class='ocr_line' id='line_1_16' title="bbox 418 890 1083 929; baseline -0.006 -5"><span class='ocrx_word' id='word_1_104' title='bbox 418 894 454 924; x_wconf 89' lang='lat' dir='ltr'>C.</span> <span class='ocrx_word' id='word_1_105' title='bbox 474 892 606 923; x_wconf 88' lang='lat' dir='ltr'>Iunium</span> <span class='ocrx_word' id='word_1_106' title='bbox 631 892 830 929; x_wconf 85' lang='lat' dir='ltr'>Bubulcum,</span> <span class='ocrx_word' id='word_1_107' title='bbox 855 892 901 922; x_wconf 87' lang='grc' dir='ltr'>Μ.</span> <span class='ocrx_word' id='word_1_108' title='bbox 914 890 1083 920; x_wconf 87' lang='lat' dir='ltr'>Valerium</span> 
     </span>
     <span class='ocr_line' id='line_1_17' title="bbox 417 933 1084 974; baseline -0.006 -7"><span class='ocrx_word' id='word_1_109' title='bbox 417 935 614 973; x_wconf 82' lang='lat' dir='ltr'>Maximum,</span> <span class='ocrx_word' id='word_1_110' title='bbox 635 945 720 974; x_wconf 84' lang='lat' dir='ltr'>supr.</span> <span class='ocrx_word' id='word_1_111' title='bbox 737 944 787 973; x_wconf 81' lang='lat'>43.</span> <span class='ocrx_word' id='word_1_112' title='bbox 804 944 904 973; x_wconf 83' lang='lat' dir='ltr'>quum</span> <span class='ocrx_word' id='word_1_113' title='bbox 927 944 966 964; x_wconf 89' lang='lat' dir='ltr'>ex</span> <span class='ocrx_word' id='word_1_114' title='bbox 989 933 1084 963; x_wconf 89' lang='lat' dir='ltr'>solito</span> 
     </span>
     <span class='ocr_line' id='line_1_18' title="bbox 417 976 1083 1016; baseline -0.005 -7"><span class='ocrx_word' id='word_1_115' title='bbox 417 989 504 1009; x_wconf 89' lang='lat' dir='ltr'>more</span> <span class='ocrx_word' id='word_1_116' title='bbox 527 988 591 1008; x_wconf 86' lang='lat' dir='ltr'>non</span> <span class='ocrx_word' id='word_1_117' title='bbox 615 981 807 1015; x_wconf 84' lang='lat' dir='ltr'>crearentur,</span> <span class='ocrx_word' id='word_1_118' title='bbox 823 977 883 1007; x_wconf 88' lang='lat' dir='ltr'>nisi</span> <span class='ocrx_word' id='word_1_119' title='bbox 907 976 1083 1016; x_wconf 87' lang='lat' dir='ltr'>quinquen-</span> 
     </span>
     <span class='ocr_line' id='line_1_19' title="bbox 417 1020 924 1060; baseline 0 -9"><span class='ocrx_word' id='word_1_120' title='bbox 417 1021 470 1052; x_wconf 89' lang='lat' dir='ltr'>nio</span> <span class='ocrx_word' id='word_1_121' title='bbox 486 1031 624 1060; x_wconf 88' lang='lat' dir='ltr'>quoque,</span> <span class='ocrx_word' id='word_1_122' title='bbox 641 1030 794 1050; x_wconf 85' lang='lat' dir='ltr'>censores.</span> <span class='ocrx_word' id='word_1_123' title='bbox 819 1020 924 1051; x_wconf 72' lang='lat' dir='ltr'>Cnssv.</span> 
     </span>
    </p>

    <p class='ocr_par' dir='ltr' id='par_1_7' title="bbox 416 1064 1085 1317">
     <span class='ocr_line' id='line_1_20' title="bbox 461 1064 1081 1102; baseline 0 -10"><span class='ocrx_word' id='word_1_124' title='bbox 461 1075 480 1102; x_wconf 90' lang='lat'>4</span> <span class='ocrx_word' id='word_1_125' title='bbox 503 1066 663 1101; x_wconf 77' lang='lat' dir='ltr'>Quattuor</span> <span class='ocrx_word' id='word_1_126' title='bbox 693 1064 795 1093; x_wconf 75' lang='lat' dir='ltr'>trihus</span> <span class='ocrx_word' id='word_1_127' title='bbox 817 1087 823 1094; x_wconf 91' lang='lat'>.</span> <span class='ocrx_word' id='word_1_128' title='bbox 843 1087 850 1094; x_wconf 93' lang='lat'><strong>.</strong></span> <span class='ocrx_word' id='word_1_129' title='bbox 867 1087 874 1094; x_wconf 87' lang='lat'>.</span> <span class='ocrx_word' id='word_1_130' title='bbox 892 1087 899 1093; x_wconf 94' lang='lat'>.</span> <span class='ocrx_word' id='word_1_131' title='bbox 921 1064 1081 1101; x_wconf 78' lang='lat' dir='ltr'>urbanas]</span> 
     </span>
     <span class='ocr_line' id='line_1_21' title="bbox 417 1105 1083 1144; baseline -0.005 -7"><span class='ocrx_word' id='word_1_132' title='bbox 417 1117 459 1138; x_wconf 89' lang='lat' dir='ltr'>sc.</span> <span class='ocrx_word' id='word_1_133' title='bbox 499 1106 693 1144; x_wconf 82' lang='lat' dir='ltr'>Palatinam,</span> <span class='ocrx_word' id='word_1_134' title='bbox 733 1106 907 1144; x_wconf 79' lang='lat' dir='ltr'>Collinam,</span> <span class='ocrx_word' id='word_1_135' title='bbox 945 1105 1083 1144; x_wconf 86' lang='lat' dir='ltr'>Esquili-</span> 
     </span>
     <span class='ocr_line' id='line_1_22' title="bbox 417 1147 1085 1187; baseline -0.003 -8"><span class='ocrx_word' id='word_1_136' title='bbox 417 1160 503 1187; x_wconf 86' lang='lat' dir='ltr'>nam,</span> <span class='ocrx_word' id='word_1_137' title='bbox 519 1153 551 1180; x_wconf 93' lang='lat' dir='ltr'>et</span> <span class='ocrx_word' id='word_1_138' title='bbox 574 1149 810 1180; x_wconf 80' lang='lat' dir='ltr'>Suburranam:</span> <span class='ocrx_word' id='word_1_139' title='bbox 838 1153 961 1179; x_wconf 85' lang='lat' dir='ltr'>ceterae</span> <span class='ocrx_word' id='word_1_140' title='bbox 985 1147 1085 1178; x_wconf 80' lang='lat' dir='ltr'>tribus</span> 
     </span>
     <span class='ocr_line' id='line_1_23' title="bbox 416 1192 1082 1231; baseline -0.003 -9"><span class='ocrx_word' id='word_1_141' title='bbox 416 1192 613 1223; x_wconf 84' lang='lat' dir='ltr'>honestiores</span> <span class='ocrx_word' id='word_1_142' title='bbox 642 1193 782 1222; x_wconf 77' lang='lat' dir='ltr'>rusticae</span> <span class='ocrx_word' id='word_1_143' title='bbox 814 1192 1082 1231; x_wconf 79' lang='lat' dir='ltr'>appellabantur:</span> 
     </span>
     <span class='ocr_line' id='line_1_24' title="bbox 417 1234 1084 1274; baseline -0.001 -9"><span class='ocrx_word' id='word_1_144' title='bbox 417 1235 477 1266; x_wconf 88' lang='lat' dir='ltr'>hae</span> <span class='ocrx_word' id='word_1_145' title='bbox 494 1235 624 1274; x_wconf 80' lang='lat' dir='ltr'>quidem</span> <span class='ocrx_word' id='word_1_146' title='bbox 637 1236 743 1274; x_wconf 80' lang='lat' dir='ltr'>primo</span> <span class='ocrx_word' id='word_1_147' title='bbox 755 1239 895 1271; x_wconf 78' lang='lat' dir='ltr'>vocatae,</span> <span class='ocrx_word' id='word_1_148' title='bbox 911 1234 987 1264; x_wconf 88' lang='lat' dir='ltr'>illae</span> <span class='ocrx_word' id='word_1_149' title='bbox 1000 1238 1084 1273; x_wconf 83' lang='lat' dir='ltr'>post-</span> 
     </span>
     <span class='ocr_line' id='line_1_25' title="bbox 417 1276 1013 1317; baseline 0 -9"><span class='ocrx_word' id='word_1_150' title='bbox 417 1289 501 1309; x_wconf 76' lang='lat' dir='ltr'>remo</span> <span class='ocrx_word' id='word_1_151' title='bbox 517 1282 656 1309; x_wconf 80' lang='lat' dir='ltr'>vocatae.</span> <span class='ocrx_word' id='word_1_152' title='bbox 681 1277 816 1308; x_wconf 80' lang='lat' dir='ltr'>Niebhr.</span> <span class='ocrx_word' id='word_1_153' title='bbox 833 1276 876 1307; x_wconf 89' lang='lat' dir='ltr'>iii.</span> <span class='ocrx_word' id='word_1_154' title='bbox 893 1288 924 1308; x_wconf 90' lang='lat' dir='ltr'>n.</span> <span class='ocrx_word' id='word_1_155' title='bbox 943 1276 1013 1317; x_wconf 83' lang='lat'>569.</span> 
     </span>
    </p>

    <p class='ocr_par' dir='ltr' id='par_1_8' title="bbox 416 1319 1087 1445">
     <span class='ocr_line' id='line_1_26' title="bbox 460 1319 1087 1360; baseline -0.005 -9"><span class='ocrx_word' id='word_1_156' title='bbox 460 1329 476 1360; x_wconf 87' lang='lat'><strong><em>5</em></strong></span> <span class='ocrx_word' id='word_1_157' title='bbox 501 1323 575 1351; x_wconf 79' lang='lat' dir='ltr'>Hac</span> <span class='ocrx_word' id='word_1_158' title='bbox 590 1321 737 1351; x_wconf 82' lang='lat' dir='ltr'>ordinum</span> <span class='ocrx_word' id='word_1_159' title='bbox 753 1321 997 1359; x_wconf 80' lang='lat' dir='ltr'>temperatione]</span> <span class='ocrx_word' id='word_1_160' title='bbox 1034 1319 1087 1349; x_wconf 85' lang='lat' dir='ltr'>Ita</span> 
     </span>
     <span class='ocr_line' id='line_1_27' title="bbox 417 1361 1085 1403; baseline -0.003 -10"><span class='ocrx_word' id='word_1_161' title='bbox 417 1364 626 1403; x_wconf 84' lang='lat' dir='ltr'>temperando</span> <span class='ocrx_word' id='word_1_162' title='bbox 652 1373 711 1400; x_wconf 85' lang='lat' dir='ltr'>res,</span> <span class='ocrx_word' id='word_1_163' title='bbox 735 1366 771 1392; x_wconf 94' lang='lat' dir='ltr'>ut</span> <span class='ocrx_word' id='word_1_164' title='bbox 796 1362 978 1392; x_wconf 85' lang='lat' dir='ltr'>discrimina</span> <span class='ocrx_word' id='word_1_165' title='bbox 1005 1361 1085 1392; x_wconf 89' lang='lat' dir='ltr'>ordi-</span> 
     </span>
     <span class='ocr_line' id='line_1_28' title="bbox 416 1405 1049 1445; baseline -0.002 -10"><span class='ocrx_word' id='word_1_166' title='bbox 416 1417 494 1436; x_wconf 89' lang='lat' dir='ltr'>num</span> <span class='ocrx_word' id='word_1_167' title='bbox 511 1416 548 1436; x_wconf 84' lang='lat' dir='ltr'>ac</span> <span class='ocrx_word' id='word_1_168' title='bbox 561 1405 753 1445; x_wconf 81' lang='lat' dir='ltr'>dignitatum</span> <span class='ocrx_word' id='word_1_169' title='bbox 766 1405 824 1435; x_wconf 89' lang='lat' dir='ltr'>rite</span> <span class='ocrx_word' id='word_1_170' title='bbox 841 1408 1049 1436; x_wconf 81' lang='lat' dir='ltr'>servarentur.</span> 
     </span>
    </p>

    <p class='ocr_par' dir='ltr' id='par_1_9' title="bbox 417 1447 1087 1573">
     <span class='ocr_line' id='line_1_29' title="bbox 468 1447 1085 1489; baseline -0.002 -11"><span class='ocrx_word' id='word_1_171' title='bbox 468 1447 487 1478; x_wconf 92' lang='lat'><strong>6</strong></span> <span class='ocrx_word' id='word_1_172' title='bbox 519 1451 561 1480; x_wconf 84' lang='lat' dir='ltr'>Ut</span> <span class='ocrx_word' id='word_1_173' title='bbox 593 1450 713 1489; x_wconf 77' lang='lat' dir='ltr'>equites</span> <span class='ocrx_word' id='word_1_174' title='bbox 746 1450 858 1478; x_wconf 73' lang='lat' dir='ltr'>Idibus</span> <span class='ocrx_word' id='word_1_175' title='bbox 889 1448 1085 1485; x_wconf 76' lang='lat' dir='ltr'>Quintilibus</span> 
     </span>
     <span class='ocr_line' id='line_1_30' title="bbox 417 1490 1086 1529; baseline -0.001 -8"><span class='ocrx_word' id='word_1_176' title='bbox 417 1492 719 1529; x_wconf 69' lang='lat' dir='ltr'>transveherentur]</span> <span class='ocrx_word' id='word_1_177' title='bbox 761 1490 812 1522; x_wconf 81' lang='lat' dir='ltr'>Ex</span> <span class='ocrx_word' id='word_1_178' title='bbox 847 1492 907 1521; x_wconf 89' lang='lat' dir='ltr'>hoc</span> <span class='ocrx_word' id='word_1_179' title='bbox 939 1490 1086 1521; x_wconf 81' lang='lat' dir='ltr'>instituto</span> 
     </span>
     <span class='ocr_line' id='line_1_31' title="bbox 418 1533 1087 1573; baseline 0.001 -11"><span class='ocrx_word' id='word_1_180' title='bbox 418 1533 539 1572; x_wconf 83' lang='lat' dir='ltr'>equites</span> <span class='ocrx_word' id='word_1_181' title='bbox 583 1534 723 1564; x_wconf 84' lang='lat' dir='ltr'>Romani</span> <span class='ocrx_word' id='word_1_182' title='bbox 760 1533 931 1573; x_wconf 81' lang='lat' dir='ltr'>quotannis</span> <span class='ocrx_word' id='word_1_183' title='bbox 975 1533 1087 1564; x_wconf 86' lang='lat' dir='ltr'>Idibus</span> 
     </span>
    </p>
   </div>
   <div class='ocr_carea' id='block_1_7' title="bbox 1127 845 1800 1529">
    <p class='ocr_par' dir='ltr' id='par_1_10' title="bbox 1127 845 1800 1529">
     <span class='ocr_line' id='line_1_32' title="bbox 1130 845 1799 886; baseline 0 -9"><span class='ocrx_word' id='word_1_184' title='bbox 1130 847 1228 885; x_wconf 85' lang='lat' dir='ltr'>beati,</span> <span class='ocrx_word' id='word_1_185' title='bbox 1271 846 1360 886; x_wconf 87' lang='lat' dir='ltr'>equis</span> <span class='ocrx_word' id='word_1_186' title='bbox 1404 845 1589 883; x_wconf 86' lang='lat' dir='ltr'>insidentes,</span> <span class='ocrx_word' id='word_1_187' title='bbox 1632 846 1673 876; x_wconf 89' lang='lat' dir='ltr'>ab</span> <span class='ocrx_word' id='word_1_188' title='bbox 1719 847 1799 877; x_wconf 87' lang='lat' dir='ltr'>aede</span> 
     </span>
     <span class='ocr_line' id='line_1_33' title="bbox 1128 888 1798 927; baseline -0.004 -6"><span class='ocrx_word' id='word_1_189' title='bbox 1128 890 1243 922; x_wconf 87' lang='lat' dir='ltr'>Martis</span> <span class='ocrx_word' id='word_1_190' title='bbox 1280 894 1370 920; x_wconf 83' lang='lat' dir='ltr'>extra</span> <span class='ocrx_word' id='word_1_191' title='bbox 1406 889 1530 926; x_wconf 87' lang='lat' dir='ltr'>urbem,</span> <span class='ocrx_word' id='word_1_192' title='bbox 1560 889 1636 927; x_wconf 89' lang='lat' dir='ltr'>sive,</span> <span class='ocrx_word' id='word_1_193' title='bbox 1672 891 1708 918; x_wconf 92' lang='lat' dir='ltr'>ut</span> <span class='ocrx_word' id='word_1_194' title='bbox 1744 888 1798 919; x_wconf 86' lang='lat' dir='ltr'>alii</span> 
     </span>
     <span class='ocr_line' id='line_1_34' title="bbox 1129 931 1799 971; baseline -0.003 -8"><span class='ocrx_word' id='word_1_195' title='bbox 1129 934 1253 970; x_wconf 78' lang='lat' dir='ltr'>volunt,</span> <span class='ocrx_word' id='word_1_196' title='bbox 1282 933 1323 962; x_wconf 87' lang='lat' dir='ltr'>ab</span> <span class='ocrx_word' id='word_1_197' title='bbox 1353 932 1432 962; x_wconf 76' lang='lat' dir='ltr'>aede</span> <span class='ocrx_word' id='word_1_198' title='bbox 1463 931 1604 961; x_wconf 82' lang='lat' dir='ltr'>Honon&#39;s</span> <span class='ocrx_word' id='word_1_199' title='bbox 1639 931 1672 962; x_wconf 91' lang='lat' dir='ltr'>in</span> <span class='ocrx_word' id='word_1_200' title='bbox 1703 931 1799 971; x_wconf 83' lang='lat' dir='ltr'>Capi-</span> 
     </span>
     <span class='ocr_line' id='line_1_35' title="bbox 1128 974 1798 1014; baseline -0.004 -7"><span class='ocrx_word' id='word_1_201' title='bbox 1128 976 1243 1007; x_wconf 87' lang='lat' dir='ltr'>tolium</span> <span class='ocrx_word' id='word_1_202' title='bbox 1285 974 1422 1005; x_wconf 90' lang='lat' dir='ltr'>sollenni</span> <span class='ocrx_word' id='word_1_203' title='bbox 1459 984 1580 1014; x_wconf 86' lang='lat' dir='ltr'>pompa</span> <span class='ocrx_word' id='word_1_204' title='bbox 1616 974 1798 1004; x_wconf 87' lang='lat' dir='ltr'>transvehe-</span> 
     </span>
     <span class='ocr_line' id='line_1_36' title="bbox 1127 1016 1798 1049; baseline -0.001 0"><span class='ocrx_word' id='word_1_205' title='bbox 1127 1020 1253 1049; x_wconf 86' lang='lat' dir='ltr'>bantur.</span> <span class='ocrx_word' id='word_1_206' title='bbox 1304 1018 1357 1048; x_wconf 89' lang='lat' dir='ltr'>Ita</span> <span class='ocrx_word' id='word_1_207' title='bbox 1380 1016 1529 1048; x_wconf 85' lang='lat' dir='ltr'>describit</span> <span class='ocrx_word' id='word_1_208' title='bbox 1553 1017 1636 1048; x_wconf 85' lang='lat' dir='ltr'>hanc</span> <span class='ocrx_word' id='word_1_209' title='bbox 1659 1020 1798 1048; x_wconf 84' lang='lat' dir='ltr'>transve-</span> 
     </span>
     <span class='ocr_line' id='line_1_37' title="bbox 1128 1059 1799 1100; baseline -0.003 -8"><span class='ocrx_word' id='word_1_210' title='bbox 1128 1061 1267 1092; x_wconf 89' lang='lat' dir='ltr'>ctionem</span> <span class='ocrx_word' id='word_1_211' title='bbox 1302 1060 1446 1100; x_wconf 88' lang='lat' dir='ltr'>equitum</span> <span class='ocrx_word' id='word_1_212' title='bbox 1478 1059 1577 1091; x_wconf 90' lang='lat' dir='ltr'>Dion.</span> <span class='ocrx_word' id='word_1_213' title='bbox 1605 1059 1641 1091; x_wconf 86' lang='lat' dir='ltr'>vi.</span> <span class='ocrx_word' id='word_1_214' title='bbox 1677 1059 1731 1099; x_wconf 90' lang='lat' dir='ltr'>qui</span> <span class='ocrx_word' id='word_1_215' title='bbox 1766 1063 1799 1090; x_wconf 87' lang='lat' dir='ltr'>et</span> 
     </span>
     <span class='ocr_line' id='line_1_38' title="bbox 1128 1102 1799 1144; baseline -0.001 -9"><span class='ocrx_word' id='word_1_216' title='bbox 1128 1115 1198 1135; x_wconf 90' lang='lat' dir='ltr'>eam</span> <span class='ocrx_word' id='word_1_217' title='bbox 1215 1107 1286 1144; x_wconf 86' lang='lat' dir='ltr'>post</span> <span class='ocrx_word' id='word_1_218' title='bbox 1303 1112 1443 1143; x_wconf 85' lang='lat' dir='ltr'>pugnam</span> <span class='ocrx_word' id='word_1_219' title='bbox 1458 1103 1499 1133; x_wconf 92' lang='lat' dir='ltr'>ad</span> <span class='ocrx_word' id='word_1_220' title='bbox 1513 1102 1677 1144; x_wconf 86' lang='lat' dir='ltr'>Regillum</span> <span class='ocrx_word' id='word_1_221' title='bbox 1691 1103 1799 1134; x_wconf 86' lang='lat' dir='ltr'>lacum</span> 
     </span>
     <span class='ocr_line' id='line_1_39' title="bbox 1128 1145 1799 1185; baseline -0.001 -7"><span class='ocrx_word' id='word_1_222' title='bbox 1128 1147 1307 1178; x_wconf 85' lang='lat' dir='ltr'>institutam</span> <span class='ocrx_word' id='word_1_223' title='bbox 1329 1156 1395 1176; x_wconf 85' lang='lat' dir='ltr'>csse</span> <span class='ocrx_word' id='word_1_224' title='bbox 1415 1145 1532 1176; x_wconf 90' lang='lat' dir='ltr'>scribit.</span> <span class='ocrx_word' id='word_1_225' title='bbox 1579 1145 1654 1177; x_wconf 89' lang='lat' dir='ltr'>Vid.</span> <span class='ocrx_word' id='word_1_226' title='bbox 1671 1156 1799 1185; x_wconf 88' lang='lat' dir='ltr'>quoque</span> 
     </span>
     <span class='ocr_line' id='line_1_40' title="bbox 1130 1187 1797 1221; baseline -0.001 0"><span class='ocrx_word' id='word_1_227' title='bbox 1130 1191 1304 1221; x_wconf 85' lang='lat' dir='ltr'>Auctorem</span> <span class='ocrx_word' id='word_1_228' title='bbox 1331 1189 1372 1219; x_wconf 89' lang='lat' dir='ltr'>de</span> <span class='ocrx_word' id='word_1_229' title='bbox 1403 1188 1472 1220; x_wconf 89' lang='lat' dir='ltr'>Vir.</span> <span class='ocrx_word' id='word_1_230' title='bbox 1505 1188 1627 1219; x_wconf 85' lang='lat' dir='ltr'>Illustr.</span> <span class='ocrx_word' id='word_1_231' title='bbox 1657 1187 1690 1218; x_wconf 87' lang='lat' dir='ltr'>in</span> <span class='ocrx_word' id='word_1_232' title='bbox 1718 1189 1797 1220; x_wconf 88' lang='lat' dir='ltr'>Fab.</span> 
     </span>
     <span class='ocr_line' id='line_1_41' title="bbox 1130 1231 1798 1269; baseline -0.005 -6"><span class='ocrx_word' id='word_1_233' title='bbox 1130 1232 1296 1269; x_wconf 85' lang='lat' dir='ltr'>Rulliano,</span> <span class='ocrx_word' id='word_1_234' title='bbox 1320 1235 1352 1262; x_wconf 80' lang='lat' dir='ltr'>et</span> <span class='ocrx_word' id='word_1_235' title='bbox 1374 1232 1448 1262; x_wconf 88' lang='lat' dir='ltr'>Val.</span> <span class='ocrx_word' id='word_1_236' title='bbox 1471 1232 1561 1262; x_wconf 85' lang='lat' dir='ltr'>Max.</span> <span class='ocrx_word' id='word_1_237' title='bbox 1583 1231 1614 1263; x_wconf 89' lang='lat' dir='ltr'>ii.</span> <span class='ocrx_word' id='word_1_238' title='bbox 1639 1241 1667 1262; x_wconf 81' lang='lat'>2.</span> <span class='ocrx_word' id='word_1_239' title='bbox 1691 1232 1798 1263; x_wconf 72' lang='lat' dir='ltr'>Ctmv.</span> 
     </span>
     <span class='ocr_line' id='line_1_42' title="bbox 1130 1274 1800 1307; baseline -0.004 0"><span class='ocrx_word' id='word_1_240' title='bbox 1130 1275 1312 1307; x_wconf 84' lang='lat' dir='ltr'>Niebuhrio</span> <span class='ocrx_word' id='word_1_241' title='bbox 1328 1275 1453 1305; x_wconf 89' lang='lat' dir='ltr'>videtur</span> <span class='ocrx_word' id='word_1_242' title='bbox 1474 1274 1554 1305; x_wconf 86' lang='lat' dir='ltr'>hos&#39;</span> <span class='ocrx_word' id='word_1_243' title='bbox 1555 1284 1701 1305; x_wconf 84' lang='lat' dir='ltr'>censores</span> <span class='ocrx_word' id='word_1_244' title='bbox 1715 1284 1800 1304; x_wconf 83' lang='lat' dir='ltr'>nova.</span> 
     </span>
     <span class='ocr_line' id='line_1_43' title="bbox 1130 1316 1799 1365; baseline -0.003 -17"><span class='ocrx_word' id='word_1_245' title='bbox 1130 1319 1269 1357; x_wconf 86' lang='lat' dir='ltr'>quadam</span> <span class='ocrx_word' id='word_1_246' title='bbox 1286 1317 1407 1348; x_wconf 88' lang='lat' dir='ltr'>ratione</span> <span class='ocrx_word' id='word_1_247' title='bbox 1428 1328 1468 1348; x_wconf 84' lang='lat' dir='ltr'>ex</span> <span class='ocrx_word' id='word_1_248' title='bbox 1491 1327 1588 1347; x_wconf 84' lang='lat' dir='ltr'>censu</span> <span class='ocrx_word' id='word_1_249' title='bbox 1608 1316 1731 1365; x_wconf 84' lang='lat' dir='ltr'>equites</span> <span class='ocrx_word' id='word_1_250' title='bbox 1751 1326 1799 1347; x_wconf 87' lang='lat' dir='ltr'>or-</span> 
     </span>
     <span class='ocr_line' id='line_1_44' title="bbox 1131 1359 1800 1400; baseline -0.001 -9"><span class='ocrx_word' id='word_1_251' title='bbox 1131 1361 1266 1398; x_wconf 87' lang='lat' dir='ltr'>dinasse,</span> <span class='ocrx_word' id='word_1_252' title='bbox 1297 1360 1418 1391; x_wconf 84' lang='lat' dir='ltr'>scilicet</span> <span class='ocrx_word' id='word_1_253' title='bbox 1455 1370 1576 1399; x_wconf 89' lang='lat' dir='ltr'>omnes,</span> <span class='ocrx_word' id='word_1_254' title='bbox 1606 1359 1660 1399; x_wconf 88' lang='lat' dir='ltr'>qui</span> <span class='ocrx_word' id='word_1_255' title='bbox 1697 1359 1800 1400; x_wconf 87' lang='lat' dir='ltr'>pluris</span> 
     </span>
     <span class='ocr_line' id='line_1_45' title="bbox 1130 1402 1798 1443; baseline -0.001 -9"><span class='ocrx_word' id='word_1_256' title='bbox 1130 1414 1227 1443; x_wconf 85' lang='lat' dir='ltr'>quam</span> <span class='ocrx_word' id='word_1_257' title='bbox 1254 1406 1383 1434; x_wconf 85' lang='lat' dir='ltr'>centum</span> <span class='ocrx_word' id='word_1_258' title='bbox 1411 1402 1554 1434; x_wconf 86' lang='lat' dir='ltr'>millibus</span> <span class='ocrx_word' id='word_1_259' title='bbox 1582 1402 1663 1433; x_wconf 87' lang='lat' dir='ltr'>aeris</span> <span class='ocrx_word' id='word_1_260' title='bbox 1693 1412 1798 1433; x_wconf 81' lang='lat' dir='ltr'>cense-</span> 
     </span>
     <span class='ocr_line' id='line_1_46' title="bbox 1130 1444 1799 1485; baseline -0.003 -8"><span class='ocrx_word' id='word_1_261' title='bbox 1130 1451 1248 1484; x_wconf 87' lang='lat' dir='ltr'>rentur,</span> <span class='ocrx_word' id='word_1_262' title='bbox 1275 1446 1307 1476; x_wconf 85' lang='lat' dir='ltr'>in</span> <span class='ocrx_word' id='word_1_263' title='bbox 1331 1445 1501 1476; x_wconf 87' lang='lat' dir='ltr'>duodecim</span> <span class='ocrx_word' id='word_1_264' title='bbox 1529 1445 1688 1476; x_wconf 77' lang='lat' dir='ltr'>centurias</span> <span class='ocrx_word' id='word_1_265' title='bbox 1711 1444 1799 1485; x_wconf 90' lang='lat' dir='ltr'>equi-</span> 
     </span>
     <span class='ocr_line' id='line_1_47' title="bbox 1130 1487 1797 1529; baseline 0.001 -10"><span class='ocrx_word' id='word_1_266' title='bbox 1130 1493 1200 1520; x_wconf 84' lang='lat' dir='ltr'>tum</span> <span class='ocrx_word' id='word_1_267' title='bbox 1232 1489 1431 1529; x_wconf 86' lang='lat' dir='ltr'>plebeiorum</span> <span class='ocrx_word' id='word_1_268' title='bbox 1460 1489 1657 1520; x_wconf 85' lang='lat' dir='ltr'>ascribendo.</span> <span class='ocrx_word' id='word_1_269' title='bbox 1691 1487 1735 1520; x_wconf 86' lang='lat' dir='ltr'>iii.</span> <span class='ocrx_word' id='word_1_270' title='bbox 1765 1499 1797 1520; x_wconf 86' lang='lat' dir='ltr'>n.</span> 
     </span>
    </p>
   </div>
   <div class='ocr_carea' id='block_1_8' title="bbox 1133 1534 1203 1572">
    <p class='ocr_par' dir='ltr' id='par_1_11' title="bbox 1133 1534 1203 1572">
     <span class='ocr_line' id='line_1_48' title="bbox 1133 1534 1203 1572; baseline 0 0"><span class='ocrx_word' id='word_1_271' title='bbox 1133 1534 1203 1572; x_wconf 82' lang='lat'>587·</span> 
     </span>
    </p>
   </div>
  </div>
 </body>
</html>
