1934 3211
577 181 703 222 LIB.
738 180 817 222 ΙΙΙ.
865 181 1012 223 CAP.
1045 188 1112 225 55.
1465 188 1547 229 205

152 287 304 314 novam
333 272 485 328 legem,
523 275 535 294 ‘
551 270 621 312 Ne
655 271 750 327 quis
785 270 918 312 ullum
954 272 1243 328 magistratum
1278 275 1368 316 sine
1399 290 1551 331 provo-
1566 284 1610 315 U.
1627 282 1666 315 C.
1685 282 1757 322 306-

154 335 167 354 ‘
182 329 346 371 catione
367 337 552 378 crearet3
578 328 652 384 qui
673 336 865 378 creasset,
887 343 986 370 eum
1007 329 1072 370 ius
1091 329 1237 386 fasque
1259 340 1369 372 esset
1388 333 1547 374 occidi:
1565 327 1604 358 A·
1628 326 1667 356 C..
1683 325 1757 364 ⁴4⁶·

154 391 287 427 ‘neve
328 400 379 427 ea
418 386 568 428 caedes
608 386 797 441 capitalis
836 401 972 427 noxae
1012 386 1264 429 haberetur.’

1325 388 1382 429 Et
1418 404 1551 444 quum

181 442 319 484 lebem
359 442 459 484 hinc
499 443 810 499 provocatione,
847 442 947 483 hinc
987 443 1214 485 tribunicio
1255 445 1412 486 auxilio
1453 447 1552 487 satis

151 458 398 550 firmassent,
424 500 524 557 ipsis
545 515 715 556 quoque
741 500 932 550 tribunis,
960 509 1007 541 ut
1035 502 1285 543 sacrosancti
1307 502 1553 544 viderentur

151 556 292 656 Seuius
318 558 379 600 rei
406 573 536 614 prope
565 558 648 598 iam
677 557 879 598 memoria
910 557 1184 613 aboleverat,)
1212 559 1352 600 relatis
1378 560 1552 616 quibus-

181 629 250 656 am
270 630 324 656 ex
345 630 498 680 magno
519 615 739 656 intervallo
756 615 1032 665 caerimoniis,
1049 625 1328 666 renovarunt3
1359 626 1402 658 et
1417 633 1550 673 quum

120 709 140 740 8

151 671 354 727 religione
376 673 596 714 mviolatos
612 688 695 722 cog,
715 682 804 713 tum
826 671 918 727 lege
940 672 1066 713 etiam
1082 673 1288 724 fecerunt,
1306 675 1549 724 sanciendo,

119 760 140 792 9
153 734 166 753 ‘
182 728 256 780 Ut,
289 730 363 786 qui
395 730 573 771 tribunis
608 730 754 786 plebis,
791 729 1009 779 aedilibus,
1046 729 1268 780 iudicibus,
1305 732 1553 773 decemviris

124 803 136 824 1
153 791 166 810 ‘
181 787 404 836 nocuisset,
427 788 517 828 eius
538 796 665 843 caput
686 786 776 828 Iovi
798 801 961 828 sacrum
983 791 1116 828 esset:
1150 788 1308 829 familia
1328 789 1382 830 ad
1403 789 1551 830 aedem

121 862 138 885 2
153 848 165 868 ‘
183 843 364 895 Cereris,
387 844 544 894 Liberi,
568 844 832 900 Liberaeque
854 859 1010 885 venum
1038 844 1144 886 iret.'

196 973 215 1004 8
238 973 422 1010 [radicibus]
449 972 524 1002 Hac
539 971 760 1011 appellatione
775 981 829 1001 ne-

151 1018 206 1055 gat
232 1015 315 1046 infra
342 1015 454 1046 Livius
483 1014 641 1053 designari
669 1014 729 1044 hoc
758 1014 830 1044 loco

152 1058 312 1091 consules.
345 1067 405 1088 nec
439 1057 535 1087 docet
568 1057 700 1096 quinam
735 1056 828 1086 intel-

153 1099 209 1140 ligi
240 1100 390 1130 debeant.
441 1099 626 1129 Perizonius
660 1099 701 1129 de
733 1099 828 1129 Prae-

152 1142 235 1172 torio
271 1142 291 1172 i.
326 1150 352 1181 7.
388 1141 541 1181 intelligit
577 1142 700 1172 aediles
730 1141 828 1180 ipsos,

152 1194 233 1224 quos
271 1184 369 1215 Dion.
408 1184 448 1214 vi.
482 1193 533 1224 90.
575 1188 698 1214 creatos
738 1183 828 1220 dicit,

153 1230 190 1257 ut
212 1227 296 1258 inter
321 1226 386 1257 alia
412 1226 525 1257 munia
551 1226 648 1256 etiam
672 1227 828 1256 diiudica-

152 1274 226 1300 rent
241 1270 322 1306 lites,
338 1280 419 1310 quas
436 1270 500 1299 illis
523 1270 645 1299 tribuni
666 1269 828 1308 permitte-

152 1316 246 1348 rent,·
270 1316 368 1351 atque
384 1312 459 1342 inde
477 1311 661 1351 appellatos
679 1321 742 1341 non
763 1320 829 1340 mo-

153 1354 196 1384 do
220 1355 423 1385 tribunorum
448 1355 610 1384 ministros
631 1358 662 1384 et
684 1354 830 1392 colle-aas,

153 1396 209 1427 sed
237 1396 334 1427 etiam
360 1396 508 1427 δικαστὰς
527 1397 658 1427 iudices.
707 1395 829 1425 Verum

153 1438 230 1469 huic
246 1439 502 1479 interpretationi
519 1438 550 1468 id
564 1441 733 1477 repugnat,
744 1437 830 1476 quod

153 1483 271 1513 aediles
287 1481 347 1512 hac
364 1481 395 1512 in
413 1482 483 1521 lege
499 1480 562 1510 iam
581 1479 739 1519 appellati
755 1482 830 1509 sunt

153 1524 278 1554 solenni
308 1529 340 1555 et
371 1524 512 1554 maxime
542 1522 660 1552 usitato
687 1521 829 1557 nomine,

154 1576 213 1597 nec
252 1567 385 1607 proinde
418 1566 565 1596 videntur
602 1574 693 1604 posse
724 1573 830 1594 rursus

153 1609 295 1640 iudicum
311 1608 531 1649 appellatione
547 1606 716 1646 designari.
761 1606 828 1636 No-

153 1651 203 1682 bis
220 1652 253 1682 id
272 1661 372 1682 unum
396 1651 509 1690 liquet,
530 1650 562 1680 in
581 1653 651 1680 tota
673 1648 734 1679 hac
758 1649 828 1687 lege

152 1693 204 1734 agi
220 1694 260 1725 de
278 1693 413 1734 plebeiis
435 1691 684 1732 magistratibus,
702 1691 750 1722 vel
773 1691 827 1720 ho-

153 1736 294 1767 minibus
309 1736 349 1767 de
366 1736 460 1776 plebe
480 1734 643 1775 negotium
660 1733 827 1774 publicum

152 1779 347 1819 gerentibus,
371 1778 402 1809 in
425 1778 561 1818 gratiam
583 1776 669 1808 enim
691 1779 723 1807 et
743 1786 828 1806 com-

153 1821 286 1852 modum
313 1821 417 1861 plebis
438 1820 537 1851 solius
560 1820 627 1850 lata
649 1822 707 1850 est.
763 1818 828 1849 De·

153 1862 240 1902 inde,
258 1863 284 1894 si
308 1864 396 1894 fuere
418 1862 540 1893 iudices
561 1862 615 1901 qui
639 1861 670 1892 in
695 1861 828 1892 consilio

154 1910 259 1938 essent
284 1906 420 1937 tribunis
446 1909 479 1936 et
504 1905 663 1935 aedilibus
691 1904 763 1935 lites
782 1903 826 1933 di-

155 1948 382 1985 iudicantibus,
405 1949 446 1978 de
473 1947 510 1977 iis
534 1947 620 1978 hunc
648 1947 755 1977 locum
781 1946 826 1976 in-

153 1992 396 2031 terpretandum
420 2000 488 2021 esse
512 1989 741 2029 putaverimus.
765 1990 827 2020 Cu.

154 2033 421 2069 C'eruumvirales,
437 2032 532 2062 fuisse
554 2031 688 2062 Niebhr.
709 2032 828 2070 placet,

154 2077 210 2107 sed
225 2076 320 2106 aliter
335 2075 490 2114 Zumptio
508 2074 644 2109 videtur,
660 2073 714 2112 qui
734 2073 829 2102 inter-

156 2118 364 2158 punctionem
381 2117 479 2153 tollit,
494 2120 527 2146 et
542 2117 701 2146 iudicibus
712 2116 829 2146 decem-

155 2162 235 2192 viris
250 2159 368 2190 scribit.

198 2213 218 2244 9
241 2202 454 2239 Decemviris]
490 2200 634 2236 Quinam
652 2204 768 2235 essent,
785 2199 829 2229 in-

156 2251 278 2277 certum
304 2249 363 2282 est,
384 2245 505 2284 quippe
529 2244 698 2273 decemviri
722 2243 831 2272 litibus

155 2289 338 2320 iudicandis
363 2287 469 2318 adhuc
494 2285 576 2316 nulli
604 2289 705 2315 erant.
752 2285 829 2315 Nie-

156 2331 271 2362 buhrio
297 2330 422 2361 videtur
448 2329 479 2359 in
505 2328 614 2358 animo
641 2327 736 2358 fuisse
766 2327 829 2358 Ro-

156 2373 259 2404 manis
272 2372 442 2411 collegium
457 2372 569 2402 decem
587 2370 830 2410 magistratuum

157 2426 263 2447 rursus
285 2415 462 2450 instituere,
479 2418 648 2454 postquam
671 2413 740 2443 iura
766 2412 829 2452 ple-

156 2459 300 2489 beiorum
317 2468 389 2488 cum
408 2455 549 2498 patriciis
569 2459 708 2495 aequata
730 2459 832 2491 erant,

157 2505 189 2531 et
213 2499 358 2540 plebeios
379 2499 588 2534 decemviros,
604 2498 628 2528 si
645 2497 699 2537 qui
717 2497 832 2533 forent,

157 2543 199 2573 ub
229 2542 344 2573 iniuria
373 2542 554 2572 defendere.
607 2540 691 2571 Fieri
723 2544 830 2570 tamen

159 2588 265 2625 potest
280 2588 316 2615 ut
333 2583 444 2614 Livius
457 2584 553 2614 verba
569 2583 648 2621 legis
663 2582 830 2612 cuiusdam

159 2625 340 2667 posterioris
362 2626 432 2657 aevi
457 2624 643 2665 respexerit,
665 2629 762 2664 atquc
787 2625 831 2654 in-

159 2669 284 2701 cautius
298 2669 338 2699 nd
362 2668 440 2698 haec
455 2672 603 2707 tempora
618 2667 724 2698 referri
742 2671 832 2706 puta-

160 2711 248 2742 verit.
295 2711 358 2741 Sed
385 2709 583 2749 Pomponius
601 2710 641 2739 dc
661 2709 747 2747 Orig.
768 2709 831 2739 Iur.

160 2764 188 2785 2.
211 2755 228 2791 5
252 2763 301 2794 29.
329 2752 402 2791 Dig.
428 2752 535 2782 scribit
563 2752 686 2787 deinde.
711 2751 832 2780 scilicet

160 2798 198 2828 Λ.
211 2797 248 2828 C.
268 2805 338 2834 242.
356 2806 426 2825 eum
446 2799 525 2824 casce
548 2795 745 2824 neec-suarim
769 2804 830 2822 ma-

155 2841 324 2880 gistratus,
340 2839 394 2878 qni
411 2838 522 2867 limiae
535 2836 831 2876 pracenneealeccm-

158 2883 221 2913 viri
245 2882 353 2912 milam
377 2880 558 2910 iudicandis
581 2883 656 2908 ,curu
683 2879 834 2913 instituti,

159 2934 222 2964 quo
261 2928 405 2962 tempore
443 2921 670 2953 Communium
705 2931 832 2959 quoque

1206 844 1300 887 Hac
1328 845 1420 902 lege
1450 847 1554 888 iuris

875 971 945 1010 lege
972 973 1113 1003 Aebutia
1142 973 1280 1013 primum
1307 978 1431 1005 creatos
1456 974 1554 1005 fuisse.

875 1014 994 1044 Anton.
1023 1016 1222 1055 Augustinus
1251 1017 1371 1056 aliique
1398 1017 1552 1047 arbitran—

873 1060 934 1087 tur.
982 1057 1109 1094 Festus,
1133 1061 1346 1090 centumviros
1377 1064 1483 1091 ternos
1513 1071 1555 1091 exv

872 1099 1010 1137 sinyulis
1045 1101 1192 1131 tribubus
1222 1103 1334 1133 electos
1364 1113 1441 1139 esse,
1468 1107 1553 1142 post—

873 1151 970 1180 quam
980 1143 1099 1173 Romae
1109 1145 1244 1182 triqinta
1256 1149 1288 1175 et
1296 1146 1440 1184 quinque
1449 1146 1553 1174 tribus

865 1184 1021 1221 suerunt,
1052 1185 1172 1221 scribit,
1202 1187 1258 1216 sed
1286 1187 1472 1226 Zumptius,
1498 1187 1553 1226 qui

875 1226 944 1265 lege
973 1227 1115 1257 Aebutia
1143 1232 1271 1258 tantum
1300 1231 1440 1260 actiones
1463 1231 1553 1268 leyis,

876 1272 1101 1307 praeterquam
1127 1269 1158 1300 in
1187 1271 1292 1301 causis
1315 1271 1553 1301 centumvirali-

874 1310 946 1348 bus,
961 1311 1104 1342 sublatas
1122 1322 1190 1343 esse
1207 1317 1299 1352 putat
1317 1311 1374 1352 (cf.
1392 1313 1497 1343 Gaius
1512 1314 1552 1344 iv.

876 1361 925 1391 30.
943 1354 982 1383 A.
994 1353 1081 1384 Gell.
1096 1354 1159 1384 xvi.
1178 1354 1242 1395 10,)
1261 1355 1293 1384 in
1308 1355 1389 1384 libro
1405 1365 1462 1385 suo
1478 1357 1555 1386 iiber

873 1396 931 1424 das
961 1395 1307 1435 Centumviralyericlit
1338 1397 1555 1428 centumviros

875 1446 914 1466 ex
935 1436 1005 1475 lege
1022 1445 1073 1467 xu
1092 1439 1277 1468 tabularum
1302 1439 1442 1478 primum
1468 1449 1552 1469 crea-

875 1483 924 1508 tos
939 1488 1008 1509 esse
1024 1479 1144 1518 scribit,
1161 1481 1276 1520 quinos
1292 1491 1332 1511 ex
1350 1481 1484 1521 singulis
1499 1482 1552 1511 tri-

873 1521 989 1558 bubus,
1006 1531 1106 1560 quum
1125 1523 1235 1563 viginti
1253 1527 1285 1554 et
1301 1533 1366 1553 una
1386 1524 1488 1554 tribus
1507 1534 1552 1554 es-

873 1567 964 1600 sent;
987 1568 1101 1603 postea
1122 1571 1232 1596 autem
1257 1570 1388 1596 eentum
1412 1570 1445 1596 et
1466 1570 1552 1596 octo-

871 1605 961 1645 ginta
984 1605 1106 1637 iudices
1127 1607 1236 1645 fuisse,
1252 1618 1352 1648 quum
1374 1608 1476 1638 tribus
1498 1609 1551 1638 tri-

871 1648 961 1687 ginta
998 1652 1031 1679 et
1067 1649 1209 1689 quinque
1246 1654 1363 1688 essent,
1401 1655 1554 1690 quattuor

874 1690 1014 1721 consiliis
1030 1693 1236 1732 conscriptos.
1261 1693 1300 1723 cf.
1321 1693 1405 1724 Plin.
1430 1693 1493 1733 Ep.
1512 1693 1552 1724 vi.

875 1742 924 1772 33.
970 1733 1120 1764 Muretus
1156 1735 1189 1765 in
1220 1740 1394 1766 comment.
1423 1746 1481 1766 suo
1512 1736 1553 1766 de

875 1775 962 1815 Orig.
1002 1776 1090 1815 Mag.
1130 1787 1148 1807 e
1190 1778 1397 1808 centumviris
1439 1779 1551 1808 decem

873 1817 970 1848 fuisse
999 1819 1205 1858 magistratus
1231 1820 1352 1857 scribit,
1382 1820 1437 1860 qui
1467 1821 1551 1852 dice-

873 1861 990 1890 bantur
1011 1861 1181 1893 decemviri
1205 1864 1326 1900 litibus,
1353 1868 1422 1898 aut,
1446 1867 1481 1893 ut
1502 1874 1552 1894 ve-

872 1907 955 1933 teres
968 1903 1195 1943 loquebantur,
1204 1906 1343 1936 stlitibus
1358 1907 1551 1936 iudicandis

874 1945 921 1975 111
952 1947 1109 1985 cogebant
1144 1947 1265 1978 iudicia
1295 1948 1551 1978 centumviralia.

874 1987 1025 2018 Lucanus
1037 1988 1069 2018 in
1083 1989 1223 2020 carmine
1236 1990 1277 2020 ad
1293 1990 1443 2021 Pisonem
1457 2000 1529 2029 v.41
1544 2002 1551 2020 t

917 2051 981 2082 Seu
1003 2052 1145 2091 trepidos
1168 2054 1209 2083 ad
1232 2053 1303 2083 ium
1324 2054 1435 2084 decem
1459 2059 1552 2084 vocnt

1005 2093 1097 2124 hasta
1115 2095 1264 2131 virorum,

922 2135 964 2165 Et
996 2136 1123 2167 firmare
1158 2137 1246 2167 iubet
1277 2141 1413 2167 centeno
1446 2136 1553 2168 iudice

1005 2188 1126 2209 causam.

878 2242 1037 2282 Equidem
1053 2252 1115 2273 non
1131 2243 1223 2273 video
1236 2253 1292 2273 cur
1303 2242 1458 2283 Zumptio
1470 2244 1552 2273 ndeo

875 2285 1045 2325 displiceat
1063 2285 1234 2316 Niebuhrii
1253 2285 1447 2321 coniectura,
1460 2286 1551 2325 quip-

876 2338 916 2367 pe
948 2328 1007 2358 nisi
1039 2328 1229 2358 centumviri
1262 2327 1466 2366 magistratus
1498 2338 1551 2367 pa-

876 2370 957 2400 tricii
982 2367 1099 2407 esseni,
1121 2370 1158 2400 iis
1183 2370 1312 2410 quidem
1338 2370 1424 2400 haud
1455 2370 1552 2400 dubie

875 2423 977 2452 aeque
1004 2417 1101 2452 atquc
1128 2412 1328 2448 decemviris,
1351 2417 1553 2443 sacrosancta

877 2460 1019 2495 potestas
1034 2456 1240 2486 concedenda
1257 2455 1377 2485 fuisset.
1415 2455 1550 2485 Wachs-

877 2498 978 2528 mutli.
998 2508 1027 2537 p.
1046 2497 1116 2537 366.
1148 2508 1202 2527 eos
1228 2497 1370 2536 plebeios
1396 2498 1551 2536 quosdam

877 2540 1082 2578 magistratus
1111 2541 1277 2579 inferioris
1304 2541 1426 2569 ordinis
1457 2540 1553 2570 fuisse

877 2586 995 2613 censet.

925 2634 934 2654 ι
963 2625 1120 2662 Familia]
1152 2626 1289 2656 Familia
1309 2634 1364 2663 pro
1382 2623 1491 2654 bonis:
1518 2629 1553 2654 ut

878 2666 909 2697 in
933 2667 1059 2696 notione
1074 2668 1226 2705 firmiliae
1248 2667 1466 2701 erciscundae.
1487 2666 1507 2697 i.
1523 2677 1552 2698 υ.

878 2709 1070 2739 dividendae
1098 2708 1314 2739 haereditatis.
1366 2708 1418 2738 sic
1445 2714 1477 2739 et
1495 2710 1552 2748 sa-

877 2752 984 2781 milimi
1007 2755 1128 2790 emptor
1152 2751 1274 2786 huores,
1295 2750 1348 2790 qui
1374 2751 1553 2790 tingebatur

877 2803 983 2824 emere
1000 2794 1083 2824 bona
1099 2804 1118 2823 a
1134 2797 1295 2824 testatore.
1317 2794 1424 2824 Ciu-:m

922 2844 937 2864 2
967 2836 1089 2872 Liberi]
1133 2835 1206 2866 Non
1235 2836 1314 2870 eius,
1341 2835 1395 2874 qui
1424 2835 1552 2866 Semele

879 2882 972 2907 natus
988 2883 1073 2908 erut:
1100 2878 1154 2908 sed
1171 2877 1250 2914 eius,
1261 2878 1313 2917 qui
1325 2877 1451 2909 Cereris
1469 2878 1553 2908 filiun

877 2930 948 2950 cum
981 2931 1017 2951 ea
1050 2920 1225 2957 colebatur,
1257 2925 1287 2950 et
1319 2930 1393 2952 cum
1426 2920 1553 2955 Libera.
