1934 3211
423 191 475 231 76
929 191 1074 232 ΤΙΤΙ
1117 191 1296 233 LIVII

421 279 597 321 aliorum
613 281 657 320 in
670 295 786 321 suam
802 282 971 324 vertisse
989 283 1230 325 servitutem
1247 284 1356 324 inter
1371 298 1414 324 se
1428 281 1803 338 conquerebantur.

423 343 435 361 ‘
449 337 613 394 Regem
637 337 851 380 hominem
873 355 973 390 esse,
997 356 1020 382 a
1041 356 1125 397 quo
1145 342 1353 398 impetres,
1371 340 1444 381 ubi
1464 340 1540 389 ius,
1562 339 1634 380 ubi
1655 337 1807 378 iniuria

423 401 551 451 ‘opus
581 396 654 437 sit:
689 411 776 438 esse
803 398 958 453 gratiae
987 398 1139 448 locum,
1166 414 1253 440 esse
1284 398 1512 446 benefici03
1545 405 1587 438 et
1617 395 1736 436 irasci
1763 402 1807 436 et

424 453 661 509 ‘ignoscere
682 469 823 510 posse:
857 455 967 497 inter
987 457 1167 497 amicum
1189 466 1313 512 atque
1341 455 1560 496 inimicum
1580 453 1806 494 discrimen

423 516 578 552 ‘nosse
633 510 768 568 Leges
789 528 877 553 rem
898 513 1077 564 surdam,
1100 513 1399 555 inexorabilem
1413 527 1514 562 esse,
1536 510 1805 552 salubriorem

423 567 747 624 ‘melioremque
780 570 909 627 inopi,
943 587 1069 626 quam
1099 571 1284 627 potenti:
1328 570 1436 611 nihil
1465 568 1692 610 laxamenti
1726 581 1806 608 nec

423 626 591 667 ‘veniae
623 626 788 677 habere,
820 628 853 668 si
884 628 1056 669 modum
1087 628 1322 669 excesseris.
1385 626 1671 668 Periculosum
1702 639 1804 674 esse,

423 683 491 724 ‘in
513 693 574 725 tot
593 684 786 725 humanis
807 686 1013 727 erroribus
1033 685 1119 727 sola
1139 685 1380 727 innocentia
1399 684 1563 726 vivere.’
1622 682 1701 732 Ita,
1723 682 1807 723 iam

421 756 494 782 sua
525 750 671 797 sponte
704 743 837 799 aegris
870 743 1029 793 animis,
1061 743 1187 800 legati
1217 744 1268 784 ab
1298 742 1464 799 regibus
1493 739 1806 798 superveniunt,

421 799 508 840 sine
550 799 762 840 mentione
803 800 960 841 reditus
995 802 1105 842 bona
1138 810 1300 842 tantum
1336 808 1583 856 repetentes.
1647 796 1807 839 Eorum

420 857 546 897 verba
570 864 789 911 postquam
816 858 860 898 in
888 869 1035 899 senatu
1063 858 1204 900 audita
1232 867 1341 908 sunt,
1363 873 1439 914 per
1463 857 1623 913 aliquot
1647 855 1738 897 dies
1757 869 1808 896 ea

421 913 670 954 consultatio
703 915 860 956 tenuit:
904 931 957 957 ne
988 931 1073 957 non
1104 916 1280 966 reddita,
1311 916 1411 958 belli
1441 930 1586 963 causa3
1629 912 1805 962 reddita,

421 970 520 1012 belli
553 971 725 1012 materia
757 981 798 1012 et
833 973 1122 1014 adiumentum
1159 983 1306 1015 essent.
1369 973 1546 1014 Interim
1576 971 1703 1028 legati
1737 969 1808 1011 alii

421 1028 501 1069 alia
521 1028 670 1078 moliri,
693 1038 833 1085 aperte
855 1032 968 1072 bona
987 1040 1236 1087 repetentes,
1259 1031 1366 1072 clam
1388 1029 1663 1086 recuperandi
1687 1027 1806 1084 regni

421 1085 593 1127 consilia
622 1094 790 1128 struere.
855 1087 923 1138 Et,
950 1096 1149 1144 tanquam
1180 1089 1232 1129 ad
1257 1089 1314 1138 id,
1340 1089 1455 1144 quod
1479 1088 1546 1144 agi
1572 1086 1840 1135 videbatur‚6

422 1143 654 1185 ambientes
686 1144 893 1186 nobilium
924 1145 1251 1187 adolescentium
1286 1146 1445 1187 animos
1479 1152 1741 1202 pertentant:
1784 1158 1810 1184 a

421 1201 575 1257 quibus
596 1201 757 1257 placide
787 1203 917 1244 oratio
943 1212 1115 1259 accepta
1135 1212 1209 1253 est,
1232 1203 1295 1244 his
1324 1203 1464 1244 literas
1484 1205 1538 1245 ab
1564 1201 1808 1258 Tarquiniis

422 1258 626 1307 reddunt,
660 1268 703 1300 et
733 1259 784 1300 de
817 1260 1070 1317 accipiendis
1100 1261 1207 1302 clam
1231 1270 1355 1302 nocte
1387 1261 1431 1301 in
1461 1262 1610 1302 urbem
1639 1259 1809 1315 regibus

287 1312 326 1348 4·
421 1316 727 1373 colloquuntur.
790 1317 972 1359 Vitelliis
1001 1318 1284 1374 Aquilliisque
1313 1318 1508 1359 fratribus
1534 1317 1669 1374 primo
1696 1329 1840 1361 com-7

421 1374 545 1415 missa
564 1389 629 1415 res
650 1383 722 1415 est.
785 1375 1053 1417 Vitelliorum
1073 1391 1188 1418 soror
1209 1376 1369 1418 consuli
1390 1384 1522 1432 nupta
1542 1375 1676 1417 Bruto
1696 1382 1807 1415 erat:

420 1432 586 1488 iamque
609 1447 662 1473 ex
691 1448 741 1474 eo
768 1433 1032 1474 matrimonio
1064 1434 1348 1476 adolescentes
1376 1443 1495 1475 erant
1524 1431 1662 1482 liberi,
1685 1431 1809 1473 Titus

422 1489 728 1546 Tiberiusque:
763 1506 832 1531 eos
865 1506 1034 1547 quoque
1067 1492 1111 1532 in
1147 1492 1388 1533 societatem
1422 1490 1582 1532 consilii
1614 1488 1810 1531 avunculi

421 1557 648 1589 assumunt.
710 1547 933 1589 Praeterea
946 1561 988 1590 et
1004 1549 1164 1590 nobiles
1181 1549 1340 1605 aliquot
1356 1548 1640 1590 adolescentes
1653 1547 1810 1589 conscii

421 1605 633 1661 assumpti,
657 1621 836 1661 quorum
857 1615 1061 1648 vetustate
1083 1608 1282 1648 memoria
1303 1607 1418 1649 abiit.
1481 1605 1656 1647 Interim
1677 1619 1808 1661 quum
1827 1653 1829 1656 Ι

421 1663 466 1703 in
486 1672 634 1704 senatu
660 1664 825 1705 vicisset
846 1665 1065 1714 sententia,
1088 1680 1195 1720 quae
1217 1667 1413 1706 censebat
1433 1663 1649 1705 reddenda
1672 1664 1807 1711 bona3

422 1736 598 1776 eamque
621 1721 753 1777 ipsam
775 1737 941 1762 causam
962 1737 1101 1763 morae
1123 1722 1168 1763 in
1188 1724 1292 1764 urbe
1313 1721 1517 1763 haberent
1537 1720 1676 1777 legati,
1694 1719 1810 1776 quod

422 1778 601 1834 spatium
623 1778 676 1819 ad
700 1779 891 1820 vehicula
911 1780 1191 1836 comparanda
1211 1795 1235 1821 a
1262 1780 1501 1821 consulibus
1525 1778 1807 1835 sumpsissent,

422 1836 576 1891 quibus
597 1851 742 1892 regum
759 1846 1017 1893 asportarent
1038 1852 1125 1886 res3
1159 1853 1282 1879 omne
1303 1837 1347 1877 id
1368 1846 1532 1893 tempus
1553 1851 1649 1878 cum
1665 1835 1808 1876 coniu-

422 1893 520 1934 ratis
537 1893 811 1935 consultando
825 1897 1064 1945 absumunt,
1082 1895 1365 1951 evincuntque
1382 1894 1589 1943 instando,
1606 1902 1654 1934 ut
1666 1893 1808 1934 literae

423 1951 500 1992 sibi
521 1951 575 1992 ad
596 1951 848 2007 Tarquinios
869 1952 1089 1993 darentur:
1122 1968 1220 1993 nam
1242 1952 1362 1993 aliter
1382 1953 1455 2008 qui
1475 1951 1705 1993 credituros
1725 1965 1808 2000 eos,

423 2024 509 2050 non
544 2024 649 2050 vana
689 2011 742 2050 ab
781 2009 928 2066 legatis
968 2025 1092 2066 super
1132 2012 1256 2052 rebus
1297 2011 1422 2051 tantis
1462 2009 1630 2050 afferri?
1670 2008 1808 2049 Datae

423 2066 580 2116 literae,
604 2077 650 2107 ut
671 2066 823 2122 pignus
848 2067 946 2108 fidei
969 2078 1119 2118 essent,
1142 2067 1406 2109 manifestum
1425 2067 1586 2109 facinus
1605 2066 1806 2108 fecerunt.

425 2123 537 2164 Nam
569 2139 711 2180 quum,
741 2124 874 2180 pridie
903 2141 1029 2181 quam
1059 2125 1187 2182 legati
1212 2125 1264 2166 ad
1294 2125 1548 2181 Tarquinios
1575 2123 1841 2181 proficisce-8

423 2192 580 2231 rentur,
604 2191 646 2222 et
667 2191 888 2223 coenatiun
907 2183 1014 2224 forte
1036 2183 1148 2239 apud
1170 2183 1363 2224 Vitellios
1384 2192 1503 2234 esset,
1521 2181 1809 2236 coniuratique

424 2239 496 2287 ibi,
520 2239 687 2280 remotis
707 2240 885 2290 arbitris,
908 2240 1042 2281 multa
1062 2242 1172 2282 inter
1196 2256 1239 2282 se
1261 2241 1313 2282 de
1335 2256 1458 2291 novo,
1480 2249 1527 2282 ut
1553 2240 1614 2290 fit,
1636 2237 1810 2281 consilio

425 2297 628 2352 egissent3
661 2312 896 2338 sermonem
913 2313 1058 2339 eorum
1079 2313 1131 2339 cx
1153 2298 1279 2339 servis
1300 2313 1408 2339 unus
1429 2298 1608 2354 excepit,
1631 2297 1705 2353 qui
1725 2296 1810 2336 iam

424 2364 547 2395 antea
566 2354 611 2395 id
632 2364 814 2395 senserat
835 2356 918 2411 agi:
952 2355 1025 2396 sed
1042 2371 1133 2396 eam
1154 2356 1426 2405 occasionem,
1441 2364 1488 2397 ut
1507 2355 1650 2396 literae
1663 2352 1810 2409 legatis

423 2412 633 2461 darentur,
658 2427 765 2468 quae
783 2412 1070 2468 deprehensae
1093 2428 1180 2454 rem
1197 2428 1419 2469 coarguere
1440 2422 1622 2469 possent,
1637 2425 1809 2467 exspec-

425 2471 550 2512 tabat.
613 2469 841 2525 Postquam
877 2470 992 2511 datas
1033 2471 1173 2520 sensit,
1207 2486 1295 2511 rem
1335 2470 1387 2511 ad
1420 2469 1610 2511 consules
1645 2467 1806 2510 detulit„

207 284 250 315 U.
268 285 305 315 C.
323 293 393 323 245.

205 328 243 358 A.
268 327 305 358 C.
323 335 394 366 507.

204 688 393 720 Coniuratio

205 733 245 762 de
261 731 385 771 regibus

204 775 399 806 revocandis.

468 2611 487 2642 6
510 2613 566 2644 Et.
581 2617 733 2651 tanquam
750 2612 793 2641 ad
807 2612 855 2648 id]
884 2611 938 2647 Et,
954 2621 1010 2650 per
1026 2621 1093 2650 spe-

426 2654 505 2683 ciem
530 2654 597 2684 cius
619 2653 736 2693 negotii
753 2654 837 2692 quod
862 2664 969 2684 curare
989 2654 1094 2684 crede-

427 2698 551 2731 bantur,
567 2696 800 2727 circumeuntes
816 2697 935 2726 domos.
959 2696 1063 2727 Cum.

472 2747 487 2776 7
511 2740 642 2769 Vitelliis
652 2740 881 2779 Aquilliv'squc']
902 2739 1093 2770 Sororccol-

429 2780 517 2809 latini
544 2781 667 2818 genitis,
692 2786 725 2811 ut
755 2782 851 2812 Dion.
875 2787 905 2811 et
932 2781 1095 2812 Plutarch.

430 2823 545 2861 placet,
567 2828 595 2852 ct
621 2834 659 2852 ex
685 2824 945 2861 Luceribus.,}10c
968 2828 1026 2861 est,
1041 2826 1096 2854 mi-

429 2875 539 2894 norum
562 2867 703 2903 ,ιμήἱίιιηι
733 2866 882 2904 patribus.
930 2866 1017 2896 Hinc
1042 2877 1094 2906 po-

428 2906 501 2936 steri
532 2916 586 2935 eos
616 2917 670 2944 pro
702 2909 868 2938 iuvenibus
905 2909 1096 2945 habuerunt,

429 2949 512 2988 quod
544 2959 582 2979 cx
611 2950 781 2980 minoribus
813 2951 953 2989 patribus
983 2957 1096 2985 essent,

1139 2616 1171 2641 ct.
1194 2610 1443 2641 coniurationem
1467 2613 1625 2642 minorum
1643 2622 1685 2643 sc.
1708 2612 1808 2644 Luce-

1139 2664 1220 2687 mm,
1238 2664 1293 2693 pro
1315 2653 1533 2684 coniuratione
1555 2655 1808 2686 adolescentium.

1140 2696 1272 2727 Niebhr.
1290 2696 1309 2726 i.
1327 2707 1356 2735 p.
1376 2704 1446 2736 507.

1181 2740 1199 2769 8
1224 2740 1337 2769 Pridie
1349 2750 1444 2779 quam
1459 2740 1572 2778 leyati]
1596 2739 1729 2770 Nemini
1745 2749 1808 2770 non

1140 2781 1171 2811 in
1202 2787 1343 2812 mentem
1372 2782 1500 2812 venient
1529 2782 1562 2812 in
1593 2781 1809 2812 coniuratione

1141 2824 1196 2854 illa
1234 2823 1421 2855 Catilinaria
1459 2824 1569 2855 literae
1599 2825 1808 2864 Allobrogum

1140 2867 1251 2905 legatis
1272 2868 1377 2904 datae,
1397 2870 1429 2897 et
1452 2867 1629 2906 praemium
1651 2876 1740 2896 servo
1762 2866 1807 2898 in-

1141 2909 1202 2940 dici
1220 2909 1357 2940 libertas.
1383 2910 1422 2940 cf.
1440 2910 1568 2941 Sallust.
1585 2909 1655 2940 Cat.
1674 2918 1723 2948 34.
