1934 3211
551 177 676 220 LIB.
720 177 776 218 II.
822 177 968 219 CAP.
1012 182 1078 219 21.

1456 182 1508 220 95

128 271 224 314 Hoc
245 270 370 312 modo
390 269 444 310 ad
464 268 600 310 lacum
624 267 838 325 Regillum
862 276 1096 324 pugnatum
1116 275 1190 308 est.
1255 267 1447 309 Dictator
1467 277 1510 309 et

127 345 169 372 m
225 329 323 369 'ster
341 327 533 392 equitum
553 326 860 382 triumphantes
880 325 925 366 in
945 325 1092 366 urbem
1113 324 1286 366 rediere.

224 385 388 426 riennlo
418 383 572 426 deinde
600 399 679 424 nec
699 392 814 425 certa
839 398 935 440 pax,
956 397 1035 424 nec
1060 381 1217 423 bellum
1237 381 1329 423 fuit.

1395 380 1510 423 Con-

94 443 233 492 9sules
266 443 319 491 Q.
346 441 534 484 Cloelius
561 450 603 483 et
635 441 686 482 T.
711 441 889 483 Lartius.
951 439 1058 481 Inde
1085 439 1138 481 A.
1169 438 1440 496 Sempronius
1468 449 1509 481 et

98 500 189 545 1M.
225 499 452 542 Minucius.
516 499 597 540 His
636 499 875 540 consulibus
909 497 1033 539 aedes
1075 496 1254 539 Saturno
1290 496 1507 538 dedicata:

95 576 112 598 2
128 557 363 601 Saturnalia
381 557 596 598 institutus
621 556 751 598 festus
774 556 874 598 dies.

94 632 113 664 3
125 616 177 658 Τ.
200 615 417 672 Virginius
430 614 620 656 consules
635 615 745 656 facti.
799 613 894 656 Hoc
907 613 1078 655 demum
1094 628 1205 654 anno
1221 612 1275 653 ad
1295 611 1511 669 Regillum
1526 625 1569 656 U.
1587 625 1624 656 C.
1644 626 1714 664 258.

92 673 261 720 4lacum
286 682 534 730 pugnatum,
557 673 668 729 apud
695 672 899 729 quosdam
925 671 1121 720 inveni03
1157 670 1209 711 A.
1234 669 1511 719 Postumium,
1526 669 1564 698 A.
1589 668 1626 698 C·
1643 678 1715 708 494·

155 731 226 773 uia
259 731 418 788 collega
447 731 601 772 dubiae
642 730 741 772 fidei
771 730 909 779 fuerit,
941 744 984 771 se
1024 728 1242 771 consulatu
1272 727 1510 776 abdicasse3

171 797 372 832 ctatorem
405 789 503 830 inde
534 788 702 830 factum.
765 788 893 829 Tanti
925 802 1084 828 errores
1110 786 1327 843 implicant
1352 794 1514 850 tempo?

125 861 233 898 rum,
257 846 377 888 aliter
404 846 517 903 apud
543 846 645 888 alios
669 845 871 887 ordinatis
896 845 1217 902 magistratibus,
1246 852 1306 894 ut,
1332 858 1411 885 nec
1440 858 1513 900 qm

95 904 317 953 5consules
337 903 569 946 secundum
589 903 806 961 quosdam,
828 918 907 944 nec
928 902 1032 959 quid
1053 917 1222 959 quoque
1243 917 1354 943 anno
1375 912 1512 943 actum

126 963 191 1013 sit,
207 963 253 1004 in
273 971 389 1004 tanta
404 971 622 1011 vetustate,
637 977 723 1003 non
738 976 877 1003 rerum
898 960 1036 1009 modo,
1054 960 1127 1001 sed
1144 959 1269 1001 etiam
1283 967 1512 1008 auctorum,

125 1020 314 1120 dliffereoe
333 1020 475 1077 possis.

538 1020 621 1076 Ap.
648 1018 852 1060 Claudius
873 1018 1026 1060 deinde
1055 1027 1097 1059 et
1122 1017 1170 1059 P.
1197 1016 1394 1059 Servilius
1414 1032 1511 1059 con-

125 1093 144 1120 s
191 1093 235 1120 es
253 1078 363 1120 facti.
426 1077 608 1134 Insignis
621 1077 690 1119 hic
707 1092 841 1118 annus
858 1085 920 1118 est
941 1075 1090 1117 nuntio
1112 1075 1334 1131 Tarquinii
1357 1075 1511 1116 mortis.
1530 1086 1572 1118 U.
1589 1087 1627 1118 C.
1646 1096 1716 1128 259.

128 1135 325 1178 Mortuus
345 1144 408 1177 est
432 1134 594 1184 Cumis,
617 1150 703 1191 quo
723 1150 766 1176 sc
788 1143 881 1191 post
902 1134 1051 1175 fractas
1071 1148 1170 1190 opes
1192 1132 1441 1174 Latinorum
1461 1132 1514 1174 ad
1528 1130 1567 1160 A.
1591 1130 1628 1161 C.
1646 1139 1717 1171 493·

94 1193 445 1236 6Arist0demum
468 1202 692 1250 tyrannum
715 1192 960 1234 contulerat.

1024 1190 1088 1232 Eo
1108 1191 1259 1232 nuntio
1280 1191 1407 1232 erecti
1435 1190 1516 1232 Pa-

127 1260 223 1301 tres,
256 1260 396 1293 erecta
426 1250 594 1307 plebes:
633 1250 708 1291 sed
738 1250 935 1292 Patribus
966 1249 1089 1290 nimis
1119 1248 1331 1290 luxuriosa
1359 1264 1409 1290 ea
1437 1248 1517 1289 fuit

168 1411 190 1450 9
209 1403 241 1434 T.
249 1402 397 1440 Lartius]
417 1401 483 1432 Hic
495 1401 632 1432 dictator
644 1401 704 1431 hoc
717 1411 802 1431 anno

129 1454 250 1485 primus
269 1449 395 1476 creatus
415 1444 477 1474 fuit
500 1454 539 1474 ex
561 1443 709 1483 Dionysii
733 1453 802 1474 sen-

127 1488 241 1525 tentia,
261 1492 297 1518 ut
319 1487 382 1518 iam
405 1486 630 1517 annotavimus
647 1495 733 1525 supr.
754 1486 800 1516 18.

128 1530 234 1563 CREv.

176 1583 186 1604 ι
206 1573 308 1604 Aedes
317 1573 475 1610 Saturno]
495 1571 645 1612 Legimus
654 1571 800 1602 Saturni.

129 1615 205 1647 Vid.
221 1615 292 1646 infr.
309 1619 374 1646 not.
390 1615 431 1645 ad
448 1625 476 1645 v.
494 1624 542 1654 23.
590 1614 684 1645 Haec
706 1614 802 1644 aedes

126 1658 188 1689 fuit
210 1657 367 1689 aerarium
391 1657 504 1698 populi
521 1657 675 1695 Romani,
691 1657 723 1687 in
739 1667 802 1696 quo

126 1706 197 1732 tum
217 1701 364 1742 pecunia,
380 1705 449 1731 tum
465 1705 539 1731 acta
557 1700 688 1740 publica
703 1709 800 1730 asser-

127 1744 293 1775 vabantur.
332 1743 414 1774 Eam
428 1743 577 1774 describit
589 1742 734 1774 Macrob.
745 1742 800 1773 Sa-

126 1792 210 1819 turn.
227 1786 247 1818 i.
263 1787 292 1817 8.
317 1786 423 1818 Cussv.

175 1840 193 1861 2
221 1830 431 1867 Saturnalia]
481 1828 704 1860 Saturnalibus
733 1837 802 1858 mos

127 1872 188 1904 fuit
204 1873 313 1904 crebra
327 1871 473 1903 convivia
487 1871 617 1912 agitare,
629 1876 661 1902 et
674 1871 800 1902 mittere

127 1915 186 1947 nihi
209 1915 346 1946 invicem
362 1925 461 1955 quum
484 1915 548 1945 alia
571 1924 715 1951 munera,
730 1918 799 1944 tum

128 1958 225 1989 etiam
243 1968 360 1989 cereos.
406 1957 494 1993 Quin
520 1956 578 1997 ipsi
595 1957 718 1987 domini
739 1967 800 1987 ser-

130 2012 184 2032 vos
206 2012 279 2032 suos
301 2001 453 2031 conviviis
476 2000 661 2031 liberalibus
681 2005 713 2030 et
734 1999 800 2039 opi-

130 2044 214 2085 paris
226 2044 441 2084 accipiebant,
452 2043 553 2082 iisque
568 2043 800 2073 ministrabant.

132 2086 206 2117 Hae
232 2087 328 2117 feriae
355 2086 599 2116 celebrabantur
623 2096 652 2116 a.
679 2085 710 2115 d.
738 2085 800 2115 xiv.

132 2129 209 2160 Kal.
235 2129 361 2160 Ianuar.
385 2138 423 2158 ac
447 2128 549 2168 primo
576 2138 640 2158 uno
664 2127 716 2158 die
745 2128 798 2157 ab-

129 2172 343 2202 solvebantur.
381 2172 544 2209 Augustus
555 2180 609 2200 eius
620 2170 726 2200 triduo
739 2181 798 2200 ser-

133 2215 195 2245 vari
220 2214 317 2245 iussit.
367 2213 439 2244 vid.
463 2214 604 2244 Muci-ob.
629 2214 756 2243 Saturn.
781 2212 800 2243 i.

133 2265 159 2297 7.
187 2262 218 2288 et
251 2267 296 2288 10.
327 2261 359 2287 et
388 2256 473 2296 Lips.
504 2257 630 2286 Saturn.
663 2255 681 2286 i.
711 2265 739 2294 3.
770 2259 801 2285 et

130 2312 159 2339 4.
187 2301 293 2331 Cam.
320 2301 359 2330 cf.
379 2299 445 2330 Ην.
471 2308 546 2329 xxx.
573 2298 621 2338 36.
653 2298 802 2336 Caligula

130 2343 216 2375 diem
232 2342 361 2379 adiecit,
373 2342 461 2373 Suet.
475 2341 577 2381 Calig.
596 2350 641 2380 17.
687 2341 803 2371 Postea

130 2385 385 2427 “sigium-iorum
417 2384 544 2415 adiecta
574 2383 743 2414 celebritas
770 2383 801 2414 in

131 2434 254 2469 neptem
282 2428 349 2459 dies
375 2427 550 2458 discursum
582 2427 745 2466 publicum
771 2431 802 2456 ct

133 2471 287 2502 laetiunm
304 2470 465 2510 religioniu
479 2470 658 2500 extendit.”
682 2470 720 2500 cf.
733 2470 801 2500 Mn-

133 2514 218 2544 crob.
267 2514 362 2545 Unde
387 2513 493 2544 evcnit
519 2518 551 2543 ut
578 2512 760 2543 Saturnalia
784 2523 803 2542 a

137 2555 222 2586 x1v¹⁶
236 2566 335 2596 usque
349 2556 388 2586 ad
406 2560 521 2586 numm
538 2555 622 2585 «lieni
635 2560 711 2585 ante
728 2555 802 2585 Kal.

139 2597 206 2628 lan.
230 2597 332 2638 (apud
359 2609 416 2629 non
439 2598 706 2638 {variamus-day)
730 2608 802 2627 cun-

135 2640 226 2670 tinuo
241 2641 351 2671 ordine
367 2642 526 2671 celebrata
542 2641 668 2671 fuerint.

179 2692 197 2721 ‚3
225 2684 293 2714 llo<-
321 2684 443 2714 demum
472 2684 574 2720 anno]
624 2683 673 2713 lta
700 2687 804 2712 narr-tt

140 2726 234 2756 Dion.
258 2725 296 2756 vi.
323 2734 354 2756 ²:
379 2730 476 2764 utque
503 2725 584 2756 hunc
611 2725 801 2755 sententium

137 2770 239 2799 linnnt
265 2768 331 2807 ipw
353 2767 460 2798 Livius
484 2768 574 2802 infra,
597 2767 673 2797 dum
698 2767 803 2797 scribit

134 2822 219 2842 nuno
235 2811 378 2850 malui-nti
396 2810 520 2840 Volscis
533 2810 651 2840 bellum
667 2810 805 2845 illatum,

137 2859 305 2895 proptervo
336 2853 420 2892 quod
451 2852 572 2883 auxilia
602 2862 803 2891 comparare-

135 2902 306 2936 mnt,quac
321 2895 441 2926 Latinis
452 2895 623 2925 mitterent.
649 2894 750 2925 ‹juin›-
761 2894 803 2924 in-

137 2939 237 2971 iuriae
261 2939 415 2970 ultionem
432 2938 538 2969 atatim
556 2942 723 2968 exsecutos
739 2949 806 2967 esse

847 1401 1012 1432 Romanos
1036 1405 1108 1440 post
1131 1411 1271 1441 pugnam
1293 1402 1335 1432 ad
1352 1401 1517 1441 Regillum

846 1443 951 1474 lacum
969 1443 1062 1484 longe
1078 1443 1280 1474 verisimilius
1298 1447 1356 1480 est,
1372 1454 1468 1484 quam
1486 1445 1516 1475 in

844 1486 993 1526 quintum
1017 1490 1089 1526 post
1107 1496 1228 1516 annum
1244 1486 1409 1524 reiecisse;
1432 1488 1518 1526 quod

845 1539 884 1559 ex
903 1528 985 1559 Livii
1005 1529 1184 1559 narratione
1201 1530 1378 1561 conficitur.
1423 1531 1518 1561 Adde

845 1572 930 1611 quod
947 1572 986 1602 A.
1006 1571 1202 1609 Postumius,
1218 1576 1287 1602 tum
1304 1583 1403 1612 quum
1426 1584 1445 1603 a
1467 1573 1517 1603 Li-

846 1614 897 1644 vio
932 1619 1128 1645 memoratur
1159 1619 1284 1645 creatus
1317 1625 1385 1646 esse
1419 1615 1517 1646 dicta—

845 1661 906 1695 tor,
921 1667 1006 1697 supr.
1028 1667 1073 1698 ¹9·
1089 1658 1233 1688 nondum
1257 1658 1367 1688 consul
1392 1659 1495 1689 fuerat
1510 1671 1516 1689 z

845 1700 931 1740 quod
947 1704 1103 1740 repugnat
1128 1700 1189 1740 legi
1212 1701 1252 1731 dc
1276 1701 1431 1732 dictatore
1455 1712 1518 1732 cre-

845 1743 930 1773 ando
947 1743 1043 1780 latae,
1058 1743 1126 1783 ipso
1147 1747 1228 1774 teste
1246 1743 1349 1781 Livio,
1366 1755 1451 1784 supr.
1474 1746 1518 1775 18.

846 1786 889 1816 At
914 1785 974 1816 hoc
997 1796 1082 1816 anno
1105 1786 1216 1816 consul
1242 1791 1300 1824 est,
1322 1797 1360 1818 ac
1385 1787 1519 1827 proinde

845 1828 984 1859 dictator
999 1829 1059 1869 legi
1078 1833 1192 1869 potest.
1217 1829 1323 1861 Ciu-zv.

887 1884 906 1910 4
928 1874 970 1902 A.
984 1873 1203 1910 Postumium]
1229 1872 1397 1903 Postumio
1413 1873 1517 1904 forsan

844 1914 924 1945 haec
948 1913 1079 1945 victoria
1102 1915 1210 1946 afficta
1232 1919 1291 1952 est,
1310 1916 1396 1955 quod
1415 1916 1448 1952 ii,
1464 1917 1517 1955 qui

844 1958 978 1987 annales
1004 1957 1229 1994 conficiebant,
1250 1968 1427 1998 cognomen
1451 1959 1519 1990 eius

847 2000 1065 2039 Regillensem
1095 2010 1115 2030 a
1145 2010 1254 2040 pugna
1282 2002 1323 2032 ad
1352 2002 1517 2041 Regillum

846 2043 952 2073 lacum
976 2043 1142 2073 inventum
1167 2053 1234 2074 esse
1259 2053 1426 2084 perperam
1451 2045 1517 2084 opi-

846 2085 911 2115 nati
936 2091 1030 2116 sunt:
1057 2084 1208 2124 quoniam
1227 2091 1348 2121 contra,
1367 2086 1402 2117 I‘.
1421 2087 1517 2118 Corn.

843 2127 952 2167 Scipio
967 2127 1136 2158 Africanus
1153 2128 1273 2167 primus
1285 2133 1370 2159 certe
1383 2129 1517 2169 impera-

843 2175 894 2200 tor
927 2170 1056 2200 nominc
1089 2170 1190 2201 victae
1223 2181 1242 2201 n
1273 2181 1306 2201 sc
1336 2173 1442 2211 yemis
1471 2178 1519 2203 est

846 2212 1042 2243 nobilitatus.
1069 2213 1139 2244 infr.
1164 2223 1240 2244 xxx.
1270 2222 1314 2253 15.
1361 2214 1519 2245 Claudiae

845 2255 944 2293 genti,
970 2255 1086 2295 pariter
1115 2266 1152 2286 uc
1183 2256 1380 2293 Postumiae,
1404 2268 1518 2297 cogno-

847 2308 919 2329 men
950 2298 1138 2336 Regillensi,
1161 2298 1226 2329 siu·
1251 2299 1335 2338 quod
1362 2299 1436 2330 inde
1460 2300 1518 2330 ori-

847 2342 933 2371 unda
955 2346 1023 2371 erat
1047 2341 1115 2372 infr.
1133 2342 1176 2372 iii.
1195 2343 1246 2382 58,
1261 2352 1316 2372 seu
1336 2343 1421 2381 quod
1447 2343 1520 2373 urbs

849 2384 1013 2423 Regillum
1039 2384 1068 2414 in
1095 2385 1189 2415 tidem
1212 2395 1320 2415 eorum
1339 2390 1369 2415 ct
1387 2385 1519 2416 cliente·

848 2427 910 2456 lum
933 2438 975 2457 se.
995 2427 1183 2457 contulerat.
1211 2427 1344 2458 Nicbhr.
1363 2427 1380 2457 i.
1400 2438 1429 2467 p.
1448 2428 1518 2467 546.

848 2470 910 2499 Sed
940 2470 1019 2500 baec
1046 2469 1153 2499 omnin
1180 2469 1274 2500 missa
1299 2469 1373 2500 flacit
1401 2471 1517 2501 &Vaeli-

847 2512 965 2542 nmutb.
979 2523 1008 2552 p.
1021 2522 1089 2551 303.
1112 2512 1165 2551 qui
1178 2514 1328 2552 oppidum
1343 2513 1519 2551 Regillum,

848 2565 910 2584 non
924 2560 1049 2594 {Ji-ntem
1065 2555 1160 2584 suim-
1175 2555 1410 2586 auiumnlxertit.

891 2607 908 2636 5
932 2599 1129 2634 Secundum}
1161 2598 1255 2628 Ιίνιιις
1282 2603 1314 2628 ut
1337 2608 1447 2629 sensus
1468 2599 1520 2637 nit,

849 2641 1002 2679 quosdam
1017 2651 1084 2669 ense
1096 2641 1252 2675 conantes,
1262 2641 1376 2679 quibus
1388 2641 1518 2680 quinum

848 2683 1055 2712 suci-vuscani
1072 2683 1194 2712 deliniri
1214 2693 1274 2713 non
1295 2683 1400 2722 posuit.
1444 2685 1517 2715 Pos-

848 2725 889 2754 nis
913 2726 1015 2762 legere
1039 2725 1209 2755 :em-mulum
1234 2737 1322 2766 quior,
1342 2725 1407 2757 nive
1429 2738 1518 2768 quos·

850 2779 942 2798 mum:
969 2773 1002 2797 ut
1030 2768 1185 2798 incertum
1210 2767 1248 2798 ait
1272 2769 1401 2808 quinam
1431 2779 1518 2809 prue-

849 2810 1010 2845 vom-rint,
1054 2810 1184 2849 quinam
1238 2811 1337 2842 secuti
1391 2811 1517 2844 suerint.

849 2854 954 2883 Cum.

891 2894 911 2923 6
935 2897 1183 2935 Armaza-mum]
1216 2895 1255 2928 cf.
1282 2896 1378 2929 Dion.
1404 2897 1442 2929 vi.
1468 2908 1516 2930 τι.

853 2937 902 2968 vii.
922 2947 948 2969 π.
969 2938 1323 2979 11vyn.o1›usc.Ac1ul.
1343 2951 1369 2971 v.
1388 2951 1416 2981 p.
1432 2951 1502 2981 427.

1591 382 1659 420 21.

1526 436 1568 468 U.
1585 437 1623 467 C.
1642 435 1713 475 256.

1525 480 1563 510 A.
1587 479 1624 510 C.
1642 478 1713 520 496.

1080 555 1087 562 ‚
1383 554 1391 562 ο
1527 521 1570 552 U.
1587 522 1625 552 C.
1643 531 1680 560 ²5
1688 531 1713 560 7.

939 556 992 597 A.
1022 555 1176 596 demde
1205 554 1445 596 Postumius
1469 563 1512 596 et
1525 564 1563 594 A.
1588 564 1624 594 C.
1642 573 1713 604 495-

1552 1173 1620 1203 10rs

1529 1214 1706 1255 Tarquinii.
