1934 3211
644 177 772 219 LIB.
803 178 856 219 V.
903 178 1049 220 CAP.
1082 184 1149 222 25.
1512 184 1594 224 315

190 269 532 326 privatorumque
556 276 762 310 tectorum
785 284 833 310 ac
854 269 1057 319 locorum,
1080 271 1408 326 praeponebant.
1476 272 1594 321 Quin
1609 280 1654 312 U.
1671 280 1710 325 C.
1729 278 1802 319 360.

161 326 261 373 7illa
301 341 471 382 quoque
513 326 623 367 actio
655 327 915 377 movebatur,
954 342 1062 383 quae
1103 337 1199 383 post
1239 336 1403 384 captam
1445 330 1593 385 utique
1608 325 1647 354 A.
1672 324 1801 363 C·39²·

192 383 374 424 Romam
416 399 441 424 a
484 382 619 424 Gallis
659 384 909 425 celebratior
947 385 1040 434 fuit,
1082 385 1409 441 transmigrandi
1450 385 1593 428 Veios.

193 439 412 489 Ceterum,
444 441 595 496 partim
627 441 754 497 plebi,
788 442 942 498 partim
973 443 1139 483 senatui
1175 442 1443 485 destinabant
1476 444 1596 485 habi-

188 497 339 539 tandos
361 497 491 539 Veios
507 514 517 547 3
551 498 742 554 duasque
764 500 888 540 urbes
917 499 1153 540 communis
1181 500 1438 556 reipublicae
1468 501 1595 542 incoli

188 570 214 596 a
238 555 396 612 populo
420 555 616 597 Romano
643 571 776 612 posse.
841 556 1058 598 Adversus
1079 572 1188 612 quae
1211 573 1343 613 quum
1372 559 1596 615 optimates
1679 571 1747 609 25,

187 612 248 654 ita
278 613 516 662 tenderent,
552 623 598 654 ut
636 614 885 655 ‘morituros
918 629 961 655 se
996 615 1138 655 citius'
1168 615 1361 657 dicerent
1393 616 1464 657 ‘in
1496 632 1596 658 con·
1610 626 1780 657 obsistunt

190 675 362 727 ‘spectu
382 671 529 727 populi
556 671 755 721 Romani,
778 687 907 727 quam
936 672 1165 728 quicquam
1195 688 1340 714 earum
1368 689 1508 715 rerum
1531 690 1598 715 ro-
1609 669 1794 708 optimates.

191 732 405 783 ‘gareturz
441 729 600 785 quippe
634 744 748 770 nune.
777 729 822 770 in
851 745 935 770 una
964 730 1066 771 urbe
1094 738 1258 771 tantum
1287 731 1597 773 dissensionum

191 790 330 835 ‘esse3
364 785 468 842 quid
501 786 546 827 in
577 786 741 828 duabus
771 787 891 828 fore?
942 787 1169 829 Victamne
1202 797 1249 829 ut
1280 789 1504 845 quisquam
1534 790 1598 831 vi-

190 843 336 885 ‘etrici
366 844 526 899 patriae
561 844 821 900 praeferret?
862 845 1117 901 sineretque,
1151 846 1352 887 maiorem
1383 847 1597 888 fortunam

191 906 264 942 ‘ca
296 901 348 942 tis
369 916 457 942 esse
483 901 614 952 Veiis,
637 917 765 958 quam
791 902 1075 944 incolumibus
1099 903 1257 945 fuerit?
1288 903 1522 954 Postremo,
1553 920 1595 946 se

157 964 260 1001 8‘re
280 959 398 1014 inqui
427 974 451 1000 a
471 959 632 1000 civibus
663 960 706 1000 in
728 961 863 1016 patria
889 975 1037 1017 posse:
1071 970 1119 1002 ut
1146 960 1389 1018 relinquant
1417 963 1595 1019 patriam

191 1022 203 1040 ‘
219 1025 346 1072 atque
388 1017 512 1065 cives,
555 1016 714 1058 nullam
754 1017 840 1058 vim
888 1033 1078 1074 unquam
1119 1019 1409 1069 subacturam3
1457 1029 1501 1061 et
1541 1020 1593 1061 T.

191 1079 203 1097 ‘
219 1073 440 1115 Sicinium’
461 1074 516 1121 (is
537 1075 651 1115 enim
681 1090 734 1115 ex
756 1075 936 1116 tribunis
956 1075 1090 1131 plebis
1117 1076 1346 1132 rogationis
1373 1078 1464 1118 eius
1490 1077 1598 1118 lator

189 1130 299 1187 erat)
332 1131 621 1173 ‘conditorem
659 1131 789 1173 Veios
825 1142 1069 1189 sequantur,
1102 1133 1247 1174 relicto
1279 1134 1359 1175 deo
1396 1134 1594 1185 Romulo,

192 1188 286 1229 ‘dei
319 1188 420 1239 filio,
453 1198 627 1245 parente
662 1198 704 1230 et
735 1200 904 1231 auctore
938 1190 1051 1231 urbis
1088 1190 1252 1232 Romae
1267 1191 1290 1240 3⁹
1327 1191 1430 1232 haec
1462 1207 1595 1247 quum

189 1245 323 1287 foedis
356 1247 656 1288 certaminibus
693 1256 929 1303 agerentur,
965 1248 1082 1302 (nam
1124 1257 1286 1303 partem
1329 1250 1595 1290 tribunorum

189 1303 324 1360 plebis
357 1304 503 1345 Patres
532 1305 575 1344 in
601 1320 718 1345 suam
747 1305 1000 1346 sententiam
1032 1305 1268 1361 traxerant)
1289 1306 1405 1347 nulla
1430 1322 1495 1348 res
1517 1307 1598 1348 alia

190 1362 384 1402 manibus
407 1370 640 1418 temperare
669 1362 837 1418 plebem
859 1363 1048 1415 cogebat,
1073 1378 1199 1418 quam
1227 1363 1355 1418 quod,
1378 1364 1450 1404 ubi
1480 1364 1595 1405 rixae

189 1419 517 1461 committendae
547 1435 671 1460 causa
699 1419 856 1460 clamor
883 1429 998 1460 ortus
1027 1428 1147 1469 esset,
1174 1421 1386 1476 principes
1411 1430 1595 1471 senatus,

190 1477 314 1532 primi
338 1477 482 1518 turbae
497 1477 721 1518 offerentes
738 1492 794 1526 se,
812 1477 913 1532 peti,
931 1477 1058 1525 feriri,
1077 1486 1203 1532 atque
1221 1478 1357 1518 occidi
1380 1478 1593 1520 iubebant.

190 1534 261 1575 Ab
283 1533 434 1575 horum
456 1535 661 1575 aetatibus
682 1534 1044 1590 dignitatibusque
1076 1544 1119 1575 et
1140 1535 1370 1576 honoribus
1391 1535 1597 1577 violandis

189 1591 291 1632 dum
314 1592 612 1641 abstinebatur,
628 1601 669 1633 et
693 1592 744 1632 ad
768 1590 953 1647 reliquos
974 1591 1131 1632 similes
1148 1601 1324 1633 conatus
1340 1594 1596 1635 verecundia

189 1649 272 1690 irae
295 1650 509 1698 obstabat3
547 1648 751 1690 Camillus
773 1648 1008 1690 identidem
1031 1649 1225 1690 omnibus
1247 1649 1349 1691 locis
1370 1651 1595 1692 conciona-

189 1706 335 1748 batur:
381 1706 538 1747 ‘Haud
580 1707 732 1747 mirum
767 1707 810 1757 id
848 1706 1020 1762 quidem
1057 1721 1160 1756 esse,
1192 1707 1329 1748 furere
1366 1708 1592 1758 civitatem,
1609 1719 1741 1760 Religio
1757 1720 1803 1751 in-

155 1785 175 1815 9
190 1769 200 1786 ‘
213 1779 335 1820 quae,
358 1764 555 1805 damnata
575 1765 675 1814 voti,
694 1764 883 1805 omnium
903 1779 1043 1805 rerum
1066 1765 1274 1820 potiorem
1293 1781 1450 1815 curam,
1466 1782 1593 1822 quam
1607 1761 1691 1835 ieqltla
1707 1773 1726 1793 ἃ
1743 1764 1803 1794 Ca-

189 1827 200 1845 ‘
212 1821 414 1878 religione
430 1837 471 1863 se
490 1821 749 1871 exsolvendi,
765 1822 930 1863 habeat.
996 1821 1117 1862 Nihil
1131 1822 1183 1863 de
1202 1822 1424 1865 collatione
1439 1824 1592 1873 dicere,
1607 1807 1815 1887 3Jss1ss'lfffa‘ssf'

160 1899 170 1919 ι
189 1879 331 1936 ‘stipis
354 1880 504 1929 verius,
538 1895 664 1936 quam
697 1879 911 1929 decimae;
945 1879 1117 1935 quando
1146 1895 1195 1921 ea
1223 1896 1265 1921 se
1298 1881 1477 1937 quisque
1510 1882 1594 1938 pri·
1607 1890 1668 1920 dae
1682 1891 1799 1921 Veien-

189 1937 341 1978 ‘vatim
373 1937 633 1993 obligaverit,
656 1937 855 1978 liberatus
884 1938 935 1978 sit
963 1937 1155 1993 populus.
1221 1937 1464 1988 Enimvero,
1488 1939 1593 1980 illud
1607 1936 1712 1964 tanae.

189 2000 259 2036 ‘se
289 2004 440 2044 tacere,
463 2010 580 2035 suam
607 1994 906 2035 conscientiam
937 2009 1023 2034 non
1051 1995 1165 2049 pati:
1200 1995 1316 2050 quod
1347 2011 1399 2036 ex
1423 2012 1473 2037 ea
1501 2007 1593 2038 tan-

155 2068 173 2089 2
189 2057 200 2075 ⁶
217 2060 307 2093 tum
324 2052 493 2108 praeda,
512 2067 619 2107 quae
637 2066 775 2092 rerum
792 2051 1051 2091 moventium
1066 2051 1130 2099 sit,
1146 2051 1308 2092 decima
1326 2052 1588 2108 designetur:

128 2106 136 2117 '
156 2123 173 2153 3
189 2115 200 2132 ‘
215 2109 327 2149 urbis
348 2118 474 2164 atque
497 2109 582 2163 agri
605 2108 730 2164 capti,
754 2123 860 2163 quae
883 2117 925 2148 et
947 2107 1035 2163 ipsa
1051 2117 1148 2148 voto
1170 2109 1449 2158 contineatur,
1474 2125 1592 2151 men-

188 2166 372 2207 ‘tionem
397 2165 553 2206 nullam
585 2166 701 2206 fieri.'
765 2166 910 2212 Quum
934 2180 982 2205 ea
1010 2164 1272 2221 disceptatio,
1296 2181 1450 2222 anceps
1471 2183 1592 2208 sena-

189 2224 247 2265 tui
286 2224 384 2285 vjsa,
417 2223 609 2276 delegata
645 2222 697 2263 ad
734 2222 955 2278 pontifices
988 2233 1120 2272 esset3
1164 2222 1354 2264 adhibito
1393 2224 1589 2275 Camillo,

234 2338 250 2370 7
273 2331 366 2361 Actio
393 2331 593 2368 nmrvbatnr]
631 2330 678 2359 Ad
708 2330 865 2368 populum

188 2383 315 2412 quoque
331 2373 380 2410 agi
403 2372 575 2410 incipiebat
595 2373 634 2401 ‹le
652 2372 707 2401 illa
725 2383 768 2405 re.
785 2383 867 2410 quzw

189 2421 259 2455 post
283 2421 411 2454 captam
440 2415 612 2454 praecipue
637 2426 654 2444 ει
678 2415 784 2444 Gallis
804 2415 865 2444 ltn-

189 2467 273 2488 mam
300 2458 420 2488 maiore
442 2457 622 2487 animorum
649 2462 738 2486 motu
759 2462 789 2486 et
808 2458 865 2487 fre-

189 2499 409 2538 quentioribus
427 2501 521 2535 vul-‚10
538 2500 651 2529 studiis
670 2499 789 2536 agitata
806 2504 865 2536 est,

191 2552 306 2581 nempe
323 2542 362 2571 (le
379 2543 545 2581 migrando
566 2542 671 2571 veios.
697 2544 803 2572 (Nu-tv.

232 2587 250 2612 8
290 2586 331 2615 (Ἰ
365 2586 552 2624 relinquant
588 2586 729 2624 putrium
768 2589 864 2624 ablue

189 2628 289 2664 eires]
309 2627 446 2665 Quippe
462 2627 580 2656 tribuni
599 2627 745 2656 mit-hant
762 2627 862 2663 legem

191 2670 281 2702 serre.
308 2675 340 2698 ut
369 2679 440 2707 para
466 2669 568 2707 plebis
591 2674 621 2698 et
647 2674 775 2698 uenatus
804 2670 863 2699 R«,-

190 2712 274 2741 mnni
298 2711 395 2740 Veios
412 2711 569 2747 migma-t.
591 2711 703 2741 l’nnu.

232 2764 251 2794 9
277 2755 441 2783 Damnum
477 2755 555 2790 enti}
594 2753 733 2782 Antrictu
757 2758 786 2783 et
813 2755 864 2782 ol»-

191 2797 287 2837 lignun
307 2797 345 2826 nd
372 2796 618 2835 persnlxendum
639 2800 760 2828 votum.
777 2796 867 2825 cuiun

188 2850 258 2869 enm
277 2839 319 2868 dii
338 2844 520 2877 compotem
540 2839 689 2868 fecerunt.
715 2839 821 2868 (mm.

241 2891 250 2911 ¹
284 2883 385 2921 Stipis
425 2882 542 2914 verim,
572 2891 666 2921 qnam
706 2881 863 2918 dvrimae]

192 2925 283 2955 llaec
304 2930 348 2953 est
373 2934 462 2954 men.-
479 2923 624 2954 Camilli.
642 2928 673 2951 ut
692 2922 776 2952 dieat
800 2929 863 2952 tam

913 2335 1046 2366 anguste
1071 2333 1099 2359 et
1126 2331 1265 2360 tenuiter
1289 2330 1318 2359 in
1339 2330 1497 2361 decimam
1516 2342 1589 2362 eon-

913 2373 1023 2402 tulisse
1043 2373 1193 2411 primitus,
1212 2378 1243 2402 ut
1262 2373 1377 2412 stipem
1396 2383 1479 2408 eam,
1492 2384 1589 2413 quam

912 2415 1084 2449 ‹lot-imam,
1115 2416 1272 2454 appellari
1304 2415 1406 2444 xorius
1433 2416 1482 2446 sit.
1529 2417 1589 2446 Sti-

913 2468 985 2496 pem
1018 2459 1198 2493 conferunt,
1229 2458 1281 2496 qui
1315 2457 1393 2487 nihil
1425 2459 1591 2497 debentes,

910 2504 1066 2538 (punitum
1090 2501 1213 2535 volunt,
1230 2500 1314 2529 exile
1340 2501 1531 2540 plerumque
1551 2512 1590 2533 nc

911 2542 1085 2578 minutum,
1103 2543 1186 2572 ultro
1204 2544 1380 2573 const-runt.
1407 2545 1513 2574 ('¹‹F.v.

956 2595 969 2615 ἰ
992 2586 1111 2614 Hermu
1130 2587 1337 2623 nnn-rnlr'um]
1358 2586 1420 2615 In'e‘s
1434 2592 1591 2617 mac-enm

911 2632 982 2656 sunt
1003 2638 1050 2656 res
1062 2628 1207 2661 mobiles,
1223 2628 1283 2663 vel,
1296 2639 1379 2667 qnae·
1393 2630 1509 2659 ηιυιϊνὶ
1520 2640 1589 2669 pos-

910 2675 998 2702 sunt,
1027 2675 1059 2698 ut
1092 2676 1245 2699 tucantur
1265 2681 1282 2699 u
1308 2670 1438 2709 Nepote
1456 2670 1486 2701 in
1504 2671 1589 2702 The—

914 2712 996 2742 mixt.
1019 2722 1042 2741 2.

957 2764 974 2792 3
999 2758 1090 2790 Qum·
1105 2759 1135 2783 r!
1152 2755 1240 2793 ἐμω]
1275 2754 1360 2784 lirim
1376 2755 1497 2786 scilicet
1515 2766 1588 2786 cum

913 2806 999 2833 agro,
1025 2797 1072 2826 vel
1100 2797 1236 2827 ‹let-unm
1263 2797 1349 2827 urhis
1373 2803 1403 2828 ct
1431 2799 1515 2837 agri:
1544 2799 1590 2829 nie

912 2848 973 2867 nnn
1014 2849 1096 2878 opus
1130 2844 1189 2873 ent,
1221 2845 1253 2869 ut
1283 2850 1338 2879 pro
1373 2842 1590 2877 continentur,

911 2881 1088 2911 ner-ibamus
1111 2892 1182 2912 cum
1207 2883 1380 2917 Crevit-rio.
1403 2884 1587 2914 rhutu‘nean-

912 2928 974 2954 tur.
1003 2923 1111 2954 sinan.
