1934 3211
554 190 680 231 LIB.
715 188 838 230 VIII.
888 188 1034 229 CAP.
1069 193 1135 232 27.
1465 194 1548 233 483

149 279 297 321 urbem
327 286 532 334 receptus,
564 292 698 334 quum
730 292 894 319 summa
926 278 1039 319 urbis
1071 278 1268 320 Romano
1301 280 1434 322 milite
1470 282 1549 322 im·
1565 294 1607 326 U.
1626 294 1663 325 C.
1682 304 1753 334 429·

147 336 314 392 plesset,
337 335 426 376 tolli
457 335 682 376 clamorem
713 335 857 376 iussit:
892 334 946 376 ad
973 350 1102 391 quem
1135 335 1302 385 Graeci,
1331 337 1450 392 signo
1482 338 1601 380 ac-A·
1626 337 1664 368 C.
1683 346 1754 377 323.

147 401 271 448 cepto
291 407 316 433 a
335 392 609 449 principibus,
628 393 839 449 quievere.
902 392 1062 434 Nolani
1082 408 1159 450 per
1179 408 1366 434 aversam
1387 409 1462 450 p‘u
1464 404 1549 436 tem

147 449 261 491 urbis
281 449 349 491 via
369 449 526 491 Nolam
547 450 708 492 ferente
730 450 951 507 effugiunt.
1018 450 1276 492 Samnitibus
1297 451 1478 493 exclusis
1499 453 1549 493 ab

146 507 263 557 urbe,
281 515 328 548 ut
349 507 617 564 expeditior
607 523 651 549 1n
673 508 911 564 praesentia
929 508 1057 574 fuga,
1059 509 1118 550 ita
1137 508 1311 558 foedior,
1329 517 1552 565 postquam

145 564 334 621 periculo
359 574 595 616 evaserunt,
617 566 728 607 visa:
763 566 922 623 quippe
945 566 1019 623 qui
1047 566 1241 616 inermes,
1267 566 1385 608 nulla
1411 582 1552 608 rerum

145 637 314 664 suarum
347 638 434 664 non
467 623 615 665 relicta
645 624 757 665 inter
789 623 942 674 hostes,
976 623 1206 666 ludibrium
1243 639 1330 665 non
1366 624 1552 665 externis

145 679 285 730 modo,
308 680 383 722 sed
405 681 532 722 etiam
553 681 837 738 popularibus,
854 681 1026 747 spoliati
1054 691 1181 738 atque
1210 690 1383 738 egentes
1404 681 1552 723 domos

144 737 321 779 rediere.
387 737 518 780 Haud
548 754 718 796 lgnarus
749 739 960 796 opinlonis
991 739 1173 789 alterius,
1206 755 1291 796 qua
1319 739 1424 780 haec
1455 755 1552 796 pro-

113 794 251 837 6ditio
282 796 333 837 ab
368 795 627 838 Samnitibus
661 797 770 838 facta
807 797 997 847 traditur,
1035 812 1167 853 quum
1202 797 1441 838 auctoribus
1471 797 1552 838 hoc

144 852 258 904 dedi,
285 854 439 919 quibus
469 854 638 911 dignius
670 855 787 896 credi
820 863 894 904 est,
922 863 1013 896 tum
1043 855 1192 897 foedus
1218 854 1551 911 Neapolitanum

115 910 216 966 7(eo
237 912 351 953 enim
373 912 528 954 deinde
550 927 715 954 summa
734 912 795 954 rei
815 912 1078 954 Graecorum
1094 913 1231 967 venit)
1252 912 1429 954 similius
1451 927 1549 954 vero

142 968 256 1019 facit,
278 969 390 1026 ipsos
421 970 465 1011 in
496 970 723 1012 amicitiam
755 970 924 1011 redisse.
988 970 1172 1011 Publilio
1206 969 1445 1026 t1iumphus
1478 969 1552 1011 de-

144 1036 310 1076 cretus3
334 1028 451 1084 quod
478 1028 576 1069 satis
604 1028 867 1077 credebatur,
890 1027 1109 1069 obsidione
1132 1027 1313 1069 domitos
1338 1027 1518 1069 hostes
1507 1043 1552 1068 1n

144 1083 273 1126 fidem
294 1085 469 1127 venisse.
533 1085 634 1127 Duo
665 1085 893 1141 singularia
920 1085 1024 1127 haec
1053 1085 1092 1126 ei
1121 1085 1210 1126 viro
1238 1085 1422 1141 piimum
1452 1100 1553 1127 con·

112 1141 290 1198 8tigere,
322 1143 562 1199 prorogatio
593 1143 759 1200 imperii
792 1158 878 1185 non
912 1152 1010 1184 ante
1044 1143 1086 1184 in
1120 1143 1205 1184 ullo
1237 1143 1357 1192 facta,
1385 1151 1428 1184 et
1458 1151 1552 1184 acto

143 1198 304 1242 honore
326 1201 576 1257 triumphus.

205 1257 339 1299 Aliud
359 1258 538 1300 subinde
556 1258 715 1300 bellum
732 1274 828 1300 cum
846 1258 1017 1300 alterius
1034 1273 1129 1300 orae
1150 1258 1325 1300 Glaecis
1342 1267 1548 1300 exortum.
1636 1253 1704 1294 27·

145 1314 346 1371 Namque
384 1316 620 1366 Tarentini,
651 1332 791 1382 (111Ηο111
820 1331 910 1358 rem
941 1315 1300 1372 Palaepolitanam
1334 1331 1441 1357 vana
1476 1331 1548 1372 spe
1563 1328 1754 1360 Tarentino-

144 1373 292 1414 auxilii
323 1373 585 1430 aliquamdiu
615 1374 923 1424 sustinuissent,
951 1383 1174 1431 postquam
1201 1374 1418 1416 Romanos
1447 1374 1549 1415 urbe
1563 1372 1750 1411 mmindig-

144 1430 300 1497 potitos
330 1446 543 1488 accepere,
571 1432 686 1473 velut
714 1432 918 1482 destituti,
953 1448 1000 1473 ac
1035 1447 1122 1473 non
1155 1432 1230 1497 qui
1260 1432 1339 1488 ipsi
1374 1431 1552 1473 destitu-
1563 1416 1694 1493 ἓῗζζιοοζη
1706 1416 1772 1446 Ro-

144 1489 287 1539 issent,
314 1489 530 1546 increpare
553 1489 916 1546 Palaepolitanos·
951 1490 1011 1531 ira
1039 1498 1166 1545 atque
1198 1490 1358 1530 invidia
1388 1489 1433 1529 in
1464 1489 1552 1530 Ro-

145 1561 292 1588 manos
323 1547 488 1597 furere3
522 1563 573 1589 οο
607 1548 747 1597 etiam,
783 1547 899 1604 quod
930 1547 1127 1588 Lucanos
1160 1555 1203 1588 ct
1237 1546 1403 1603 Apulos
1434 1545 1554 1602 (nam

145 1612 324 1670 utraque
353 1620 404 1647 eo
432 1620 543 1646 anno
571 1606 746 1647 societas
775 1621 849 1647 coe
884 1613 925 1646 ta
955 1604 1038 1661 est)
1067 1605 1110 1645 in
1137 1604 1266 1645 fidem
1292 1603 1438 1661 populi
1467 1604 1555 1646 Ro-

146 1663 260 1704 mani
282 1663 443 1704 venisse
470 1662 642 1704 allatum
664 1671 737 1705 est.
804 1669 815 1686 ‘
835 1620 1008 1719 (guippe
1037 1661 1346 1719 plopemodum
1374 1677 1555 1718 perven-

147 1725 266 1762 ‘tum
287 1720 341 1762 ad
366 1735 409 1762 se
435 1736 551 1762 esse:
585 1721 754 1777 iamque
786 1721 830 1761 in
862 1736 912 1762 eo
942 1735 1032 1762 rem
1059 1720 1162 1770 fore,
1190 1728 1237 1761 ut
1268 1720 1453 1761 Romani
1481 1729 1555 1761 aut

146 1777 328 1829 ‘hostes,
366 1787 438 1820 aut
479 1778 642 1820 domini
683 1778 869 1820 habendi
910 1778 1005 1820 sint.
1081 1778 1324 1820 Discrimen
1365 1778 1554 1834 profecto

146 1841 315 1878 ‘rerum
344 1851 513 1878 suarum
545 1837 589 1877 in
619 1836 732 1878 bello
764 1835 1018 1878 Samnitium
1048 1845 1291 1892 eventuque
1318 1836 1408 1877 eius
1433 1836 1550 1877 verti.

146 1899 159 1918 ‘
176 1893 283 1936 Eam
305 1894 435 1936 solam
456 1903 629 1951 gentem
655 1902 824 1945 restare,
848 1910 927 1936 nec
953 1909 1046 1936 eam
1075 1894 1207 1950 ipsam
1237 1894 1335 1935 satis
1356 1893 1552 1959 validam,

147 1952 348 2009 ‘quando
379 1952 580 1994 Lucanus
612 1952 824 1993 defecerit.
892 1952 1035 2000 Quem
1069 1967 1139 1992 rev
1143 1951 1255 1993 ocari
1288 1951 1444 2016 adhuc3
1475 1951 1554 1992 im-

148 2009 361 2066 ‘pellique
384 2009 439 2050 ad
459 2009 709 2051 abolendam
731 2010 974 2051 societatem
1001 2008 1239 2049 Romanam
1260 2024 1395 2064 posse,
1414 2009 1447 2049 si
1469 2024 1554 2064 qua

148 2073 240 2108 ‘ars
268 2067 457 2108 serendis
487 2066 706 2107 discordiis
734 2065 1009 2107 adhibeatur.
1072 2065 1191 2107 IIacc
1220 2065 1394 2106 consilia
1419 2081 1551 2122 quum

146 2123 260 2181 apud
281 2124 458 2180 cupidos
484 2138 622 2164 rerum
647 2123 938 2164 novandarum
960 2122 1214 2171 valuissent3
1248 2138 1301 2164 ex
1331 2123 1549 2164 iuventute
1564 2142 1739 2174 Concimnt

147 2181 321 2238 quidam
351 2181 623 2222 Lucanorum
658 2181 794 2237 pretio
828 2181 958 2229 asciti,
989 2180 1089 2221 clari
1118 2180 1250 2236 magis
1279 2180 1390 2221 inter
1416 2196 1551 2237 popu·
1565 2186 1723 2217 Lucano.-

147 2239 266 2290 lares,
289 2254 416 2296 quam
439 2239 618 2288 honesti,
642 2239 752 2280 inter
775 2254 818 2280 sc
846 2238 1052 2279 mulcati'
1043 2238 1122 2294 ipsi
1143 2238 1283 2291 vixgis,
1306 2253 1438 2303 quum
1461 2253 1550 2280 cor·

146 2312 249 2354 pora
269 2297 385 2338 nuda
406 2296 680 2338 intulissent
671 2312 715 2337 1n
741 2297 895 2337 civium
919 2295 1337 2345 coetum‚vocite1ati
1360 2306 1470 2345 sunt,
1494 2311 1550 2346 se,

147 2355 264 2412 quod
291 2363 426 2396 eastra
456 2354 650 2396 Romana
680 2354 845 2410 ingledi
875 2355 962 2395 ausi
993 2363 1144 2402 essent,
1172 2370 1196 2394 a
1220 2353 1392 2394 consule
1426 2354 1553 2409 virgis

114 2427 301 2463 9caeSOS,
328 2428 375 2454 ac
409 2427 539 2469 prope
573 2412 708 2453 securi
743 2427 959 2468 percussos
992 2427 1093 2452 esse.
1160 2411 1372 2452 Deformis
1405 2420 1551 2468 suapte

191 2518 334 2556 6Q1mm
350 2520 535 2550 auctor-ibim
551 2519 608 2549 hoc
623 2519 713 2556 dedi]
741 2518 825 2549 Nea-
920 2529 939 2559 9
969 2519 1131 2557 Deformis
1168 2524 1285 2559 suapte
1323 2524 1443 2549 mum-a
1483 2521 1550 2558 res]

150 2561 311 2603 politanus
327 2562 411 2592 ultro
431 2561 463 2592 in
487 2562 582 2591 fidem
603 2561 825 2592 Romanorum
875 2561 968 2592 llaec
992 2571 1040 2591 res
1066 2561 1165 2591 lex-ior
1186 2561 1282 2592 suisne
1305 2561 1489 2593 Niebuhrio
1510 2562 1551 2592 1-1-

149 2604 285 2641 venisse,
298 2614 360 2634 non
377 2604 482 2634 nolum
498 2604 680 2643 scriptores,
691 2614 825 2642 quorum
873 2604 977 2638 detur,
993 2614 1091 2643 quain
1114 2610 1147 2634 ut
1174 2614 1229 2644 per
1251 2614 1284 2634 sc
1307 2605 1347 2634 ad
1373 2605 1494 2635 bellum
1520 2604 1552 2635 in

150 2648 230 2679 fides
241 2647 346 2677 multo
361 2646 486 2686 gravior
506 2651 565 2683 est,
581 2647 754 2681 affirmant,
770 2647 825 2676 sed
873 2646 1041 2677 Romanos
1072 2647 1266 2677 movendum
1298 2647 1374 2677 antis
1405 2647 1553 2685 vuluerit,

148 2690 263 2721 foedus
285 2699 359 2720 cum
381 2688 609 2728 Neapolitanis
631 2689 731 2719 ictum
750 2688 825 2719 veri·
873 2689 931 2719 nisi
949 2688 1140 2728 iampridem
1159 2689 1281 2720 Lucani
1295 2689 1454 2721 discordia
1471 2690 1553 2721 inter

149 2732 287 2763 similius
302 2731 389 2762 facit.
417 2731 526 2762 Dona.
872 2742 905 2761 se
934 2732 1129 2766 laborarent.
1153 2742 1256 2771 neque
1288 2732 1439 2763 omnihus
1465 2732 1550 2764 idem

195 2784 210 2814 7
229 2776 279 2806 Eo
292 2775 394 2812 enim]
412 2772 587 2813 Neapolim
602 2773 827 2812 ncilicctffquae
872 2774 912 2804 de
942 2774 1090 2804 Romanu
1121 2774 1275 2805 societate
1304 2775 1432 2806 animus
1457 2780 1552 2814 esset,

151 2823 262 2858 postea
279 2822 379 2857 caput
396 2816 537 2855 Magnae
553 2815 710 2847 Graeciae
728 2815 797 2846 suit.
873 2816 917 2846 ita
933 2822 980 2851 111,
996 2815 1020 2846 ni
1041 2826 1113 2847 vcra
1136 2817 1176 2847 uit
1200 2817 1279 2848 haec
1303 2818 1424 2855 sabula,
1446 2819 1553 2858 plures

193 2861 212 2892 8
236 2863 317 2891 Acco
332 2860 468 2897 honore]
499 2859 574 2889 Post
591 2862 741 2889 exactum
764 2868 828 2889 11111-
874 2869 913 2889 cx
949 2859 1141 2898 primoribus
1171 2859 1202 2890 in
1232 2861 1398 2891 Romanos
1429 2862 1550 2892 bellum

149 2903 331 2944 gistratum,
354 2902 408 2933 sic.
426 2911 512 2941 supr.
535 2900 578 2932 iii.
602 2909 650 2940 35.
675 2903 754 2932 actis
777 2902 827 2931 hn-
877 2911 1006 2940 poscere
1022 2906 1116 2933 antea
1137 2902 1237 2941 parati
1255 2909 1370 2934 essent.

150 2948 294 2979 nov-ibus.
313 2955 369 2985 pro
387 2944 535 2985 peractis.
564 2944 672 2974 Domi.

1225 2988 1316 3028 112
