1934 3211
362 209 447 249 470
874 206 1023 248 TITI
1064 206 1242 248 LIVII

150 306 192 336 U.
210 305 248 336 C.
266 306 338 343 418·
366 298 484 353 tiqua
514 312 659 338 eorum
690 298 921 353 urbemque
951 298 1003 338 ab
1035 296 1231 338 Sidicinis
1258 295 1451 337 deletam.
1518 295 1587 337 Ob
1617 311 1668 338 ea
1695 296 1762 338 in-

147 349 187 378 A.
212 349 249 379 G.
268 357 339 386 334·
366 355 507 396 fensus
528 354 767 395 consulibus
788 364 968 404 senatus,
991 369 1170 409 quorum
1191 353 1458 395 cunctatione
1484 353 1641 409 proditi
1660 354 1762 395 socii

148 419 356 452 C.Claudius
368 421 518 462 essent,
541 412 791 453 dictatorem
822 412 906 452 dici
936 412 1065 453 iussit.
1128 411 1281 452 Dictus
1313 410 1362 452 C.
1385 410 1591 452 Claudius
1616 411 1764 467 Regil-

149 463 296 495 dictator.
367 470 506 519 lensis,
533 470 778 526 magistrum
803 470 994 525 equitum
1023 469 1073 510 C.
1093 469 1322 510 Claudium
1344 467 1616 510 Hortatorem
1640 468 1761 510 dixit.

370 527 538 583 Religio
566 527 665 567 inde
696 527 850 567 iniecta
877 527 930 567 de
959 526 1187 567 dictatore:
1221 535 1276 576 et,
1299 541 1431 581 quum
1456 541 1634 582 augures
1660 526 1764 567 vitio

369 595 559 626 creatum
584 584 717 624 videri
744 584 960 633 dixissent,
986 583 1166 624 dictator
1192 584 1472 639 magisterque
1501 583 1693 639 equitum
1720 598 1764 624 se

370 642 614 697 magistratu
637 641 896 681 abdicarunt.

430 699 494 739 Eo
517 713 626 739 anno
649 697 843 738 Minucia
863 696 1058 746 Vestalis,
1081 705 1273 753 suspecta
1296 697 1431 753 primo
1451 705 1622 753 propter
1642 712 1767 738 mun·

372 757 533 797 diorem
555 755 665 795 iusto
687 754 860 803 cultum,
882 754 1122 795 insimulata
1142 754 1297 795 deinde
1326 754 1439 810 apud
1465 755 1686 810 pontifices
1712 755 1765 796 ab

372 813 512 854 indice
549 826 680 861 servo,
714 827 847 867 quum
879 811 1048 852 decreto
1082 826 1227 852 eorum
1259 811 1370 852 iussa
1401 820 1510 853 esset
1541 812 1665 853 sacris
1695 812 1768 853 ab-

372 870 540 918 stinere,
562 869 847 925 familiamque
869 868 914 909 in
934 877 1138 925 potestate
1160 869 1328 918 habere,
1349 869 1460 910 facto
1483 869 1653 919 iudicio,
1674 869 1799 911 viva5

372 927 449 968 sub
480 935 633 967 terram
664 926 717 967 ad
747 935 911 982 portam
942 925 1154 968 Collinam
1180 926 1330 968 dextra
1355 926 1423 968 via
1453 934 1583 967 strata
1607 926 1802 967 defossa6

377 983 588 1025 Scelerato
624 999 786 1040 campo.
852 983 1007 1034 Credo,
1041 985 1092 1026 ab
1133 984 1292 1025 incesto
1327 983 1372 1024 id
1412 984 1451 1024 ei
1486 983 1579 1025 loco
1613 998 1771 1025 nomen

374 1041 543 1082 factum.

159 1113 293 1142 Praetor
436 1098 601 1140 Eodem
622 1114 734 1140 anno
754 1098 808 1146 Q.
825 1098 1033 1140 Publilius
1049 1099 1173 1140 Philo
1194 1107 1360 1155 praetor
1379 1098 1538 1155 primus
1559 1098 1613 1139 de
1633 1097 1771 1154 plebe,

157 1153 313 1194 plebeius.
379 1156 623 1197 adversante
649 1155 835 1212 Sulpicio
857 1156 1040 1206 consule,
1063 1157 1137 1212 qui
1164 1157 1356 1213 negabat,
1378 1156 1583 1197 rationem
1610 1156 1701 1197 eius
1727 1170 1772 1196 se

375 1213 631 1263 habiturum,
653 1223 716 1254 est
735 1214 868 1254 factus
885 1229 894 1262 3
928 1223 1088 1263 senatu,
1111 1229 1243 1269 quum
1264 1214 1308 1254 in
1329 1213 1501 1254 summis
1521 1212 1708 1269 imperiis
1727 1212 1774 1253 id

377 1286 464 1312 non
485 1271 746 1320 obtinuisset,
769 1271 908 1311 minus
928 1271 973 1311 in
993 1280 1189 1326 praetura
1209 1270 1423 1312 tendente.

229 1331 292 1370 16.
436 1328 670 1384 Insequens
716 1343 862 1378 annus,
906 1327 955 1369 L.
985 1328 1153 1384 Papirio
1197 1327 1362 1377 Crasso,
1406 1327 1461 1369 K.
1485 1327 1634 1368 Duilio
1673 1341 1775 1369 con-

164 1388 206 1418 U.
224 1388 261 1418 (2
280 1395 352 1425 419·
379 1385 550 1435 sulibus,
588 1385 812 1426 Ausonum
849 1385 981 1426 mauis
1020 1401 1143 1435 novo,
1186 1400 1313 1441 quam
1353 1400 1506 1440 magno
1545 1383 1657 1426 bello
1695 1384 1807 1435 fuit7

160 1431 263 1503 ἓξὲξ
283 1438 353 1501 {Ji}
380 1443 566 1498 insignis.
650 1443 714 1484 Ea
759 1458 862 1498 gens
913 1421 1038 1484 Cales
1086 1443 1233 1484 urbem
1280 1442 1500 1484 incolebat.
1580 1441 1777 1483 Sidicinis

160 1483 313 1544 K'aesolim
346 1493 355 1507 ²
381 1500 572 1540 finitimis
612 1516 726 1541 arma
758 1500 1057 1541 coniunxerat:
1115 1515 1285 1556 unoque
1325 1499 1487 1556 proelio
1530 1498 1645 1540 haud
1675 1513 1776 1540 sane

161 1556 370 1587 DuihoCoss.
383 1557 643 1597 memorabili
664 1557 845 1598 duorum
865 1557 1117 1613 populorum
1149 1558 1359 1598 exercitus
1378 1557 1507 1607 fusus,
1529 1555 1778 1613 propinqui·

382 1622 466 1654 tate
488 1614 656 1654 urbium
677 1622 719 1654 et
741 1614 794 1654 ad
813 1614 955 1669 fugam
976 1615 1159 1670 pronior,
1182 1623 1225 1655 et
1245 1615 1289 1655 in
1310 1615 1410 1671 fuga
1429 1614 1520 1670 ipsa
1539 1614 1670 1655 tutior
1683 1613 1775 1654 fuit.

384 1669 478 1712 Nee
501 1678 643 1710 tamen
664 1670 815 1710 omissa
842 1671 931 1710 eius
951 1671 1050 1711 belli
1071 1687 1171 1712 cura
1194 1671 1401 1721 Patribus,
1424 1672 1524 1727 quia
1551 1671 1674 1712 toties
1694 1670 1777 1711 iam

388 1726 565 1769 Sidicini
586 1736 658 1768 aut
672 1727 750 1783 ipsi
772 1736 989 1768 moverant
1009 1727 1180 1777 bellum,
1199 1737 1272 1768 aut
1292 1728 1556 1769 moventibus
1573 1726 1778 1768 auxilium

167 1790 212 1821 U.
230 1790 267 1820 C·
286 1798 357 1826 420·
385 1784 581 1835 tulerant,
616 1792 687 1825 aut
727 1799 851 1825 causa
883 1799 1093 1825 armorum
1126 1785 1302 1825 fuerant.
1365 1784 1514 1840 Itaque
1550 1783 1666 1825 omni
1698 1798 1778 1838 ope

167 1833 361 1905 *ἒῙ-θξῑὲιᾷξξο
387 1841 522 1882 annisi
553 1850 662 1890 sunt,
690 1849 736 1881 ut
769 1841 999 1882 maximum
1027 1856 1077 1882 ea
1109 1850 1356 1897 tempestate
1387 1842 1682 1897 imperatorem
1713 1839 1777 1880 M.

169 1917 232 1947 IV.
251 1916 298 1946 Μ,
314 1917 355 1946 A·
387 1898 606 1939 Valerium
640 1897 826 1939 Corvum
866 1898 1081 1939 consulem
1112 1907 1308 1954 quartum
1342 1899 1539 1939 facerent.
1604 1897 1781 1952 Collega

166 1959 236 1989 tilio
253 1959 343 1990 Coss.
389 1955 556 1996 additus
590 1954 730 1996 Corvo
753 1954 814 1995 M.
835 1954 992 1995 Atilius
1014 1955 1227 2010 Regulus:
1261 1963 1316 2003 et,
1337 1970 1391 1995 ne
1412 1955 1518 1995 forte
1546 1969 1643 1995 casu
1671 1969 1781 1995 erra-

388 2021 514 2061 retur,
537 2012 716 2068 petitum
738 2012 789 2052 ab
806 2011 1059 2060 consulibus,
1082 2020 1130 2052 ut
1150 2022 1270 2052 extra
1289 2020 1443 2051 sortem
1466 2010 1595 2052 Corvi
1616 2025 1666 2051 ea
1684 2025 1782 2066 pro-

387 2069 526 2110 vincia
561 2077 678 2110 esset.
743 2068 946 2109 Exercitu
977 2068 1133 2109 victore
1165 2083 1189 2109 a
1224 2068 1506 2124 superioribus
1543 2067 1783 2109 consulibus

390 2135 574 2181 accepto,
593 2126 646 2166 ad
670 2124 808 2174 Cales,
824 2125 936 2166 unde
958 2125 1116 2166 bellum
1133 2134 1272 2166 ortum
1293 2133 1394 2175 erat,
1411 2124 1634 2181 profectus,
1650 2139 1782 2180 quum

389 2183 542 2233 hostes,
575 2184 627 2224 ab
663 2182 886 2238 superioris
922 2183 1048 2223 etiam
1088 2182 1324 2223 certaminis
1363 2181 1566 2223 memoria
1595 2181 1781 2237 pavidos,

391 2240 570 2281 clamore
600 2249 725 2296 atque
754 2239 917 2295 impetu
947 2239 1082 2294 primo
1102 2239 1301 2288 fudisset3
1334 2239 1501 2280 moenia
1529 2239 1620 2295 ipsa
1648 2253 1784 2294 oppu-

391 2311 519 2352 gnare
534 2305 595 2338 est
608 2311 834 2353 aggressus.
881 2295 937 2337 Et
953 2296 1134 2337 militum
1149 2296 1322 2352 quidem
1336 2296 1370 2337 is
1386 2304 1474 2337 erat
1489 2296 1624 2345 ardor,
1639 2305 1687 2336 ut
1699 2295 1783 2336 iam

392 2353 491 2394 inde
528 2369 624 2395 cum
655 2353 774 2394 scalis
803 2353 1027 2394 succedere
1058 2353 1111 2394 ad
1142 2369 1282 2394 muros
1312 2353 1481 2403 vellent,
1503 2367 1782 2407 evasurosque

393 2410 708 2451 contenderent.
774 2409 949 2459 Corvus,
972 2410 1071 2465 quia
1097 2410 1142 2450 id
1170 2411 1347 2451 arduum
1374 2410 1487 2451 factu
1512 2418 1613 2459 erat,
1640 2408 1781 2450 labore

393 2467 575 2508 militum
604 2467 757 2523 potius,
778 2481 906 2522 quam
936 2466 1135 2522 periculo,
1161 2482 1360 2523 peragere
1393 2467 1610 2523 inceptum
1636 2465 1780 2507 voluit.

434 2610 450 2640 5
467 2601 702 2639 Familiamque
717 2601 753 2629 in
765 2604 919 2638 potestate
931 2600 1064 2637 habere]
1112 2609 1203 2630 scura
1224 2603 1282 2636 est,
1304 2599 1364 2639 legi
1386 2599 1475 2629 iubet
1491 2599 1558 2630 Iac.
1576 2598 1676 2630 Gron.
1691 2600 1783 2630 Sala-

395 2645 510 2674 Servos
531 2642 666 2679 scilicet,
689 2652 730 2671 ne
754 2641 1067 2672 manumitterentur.
1111 2643 1173 2672 ria.
1219 2642 1263 2672 Et
1279 2652 1352 2672 vero
1366 2641 1489 2672 Salaria
1504 2641 1556 2672 via
1570 2651 1590 2671 a
1604 2645 1698 2680 porta
1709 2641 1783 2672 001-

395 2686 524 2715 Morem
547 2684 596 2715 sui
619 2683 773 2723 temporis
795 2683 935 2722 respexit
951 2687 1068 2721 noster,
1112 2683 1178 2713 lina
1200 2683 1386 2723 incipiebat.
1409 2684 1514 2715 CREv.
1547 2683 1587 2714 cf.
1608 2683 1733 2715 Festus.
1754 2693 1783 2714 v.

396 2727 435 2757 cf.
458 2726 536 2758 Tac.
558 2727 642 2756 Ann.
666 2725 697 2756 ii.
724 2735 772 2765 30.
802 2725 870 2756 Cic.
896 2726 985 2756 Orat.
1010 2736 1067 2764 pro
1110 2727 1302 2757 Sceleratus.

397 2768 505 2798 Deiot.
521 2768 541 2798 i.
559 2778 616 2807 pro
632 2768 705 2799 Mil.
721 2777 769 2798 22.
786 2769 837 2798 De
854 2769 955 2798 servis
974 2769 1067 2798 nulla
1157 2776 1172 2806 7
1191 2769 1376 2806 Ausonum]
1405 2769 1630 2798 Auruncorum
1650 2766 1784 2804 scilicet,

396 2811 536 2847 quaestio
561 2815 607 2841 est
631 2811 667 2840 in
693 2811 842 2848 dominos,
867 2811 930 2840 nisi
956 2811 994 2842 de
1018 2811 1066 2840 z'n-
1111 2810 1165 2848 qui
1188 2820 1276 2840 more
1298 2810 1495 2840 Graecorum
1518 2810 1571 2840 hio
1593 2814 1691 2849 atque
1710 2808 1782 2839 infr.

396 2856 490 2880 cestu.
1112 2852 1154 2883 ix.
1168 2862 1182 2881 2
1189 2861 1217 2891 5.
1234 2853 1380 2882 Ausones
1399 2853 1617 2892 appellantur,
1631 2849 1781 2890 quoniam

437 2891 456 2919 6
474 2893 599 2922 Demtra
616 2894 684 2930 via]
712 2894 762 2923 Ad
780 2894 925 2923 dextram
944 2897 1065 2932 partem
1113 2894 1224 2923 Livius
1240 2894 1434 2933 Dionysium
1451 2898 1614 2925 auctorem
1637 2891 1689 2922 hic
1707 2894 1783 2922 ante

398 2932 476 2964 viae.
523 2933 585 2963 Pro
611 2939 725 2971 strata,
743 2945 825 2973 quae
851 2945 911 2965 vox
936 2935 988 2966 hic
1013 2937 1066 2966 ob·
1113 2936 1222 2966 oculos
1237 2936 1387 2968 habebat.
