1934 3211
545 186 672 229 LIB.
706 184 807 227 VII.
855 184 1002 227 CAP.
1037 189 1074 226 2.
1427 188 1509 227 401

109 276 265 334 scripto
297 276 381 318 iam
409 274 463 315 ad
491 274 709 316 tibicinem
737 281 878 323 cantu,
907 281 1112 329 motuque
1137 274 1390 328 congruenti
1417 289 1512 330 per·
1526 287 1571 318 U.
1588 286 1626 319 C.
1645 294 1716 326 39¹·

77 323 301 396 {agebant
363 331 511 373 Livius
525 340 622 387 post
641 330 802 387 aliquot
815 345 960 380 annos,
979 330 1054 386 qui
1074 330 1126 372 ab
1142 330 1291 371 saturis
1305 345 1429 372 ausus
1449 341 1512 373 est
1525 331 1565 361 A.
1589 330 1627 362 C·
1646 328 1718 369 3⁶¹·

108 390 268 447 primus
295 397 545 445 argumento
575 388 760 430 fabulam
787 402 937 438 serere,
959 387 1095 444 (idem
1125 387 1298 436 scilicet,
1320 387 1365 428 id
1396 388 1512 444 quod

109 461 254 489 omnes
281 455 372 488 tum
403 454 536 496 erant,
558 460 731 487 suorum
759 445 995 487 carminum
1023 444 1159 500 actor)
1186 444 1355 495 dicitur,
1379 460 1513 501 quum

108 503 273 560 saepius
293 511 512 545 revocatus
531 518 679 545 vocem
700 502 946 552 obtudisset,
968 502 1092 544 venia
1103 502 1237 559 petita
1257 517 1438 559 puerum
1459 502 1514 544 ad

76 561 347 611 4canendum
368 569 466 602 ante
488 560 707 602 tibicinem
728 575 863 617 quum
893 560 1117 610 statuisset,
1141 560 1353 601 canticum
1378 559 1513 616 egisse

107 618 324 675 aliquanto
354 618 486 675 magis
506 618 676 675 vigente
707 626 840 668 motu,
863 618 964 674 quia
983 617 1089 658 nihil
1111 617 1226 659 vocis
1255 632 1355 659 usus
1376 617 1511 673 impe-

76 675 262 724 5diebat.
325 675 433 718 Inde
475 675 530 717 ad
569 690 743 717 manum
783 675 941 717 cantari
983 675 1258 717 histrionibus
1298 683 1511 732 coeptum,

76 733 382 790 6diverbiaque
415 741 581 775 tantum
607 733 795 790 ipsorum
810 733 904 774 voci
934 732 1091 774 relicta.
1153 732 1386 788 Postquam
1416 731 1510 789 lege

107 791 187 834 hac
198 790 435 834 fabularum
449 791 500 833 ab
522 790 607 832 risu
629 805 677 832 ac
694 790 831 832 soluto
852 790 944 832 ioco
958 805 1024 832 res
1044 790 1309 839 avocabatur,
1324 798 1367 831 et
1386 789 1512 831 ludus

107 848 153 891 in
161 857 294 891 artem
303 848 522 906 paullatim
531 856 714 890 verterat
723 863 734 897 ;
761 847 972 898 iuventus,
983 848 1257 889 histrionibus
1263 846 1512 889 fabellarum

108 915 206 948 actu
236 906 398 956 relicto,
430 907 521 963 ipsa
554 906 666 947 inter
698 920 741 947 se
773 920 889 947 more
928 905 1104 961 antiquo
1135 904 1315 946 ridicula
1349 904 1514 946 intexta

79 976 97 1009 7
108 964 297 1006 versibus
313 964 501 1006 iactitare
518 963 681 1020 coepit:
715 978 824 1019 quae
839 962 939 1004 inde
953 962 1108 1004 exodia
1127 971 1275 1019 postea
1290 961 1512 1019 appellata,

77 1030 385 1078 Sconsertaque
425 1020 587 1063 fabellis
625 1020 891 1077 potissimum
939 1019 1150 1062 Atellanis
1197 1029 1306 1062 sunt.
1384 1019 1515 1068 Quod

138 1094 244 1121 enus
267 1078 464 1121 ludorum
490 1079 542 1119 ab
566 1077 688 1131 Oscis
708 1087 929 1134 acceptum
951 1077 1089 1119 tenuit
1122 1077 1330 1128 iuventus,
1354 1092 1433 1119 nec
1461 1077 1513 1119 ab

108 1094 383 1178 {strionibus
423 1135 557 1193 pollui
596 1150 718 1192 passa
756 1146 829 1177 est.
894 1135 960 1177 Eo
995 1135 1237 1176 institutum
1277 1144 1433 1185 manet,
1467 1143 1515 1176 ut

77 1202 271 1243 9actores
288 1193 583 1236 Atellanarum
605 1208 684 1235 nec
701 1193 813 1235 tribu
834 1201 1095 1243 moveantur,
1118 1201 1161 1234 et
1181 1193 1405 1250 stipendia,
1424 1202 1516 1235 tan-

1528 1143 1657 1176 Exodia
1668 1155 1675 1175 :

1529 1187 1712 1219 Atellanae.

111 1361 153 1394 tis
168 1366 201 1393 et
213 1361 308 1394 variis
323 1363 418 1394 rebus
433 1362 585 1394 refertum
599 1365 676 1393 erat.
709 1360 791 1393 Dra—

111 1404 268 1436 maticum
295 1404 369 1444 fuit,
392 1409 427 1436 ut
455 1406 540 1436 clare
567 1415 607 1436 ex
635 1404 697 1435 hoc
721 1405 792 1434 loco

113 1451 214 1489 patet.
258 1449 352 1479 Modn·
375 1451 485 1479 autem
512 1447 565 1478 hic
590 1446 792 1487 intelligendi

64 1508 81 1516 ·
112 1494 188 1522 sunt
199 1490 381 1521 modulatio
393 1491 553 1530 quaedam
567 1500 605 1521 ac
618 1488 793 1529 descriptio

112 1537 228 1564 cantus
247 1537 419 1573 motusque
435 1543 605 1573 corporum
622 1532 794 1563 affectibus

113 1575 269 1607 dramatis
291 1585 478 1615 congruens.
526 1576 616 1606 Dum
637 1574 733 1614 igitur
748 1574 793 1604 di—

114 1618 159 1650 cit
176 1618 287 1650 Livius
302 1619 450 1658 impletas
464 1619 564 1648 modis
581 1622 724 1653 saturas,
741 1626 795 1647 eas

115 1661 184 1692 vult
199 1660 284 1692 iusta
299 1660 451 1700 descripti
474 1660 516 1690 ad
536 1659 702 1690 tibicinem
719 1669 794 1689 can-

113 1707 166 1734 tus
192 1707 363 1742 motusque
387 1702 610 1733 modulatione
635 1701 794 1738 conditas,

113 1755 204 1777 suam
241 1746 406 1785 quandam
449 1745 682 1785 perfectionem
720 1744 792 1775 atti-

135 1788 142 1795 ‘
196 1812 203 1819 .
228 1789 335 1820 Citav-

157 1839 175 1862 α
198 1831 332 1869 Livius]
373 1830 485 1862 Livius
508 1829 724 1867 Andronicus,
745 1829 793 1860 M.

115 1873 200 1905 Livii
213 1873 403 1906 Salinatoris
419 1873 564 1910 libertus,
579 1873 722 1903 fabulam
740 1872 794 1902 do-

114 1927 188 1948 cere
210 1916 318 1957 coepit
341 1916 379 1948 C.
399 1915 541 1947 Claudio
561 1915 722 1951 Centone,
747 1915 794 1946 M.

115 1959 307 2000 Sempronio
319 1958 486 1990 Tuditano
498 1959 587 1990 Coss.
601 1968 687 1988 anno
705 1957 794 1989 U.C.

116 2012 188 2042 51²·
212 2002 319 2034 (ἔικεν.

160 2054 178 2084 3
201 2045 252 2075 Ab
267 2044 406 2081 saturis]
427 2042 567 2074 Relictis
583 2041 708 2076 saturis.
721 2052 794 2071 con-

116 2090 246 2118 nectere
261 2086 406 2116 fabulam
424 2096 463 2116 ex
483 2085 576 2114 variis
592 2083 727 2120 actibus,
741 2083 795 2122 qui

117 2133 227 2159 tamen
243 2138 357 2158 omnes
376 2128 417 2157 ad
439 2137 537 2157 unum
556 2131 587 2156 ct
604 2126 688 2156 idem
706 2136 795 2163 argn-

118 2176 277 2207 mentum‚
300 2170 367 2200 sive
390 2179 488 2200 unam
510 2169 672 2208 quandam
698 2169 795 2198 actio-

118 2223 191 2245 nem
210 2213 395 2254 primarium
413 2213 614 2242 referrentur.
655 2211 797 2241 Adi-erte

118 2257 251 2287 verbum
272 2266 378 2287 serere
402 2254 454 2285 hic
477 2265 545 2285 esse
567 2264 586 2284 a
601 2265 683 2291 sero,
698 2254 798 2290 serui,

117 2304 251 2336 sertum,
275 2298 361 2338 quod
390 2298 488 2337 plane
515 2296 676 2327 diversum
704 2300 752 2326 est
779 2306 799 2326 a

119 2342 216 2372 verbo
238 2352 318 2375 sero,
333 2342 411 2377 sevi,
431 2344 549 2375 salum,
570 2338 655 2369 idem
680 2338 797 2377 signifi-

119 2388 214 2416 cante
244 2383 330 2424 quod
361 2384 490 2414 semino.
522 2382 629 2413 Cnssv.
684 2382 798 2412 Serere

119 2426 288 2468 hic—idem
314 2426 400 2465 quod
427 2435 601 2456 conserere.
631 2424 703 2454 infr.
725 2434 799 2454 xxv.

164 2523 183 2550 4
207 2511 394 2549 Canticum]
419 2512 588 2541 (straticum
605 2510 646 2539 ab
663 2519 727 2539 uno
743 2509 798 2539 ho-

121 2554 209 2584 mine
236 2554 411 2584 canebatur
437 2553 478 2583 ad
506 2552 647 2582 tibicinis
676 2552 798 2582 modos.

122 2597 236 2632 Quum
261 2600 370 2626 autem
398 2595 564 2625 tibicinem
595 2599 666 2634 post
689 2599 798 2626 actum

122 2649 282 2678 quemque
296 2637 447 2668 cecinisse
459 2642 615 2677 appareat
628 2647 667 2667 cx
683 2637 720 2666 iis
734 2647 798 2667 ver-

123 2682 181 2718 bin,
191 2681 307 2720 quibus
320 2681 455 2711 Plautus
468 2679 499 2710 in
516 2680 677 2710 Pseudolo
689 2683 798 2709 actum

123 2724 263 2764 primum
295 2722 471 2757 concludit,
495 2721 657 2751 canticum
685 2721 798 2751 subiici

122 2767 253 2797 solitum
278 2776 346 2795 esec
370 2765 486 2803 cuique
505 2763 692 2794 comoediae
713 2763 799 2793 actui

124 2808 296 2840 verisimile
313 2813 370 2838 ent.
417 2807 514 2837 l'orro
531 2807 691 2836 canticum
708 2817 803 2845 uycrc

123 2856 172 2883 est
198 2849 476 2891 gesticulationem
504 2848 631 2879 cantico
655 2848 803 2879 conveni-

123 2898 232 2927 entem
253 2903 412 2933 peragere.
437 2893 544 2923 (ἷκεν.

168 2946 186 2977 5
210 2938 264 2967 Act
280 2946 409 2966 manum
425 2935 571 2972 canturi}
602 2933 803 2968 Institutum,

182 2992 280 3020 VOL.
307 2992 332 3018 1.

836 1365 872 1392 ut
895 1360 1058 1392 histrionis
1080 1358 1331 1400 gesticulationi,
1350 1369 1433 1399 quae
1456 1359 1517 1390 sal-

837 1404 936 1434 tando
962 1404 1059 1434 fiebat
1086 1406 1119 1433 ct
1146 1402 1275 1442 loquaci
1305 1412 1416 1439 manu,
1445 1411 1518 1432 can-

837 1447 937 1477 tando
975 1445 1243 1486 responderetur:
1283 1454 1383 1484 quum
1421 1447 1519 1475 antea

837 1489 924 1519 idem
952 1492 985 1519 et
1011 1491 1153 1525 caneret,
1179 1492 1212 1518 et
1242 1487 1384 1517 saltaret.
1412 1487 1518 1518 szv.

839 1531 957 1570 Itaque
969 1536 1105 1562 cantare
1117 1531 1160 1560 ad
1169 1531 1264 1560 tibias
1277 1532 1336 1566 est,
1346 1528 1412 1559 alio
1421 1529 1519 1560 tibias

838 1572 1003 1604 animante
1031 1582 1161 1603 carmen
1186 1581 1264 1602 voce
1287 1571 1445 1602 accinere.
1477 1571 1517 1602 ef.

839 1616 971 1647 Sueton.
989 1615 1092 1655 Calig.
1111 1623 1160 1654 54.

886 1657 906 1690 6
934 1658 1110 1696 Diverhia]
1163 1658 1356 1688 Diverbium
1390 1657 1520 1693 dicitur,

839 1702 969 1741 quando
991 1700 1106 1731 diversi
1133 1701 1228 1730 verba
1251 1699 1394 1730 faciunt:
1419 1710 1456 1730 ac
1473 1700 1519 1730 ni-

838 1744 884 1774 hil
908 1744 998 1774 aliud
1022 1747 1081 1780 est,
1100 1752 1198 1782 quam
1223 1746 1315 1773 actus
1338 1746 1369 1773 et
1393 1752 1520 1779 scenae,

839 1797 878 1817 ex
896 1786 1013 1826 quibus
1029 1786 1135 1826 ipsum
1152 1785 1282 1816 fabulae
1306 1795 1423 1825 corpus
1446 1795 1519 1815 con—

839 1834 912 1860 stat.
960 1828 1148 1868 Opponitur
1177 1828 1275 1858 choro
1312 1832 1345 1858 et
1383 1827 1519 1858 cantico.

840 1873 947 1904 Ciu-:vu
974 1872 1132 1903 Diverbia
1147 1874 1254 1910 partes
1266 1870 1520 1901 comoediarium

840 1925 920 1952 esse,
944 1914 977 1945 in
1001 1914 1118 1954 quibus
1143 1914 1251 1953 plures
1276 1923 1431 1952 personae
1455 1923 1521 1943 ver-

840 1962 963 1991 santur..
977 1958 1104 1987 cantica
1123 1956 1154 1986 in
1168 1956 1285 1996 quibus
1301 1966 1365 1986 una
1381 1959 1522 1993 tantum,

840 2005 954 2030 auctor
970 2004 1015 2029 est
1037 1999 1224 2029 Diomedes.

886 2050 902 2080 7
928 2043 1019 2078 Quae
1034 2040 1126 2080 inde]
1158 2041 1260 2077 Vnde,
1273 2041 1359 2079 quod
1378 2040 1408 2070 in
1428 2041 1521 2071 codd.

842 2084 1034 2121 quibusdam
1084 2087 1144 2118 est,
1193 2082 1336 2121 reposuit
1380 2082 1521 2112 Bekker.

845 2125 971 2155 Exodia
988 2125 1032 2155 ita
1049 2125 1148 2161 dicta,
1165 2125 1213 2154 vel
1231 2124 1307 2163 quia
1323 2124 1523 2163 singulorum

841 2167 1057 2198 diverbiorum
1090 2167 1144 2196 tini
1177 2166 1440 2203 subiiciebantur,
1471 2167 1521 2196 vel

842 2210 918 2250 quia
953 2215 1118 2241 extremae
1149 2209 1279 2240 fabulae
1316 2209 1426 2239 semel.
1459 2209 1523 2240 CA-

842 2262 979 2283 sAL'BON.

886 2296 905 2326 8
927 2296 1108 2333 Atellanis]
1142 2294 1194 2325 Ita
1217 2294 1323 2324 dictae
1346 2294 1387 2324 ab
1411 2295 1524 2326 Atella

843 2338 1001 2368 Oscorum
1030 2338 1172 2373 civitate,
1196 2337 1345 2376 Capuam
1377 2336 1461 2367 inter
1491 2342 1524 2368 et

844 2380 1021 2420 Neapolim
1047 2380 1117 2411 sita.
1164 2380 1249 2410 Osca
1265 2389 1392 2418 quoque
1415 2379 1524 2419 lingua

844 2424 1032 2462 agebantur,
1058 2428 1226 2462 postquam
1248 2422 1333 2452 Osca
1356 2432 1434 2459 gens
1456 2432 1525 2453 esse

845 2466 1001 2497 desierat:
1029 2466 1115 2496 unde
1136 2465 1323 2495 dicebantur
1343 2466 1416 2495 Osci
1432 2466 1523 2496 ludi.-

844 2509 966 2548 quippe
983 2508 1146 2539 Sanmites
1157 2507 1304 2546 quamvis
1321 2508 1422 2537 Oscos
1438 2507 1525 2538 dcvi-

844 2556 954 2582 cemnt
970 2556 1001 2581 et
1015 2550 1231 2590 Campaniam
1249 2559 1377 2580 omnem
1397 2554 1525 2589 praeter

845 2594 1023 2624 Sidicinum
1041 2603 1152 2632 agnum
1170 2593 1201 2623 in
1219 2602 1310 2623 suam
1330 2597 1524 2632 potestatem

844 2637 1044 2675 redegerant,
1060 2636 1099 2666 cf.
1118 2636 1243 2666 Strabo.
1262 2646 1288 2666 v,
1304 2645 1334 2674 p.
1350 2643 1423 2674 237,
1440 2635 1526 2666 Osca

844 2684 953 2709 tamen
971 2678 1078 2717 lingua
1092 2679 1276 2712 utebantur,
1293 2677 1332 2708 cf.
1346 2677 1417 2708 infr.
1430 2688 1459 2708 x.
1474 2687 1523 2709 το.

844 2721 875 2751 in
894 2731 990 2760 quam
1010 2721 1080 2760 ipsa.
1099 2720 1214 2750 Latina
1231 2719 1354 2750 radices
1369 2725 1488 2757 egerat.

887 2774 907 2804 9
931 2766 1063 2794 Actorcs
1080 2764 1326 2801 Atellanarum]
1370 2763 1441 2793 lion
1456 2762 1525 2803 qui-

849 2807 922 2836 dem
939 2817 979 2836 m·
995 2807 1166 2845 improviso
1183 2815 1290 2836 venius
1311 2805 1459 2836 recita-sse
1477 2815 1525 2836 ur-

851 2848 985 2878 bitrntur
1010 2847 1145 2879 Nicblir.
1170 2847 1212 2878 iii.
1236 2858 1265 2887 p.
1288 2856 1357 2887 127,
1380 2847 1528 2879 similiter

847 2895 945 2930 utque
963 2891 1046 2927 illos,
1062 2901 1142 2930 quos
1164 2890 1259 2921 hodie
1279 2890 1394 2921 Italica
1416 2891 1526 2929 lingua

848 2934 1083 2973 improvisam&
1096 2938 1265 2964 vocantur:
1286 2933 1371 2964 idem
1385 2944 1423 2964 ex
1439 2935 1526 2964 Atel-

1218 2989 1245 3016 υ
1267 2975 1295 3016 d
