1934 3211
529 170 657 212 LIB.
690 169 793 210 VII.
839 169 988 211 CAP.
1021 176 1089 212 40.
1425 178 1509 216 443

111 260 276 303 Cohors
296 275 393 310 una,
415 274 548 315 quum
574 259 690 301 haud
713 258 860 315 procul
883 259 1063 301 Anxure
1086 268 1208 310 esset,
1231 261 1282 301 ad
1305 262 1510 305 Lautulas
1525 276 1568 308 U.
1586 277 1624 309 C.
1641 288 1679 316 4¹
1687 287 1716 318 3.

75 333 94 364 9
107 317 213 359 saltu
228 325 405 374 angusto
421 317 532 357 inter
552 331 664 357 mare
681 331 729 357 ac
746 324 911 358 montes
927 316 1132 366 consedit,
1150 317 1204 358 ad
1220 318 1507 374 excipiendos,
1523 320 1563 351 A.
1586 320 1624 352 C.
1642 330 1715 361 339-

106 389 211 431 quos
230 373 377 416 consul
397 373 488 415 aliis
508 382 635 430 atque
658 373 749 415 aliis
769 373 838 430 (ut
859 383 957 415 ante
973 373 1136 416 dictum
1158 374 1241 430 est)
1261 376 1395 417 causis
1412 378 1508 419 mit-

105 431 230 473 tebat.
292 430 383 472 Iam
419 430 557 472 valida
596 431 826 472 admodum
866 446 1044 473 numero
1085 447 1234 474 manus
1270 442 1385 483 erat3
1429 449 1508 476 nee
1522 445 1694 477 Seditiosoe

134 488 331 545 uicquam
352 488 406 530 ad
427 489 525 530 iusti
546 489 756 530 exercitus
776 489 966 539 formam,
985 499 1150 545 praeter
1165 489 1332 540 ducem,
1351 491 1506 533 deerat.
1522 498 1592 518 ΜΠ]
1609 490 1729 538 ffissfff'i‘

128 546 380 603 ncompositi
419 546 563 602 itaque
599 546 851 603 praedantes
886 547 932 588 in
973 562 1121 603 agrum
1159 547 1377 590 Albanum
1413 564 1509 605 per·
1522 532 1711 605 {tgss‘eollxgb

101 603 291 654 veniunt,
324 612 367 645 et
401 604 478 646 sub
513 605 613 660 iugo
645 604 782 646 Albae
817 604 968 661 longae
1005 613 1138 646 castra
1172 605 1281 647 vallo
1317 607 1507 663 cingunt.

102 660 297 704 Perfecto
321 661 422 703 inde
444 677 583 718 opere,
606 662 818 718 reliquum
838 662 924 704 diei
946 662 998 704 de
1025 663 1275 720 imperatore
1302 664 1509 706 sumendo

103 719 324 761 sententiis
356 719 589 770 decertant,
623 719 730 761 nulli
766 735 820 762 ex
854 721 1146 776 praesentibus
1180 722 1278 763 satis
1313 721 1507 764 fidentes.

105 781 118 800 ‘
136 776 279 825 Quem
309 786 452 819 autem
480 778 532 819 ab
562 777 701 819 Roma
731 793 851 834 posse
883 778 1047 820 exciri?
1079 794 1207 835 quem
1229 779 1405 820 Patrum
1436 790 1510 822 aut

104 839 117 858 ‘
130 833 265 891 plebis
286 850 389 885 esse,
407 835 481 891 qui
503 844 574 877 aut
595 851 638 877 se
662 844 779 877 tanto
800 835 988 892 periculo
1009 836 1145 878 sciens
1166 837 1327 887 offerat,
1345 845 1418 879 aut
1438 838 1507 879 cui

74 907 87 930 1
104 897 116 916 ‘
130 906 185 933 ex
206 892 361 934 iniuria
381 893 629 934 insanientis
654 893 864 935 exercitus
889 908 1013 934 causa
1038 902 1151 935 recte
1173 895 1508 936 committatur?'

101 948 277 992 Postero
307 950 390 1000 die,
423 966 557 1006 quum
588 950 736 992 eadem
767 951 1013 992 deliberatio
1045 960 1222 1001 teneret,
1248 968 1301 993 ex
1332 952 1507 1008 praeda-

102 1008 261 1050 toribus
281 1008 396 1065 vagis
418 1008 591 1064 quidam
619 1017 883 1064 compertum
912 1008 1156 1059 attulerunt,
1181 1009 1231 1051 T.
1254 1009 1507 1057 Quinctium

100 1065 146 1105 in
164 1065 408 1107 Tusculano
424 1081 572 1122 agrum
589 1066 738 1116 colere,
758 1066 871 1107 urbis
887 1066 1182 1122 honorumque
1201 1067 1504 1110 immemorem.

100 1121 308 1164 Patriciae
330 1123 399 1164 hic
420 1124 483 1164 vir
501 1123 640 1179 gentis
661 1133 772 1165 erat:
797 1124 866 1165 cui
884 1139 1016 1180 quum
1034 1124 1222 1175 militiae,
1240 1140 1393 1181 magna
1409 1141 1506 1167 cum

99 1179 232 1236 gloria
247 1189 376 1231 actae,
394 1180 524 1222 finem
545 1196 620 1238 pes
640 1181 746 1223 alter
765 1197 819 1223 ex
836 1181 1008 1223 vulnere
1030 1182 1206 1224 claudus
1221 1182 1400 1233 fecisset,
1420 1183 1506 1224 ruri

99 1252 222 1294 agere
244 1238 372 1279 vitam
394 1238 540 1295 procul
567 1239 797 1281 ambitione
826 1255 873 1280 ac
901 1239 990 1281 foro
1019 1240 1249 1282 constituit.
1314 1240 1504 1282 Nomine
1519 1253 1725 1294 Eliguntdu-

99 1295 258 1346 audito,
281 1296 494 1352 extemplo
519 1312 727 1351 agnovere
756 1297 918 1338 virum:
953 1306 1007 1347 et,
1035 1297 1151 1353 quod
1179 1298 1286 1339 bene
1308 1307 1503 1349 verteret,
1518 1307 1588 1345 ⁰⁰¹¹}
1606 1297 1655 1345 T..

99 1353 225 1394 acciri
247 1353 469 1395 iusserunt.
526 1354 611 1395 Sed
631 1369 779 1410 parum
801 1355 889 1411 spei
912 1364 1013 1405 erat,
1036 1355 1252 1397 voluntate
1275 1356 1504 1412 quicquam
1519 1340 1725 1376 Qumctmm.

98 1410 331 1453 facturum:
365 1411 450 1453 vim
472 1411 664 1453 adhiberi
684 1427 731 1453 ac
754 1421 914 1454 metum
949 1412 1105 1454 >lacuit
1169 1412 1319 1469 Itaque
1337 1413 1505 1455 silentio

98 1469 234 1510 noctis
251 1484 383 1526 quum
406 1478 563 1511 tectum
581 1469 716 1519 villae,
736 1470 809 1526 qui
831 1470 884 1511 ad
905 1470 917 1511 i
971 1471 1084 1511 missi
1106 1480 1238 1520 erant,
1257 1471 1502 1521 intrassent3

98 1541 246 1567 somno
276 1542 446 1583 gravem
483 1527 736 1575 Quinctium
767 1543 1025 1584 oppressum,
1055 1527 1162 1568 nihil
1196 1527 1397 1578 medium,
1432 1537 1506 1570 aut

98 1584 323 1640 imperium
354 1594 480 1640 atque
512 1585 731 1634 honorem,
761 1594 846 1634 aut,
879 1585 951 1625 ubi
983 1585 1204 1635 restitaret,
1235 1594 1427 1635 mortem,
1459 1587 1504 1627 ni

97 1650 357 1698 sequeretur,
389 1642 704 1691 denuntiantes,
745 1643 790 1683 in
826 1651 960 1684 castra
990 1651 1298 1699 pertraxerunt.
1362 1643 1504 1700 Impe-

97 1707 209 1740 rator
238 1699 453 1756 extemplo
486 1699 715 1741 adveniens
743 1699 1000 1756 appellatus:
1035 1700 1302 1757 insigniaque
1331 1701 1503 1743 honoris

96 1756 297 1798 exterrito
339 1757 502 1799 subitae
549 1757 610 1798 rei
656 1757 857 1799 miraculo
903 1757 1114 1808 deferunt,
1161 1767 1204 1800 et
1248 1758 1303 1800 ad
1353 1759 1501 1800 urbem

95 1813 251 1856 ducere
287 1815 447 1856 iubent.
514 1814 600 1857 Suo
641 1816 773 1871 magis
808 1815 909 1857 inde
950 1816 1126 1872 impetu,
1164 1831 1291 1872 quam
1325 1817 1501 1858 consilio

96 1871 228 1922 ducis,
271 1872 480 1914 convulsis
525 1873 667 1928 signiS,
709 1873 861 1915 infesto
902 1874 1070 1931 agmine
1111 1874 1165 1915 ad
1206 1874 1390 1930 lapidem
1431 1889 1502 1916 oc-

97 1938 239 1971 tavum
267 1930 372 1980 viae,
402 1945 510 1986 quae
542 1945 657 1971 nunc
686 1930 831 1987 Appia
861 1940 937 1980 est,
971 1932 1246 1987 perveniunt:
1285 1932 1499 1988 issentque
1514 1946 1664 1978 Valerius

95 1987 317 2029 confestim
358 1987 411 2029 ad
454 1987 613 2036 urbem,
656 1988 700 2028 ni
735 1988 876 2028 venire
920 1997 1068 2029 contra
1099 1989 1332 2030 exercitum
1367 1989 1697 2031 dicta-Corvus&-

97 2054 317 2101 toremque
381 2044 579 2085 adversus
635 2059 678 2085 se
731 2044 794 2085 M.
826 2044 1042 2086 Valerium
1097 2044 1285 2086 Corvum
1336 2046 1499 2087 (lictum
1511 2035 1626 2064 ‘'tam''

97 2101 323 2150 audissent,
360 2111 404 2143 et
444 2102 690 2157 magistrum
726 2101 918 2157 equitum
961 2101 1010 2142 L.
1036 2101 1269 2142 Aemilium
1312 2101 1500 2144 Mamer-

67 2159 252 2200 acinum.
325 2159 410 2200 Ubi
452 2159 634 2215 primum
677 2158 721 2199 in
762 2169 1035 2215 conspectum
1077 2168 1264 2204 ventum,
1303 2169 1345 2201 ct
1385 2175 1501 2202 arma
1577 2162 1646 2199 40.

96 2217 299 2273 signaque
336 2232 570 2271 agnovere;
616 2216 831 2272 extemplo
872 2217 1067 2258 omuibus
1108 2217 1309 2258 memoria
1342 2218 1499 2273 patriae

97 2275 177 2315 iras
205 2271 435 2331 permulSit.
502 2274 709 2315 Nondum
740 2284 860 2316 crant
895 2285 979 2315 tam
1008 2275 1135 2315 fortes
1164 2274 1214 2315 ad
1250 2275 1498 2328 sanguinem

95 2332 276 2382 civilem,
309 2348 401 2382 nec,
434 2342 598 2389 practer
629 2341 817 2381 externa,
850 2342 1050 2373 noverant
1085 2331 1219 2373 bolla:
1267 2332 1499 2388 ultimaque

97 2390 230 2431 rabies
257 2390 434 2432 secessio
459 2390 511 2431 ab
539 2390 623 2430 suis
653 2390 895 2431 habelnuur.
962 2389 1109 2446 ltaque
1144 2390 1222 2430 iam
1250 2390 1392 2436 (luces,
1418 2391 1499 2431 iam

98 2447 250 2488 milites
272 2449 498 2504 utrimque,
516 2463 763 2503 congressus
784 2463 986 2503 quun-rere
1009 2447 1061 2488 ad
1083 2447 1303 2502 colloquia.
1360 2448 1500 2495 Quin-

96 2504 215 2553 ctius
253 2521 380 2560 quem
418 2520 628 2546 armorum
665 2506 791 2546 etiam
830 2521 904 2561 pro
941 2505 1073 2561 patria
1115 2505 1280 2546 satit-tas
1323 2515 1497 2555 teneret,

138 2634 158 2662 ι)
181 2625 273 2652 ,Sallu
289 2625 442 2662 unquam}
474 2624 536 2653 l'bi
556 2630 667 2663 posu-a
686 2635 770 2663 prae>
821 2624 938 2657 buln-ii,
963 2623 992 2653 in
1019 2629 1083 2653 not.
1102 2623 1140 2652 :ul
1161 2633 1208 2660 μ.
1233 2622 1301 2652 infr.
1324 2624 1437 2656 ullum.
1458 2624 1499 2652 0¹»

96 2665 212 2696 sidium
230 2666 412 2695 Romanum
427 2671 539 2696 comm
553 2667 561 2696 l
573 2667 772 2696 lunnilmlvui
820 2666 966 2695 iniurium
982 2676 1109 2704 ιμιυιμιι·
1126 2677 1143 2694 ει
1161 2664 1372 2694 ‹ux-«litoribus
1388 2665 1445 2695 sibi
1463 2665 1497 2696 il·

97 2708 156 2738 iter
172 2707 340 2738 obstruxit.
369 2709 408 2738 cf.
427 2708 496 2738 infr.
516 2708 592 2739 xxii.
616 2718 660 2746 ις.
822 2709 918 2738 lutum
938 2707 1098 2737 ‹men-inm
1115 2707 1304 2737 insanit-11:11.

145 2761 152 2780 ι
185 2752 237 2780 Ι’,’]·
254 2751 377 2780 iniuria
395 2752 606 2787 {munientia}
634 2752 686 2779 ‹u›
704 2750 772 2780 illu-
864 2760 878 2780 2
902 2751 964 2781 I'ln‘
979 2752 1119 2789 primum
1135 2773 1141 2779 .
1155 2773 1161 2780 .
1174 2773 1180 2780 .
1197 2751 1495 2788 ventumst-{arma}

96 2797 160 2823 iam
190 2793 248 2822 nihi
277 2792 424 2823 iniurium
453 2793 627 2822 inmun-bat
654 2793 772 2822 vxvn-i-
823 2793 873 2822 lm
900 2803 955 2831 pm
981 2798 1106 2821 reulum
1131 2797 1177 2821 vs!
1197 2792 1378 2822 vnwmlnvit
1403 2793 1426 2823 Ι.
1448 2794 1497 2824 Fr.

96 2841 159 2870 ῐυκ,
176 2847 217 2866 sc.
237 2841 268 2865 ut
292 2835 441 2872 lna-ring.
468 2836 584 2873 placet,
606 2836 690 2873 qum!
718 2834 771 2864 mi-
820 2836 963 2865 (ὕι-«ιιιυν.
1016 2834 1161 2864 Similem
1187 2845 1323 2865 naevum
1347 2836 1496 2867 emenda-

97 2878 169 2908 litos
208 2889 263 2917 per
304 2889 416 2908 «numu
456 2878 617 2917 spx-vimus
655 2877 774 2907 dimissi
824 2878 864 2907 xit
888 2878 912 2908 Ι.
932 2879 1074 2908 Gronov.
1092 2887 1177 2917 eupr.
1196 2877 1225 2908 ii.
1244 2888 1293 2918 39.

96 2926 184 2951 eran!
201 2933 207 2951 ;
233 2922 286 2951 sen!
306 2921 329 2950 si
349 2932 420 2951 vern
440 2921 476 2951 nit
496 2920 680 2950 conicetur-1
698 2920 773 2950 Nic-
