1934 3211
559 229 690 271 LIB.
730 229 763 271 I.
806 230 953 272 CAP.
993 236 1060 273 44.
1454 234 1505 273 51

115 318 360 376 penderent.

423 317 544 360 Haec
579 319 720 360 omnia
752 319 796 360 in
826 319 933 361 dites
968 335 993 362 a
1026 320 1279 377 pauperibus
1311 319 1511 362 inclinata

116 391 254 418 onera.
315 375 487 417 Deinde
505 385 566 417 est
580 376 713 418 honos
727 377 912 418 additus:
946 393 1033 419 non
1050 378 1178 426 enim,
1193 385 1240 418 ut
1256 377 1307 418 ab
1327 376 1510 419 Romulo
1523 388 1691 431 Suffragia.

115 433 314 475 traditum
336 433 464 475 ceteri
485 444 751 476 servaverant
771 450 902 492 reges,
919 436 1076 476 viritim
1097 434 1340 491 suffragium
1362 434 1511 476 eadem

113 490 155 532 vi
167 491 402 547 eodemque
424 491 514 533 iure
527 492 761 548 promiscue
779 493 973 534 omnibus
986 493 1132 534 datum
1146 501 1229 534 est:
1264 491 1339 533 sed
1358 491 1512 548 gradus

113 548 224 598 facti,
239 557 287 590 ut
307 564 446 605 neque
468 549 663 590 exclusus
685 550 905 607 quisquam
928 550 1124 606 suffragio
1147 549 1370 599 videretur,
1388 558 1431 591 et
1450 549 1512 590 vis

113 606 249 648 omnis
269 621 399 663 penes
425 607 628 664 primores
655 608 833 650 civitatis
858 616 977 650 esset.
1043 605 1221 665 Equites
1248 607 1363 648 enim
1390 622 1512 648 voca-

114 665 271 707 bantur
289 664 440 721 primi3
473 665 687 722 octoginta
713 665 812 707 inde
838 666 996 722 primae
1025 666 1163 707 elassis
1183 665 1419 706 centuriae:
1454 664 1512 706 ibi

82 721 148 762 2si
174 721 364 772 variaret,
391 722 506 778 quod
536 738 627 764 raro
658 723 883 774 incidebat,
914 733 960 765 ut
990 723 1198 766 secundae
1226 722 1366 764 classis
1390 737 1512 763 voca-

113 787 284 821 rentur:
318 795 397 821 nee
430 780 515 822 fere
556 796 743 837 unquam
781 782 889 823 infra
924 782 981 823 ita
1013 781 1333 830 descenderent,
1371 789 1419 821 ut
1458 779 1512 821 ad

113 837 280 879 infimos
309 838 587 894 pervenirent.
653 838 746 880 Nec
782 840 923 880 mirari
954 848 1130 896 oportet,
1162 839 1277 879 hunc
1305 838 1510 887 ordinem,

83 895 189 994 33111
221 910 334 937 nunc
375 905 449 945 est,
485 906 580 952 post
615 896 804 953 expletas
845 897 1033 954 quinque
1074 907 1116 938 et
1157 896 1327 953 triginta
1367 896 1511 945 tribus,

82 974 103 1002 4
145 951 327 1010 uplicato
358 969 501 995 earum
530 969 720 1004 numero,
749 955 950 996 centuriis
975 955 1187 996 iuniorum
1215 954 1511 1010 seniorumque

114 1010 168 1052 ad
208 1010 443 1052 institutam
484 1012 535 1053 ab
586 1011 673 1053 Ser.
717 1012 860 1054 Tullio
901 1028 1106 1054 summam
1147 1028 1234 1053 non
1274 1012 1510 1053 convenire.

82 1081 101 1114 5
119 1068 426 1118 Quadrifariam
471 1070 584 1111 enim
631 1071 732 1112 urbe
774 1071 906 1112 divisa
946 1070 1188 1127 regionibus
1235 1069 1509 1126 collibusque,

114 1141 223 1183 quae
259 1126 556 1169 habitabantur
586 1137 736 1184 partes,
775 1128 930 1170 Tribus
965 1143 1034 1170 eas
1067 1127 1313 1184 appellavit3
1352 1136 1398 1168 ut
1434 1142 1512 1182 ego

81 1184 303 1235 6arbitror,
324 1186 376 1226 ab
402 1186 581 1227 tributo:
616 1201 713 1226 nam
735 1186 824 1227 eius
845 1202 1014 1243 quoque
1044 1185 1275 1242 aequaliter
1305 1201 1356 1226 ex
1384 1199 1513 1226 censu

114 1242 360 1284 conferendi
382 1243 432 1284 ab
454 1243 604 1284 eodem
626 1243 732 1285 inita
755 1244 859 1285 ratio
885 1253 957 1285 est.

114 1301 399 1342 centuriarum
425 1300 764 1343 distributionem
790 1317 1097 1357 numerumque
1126 1301 1352 1357 quiequam
1384 1300 1514 1357 perti-

117 1373 260 1400 nuere.

1023 1243 1177 1300 Neque
1206 1243 1283 1284 hae
1307 1243 1438 1284 tribus
1459 1242 1513 1283 ad

86 1423 102 1456 7
177 1415 322 1458 Censu
338 1416 537 1473 perfecto,
560 1431 685 1472 quem
704 1424 980 1458 maturaverat
1000 1424 1117 1457 metu
1137 1415 1241 1472 legis
1262 1415 1315 1456 de
1332 1415 1513 1457 incensis

116 1473 223 1515 latae
255 1489 350 1515 cum
382 1473 643 1515 vinculorum
674 1474 798 1515 minis
829 1474 1071 1530 mortisque,
1104 1472 1251 1523 edixit,
1284 1481 1331 1514 ut
1367 1488 1513 1514 omnes
1526 1478 1654 1509 Servius
1671 1479 1732 1509 lus-

115 1531 226 1573 cives
248 1531 442 1580 Romani,
460 1531 624 1587 equites
645 1531 905 1587 peditesque,
929 1531 972 1572 in
993 1531 1078 1572 suis
1098 1531 1276 1587 quisque
1298 1531 1511 1580 centuriis,

83 1588 160 1631 8in
199 1603 347 1645 campo
389 1588 546 1630 Martio
581 1604 716 1646 prima
756 1588 848 1631 luce
885 1588 1090 1631 adessent.

112 1762 148 1783 se
173 1762 237 1783 non
263 1752 367 1783 solum
395 1762 479 1789 eam,
505 1762 588 1792 quae
614 1752 789 1792 aliquando

113 1800 216 1835 nupta
230 1795 353 1832 fuisset,
368 1796 423 1826 sed
440 1805 511 1826 eam
529 1805 656 1835 quoque
676 1795 789 1826 mulie-

113 1847 281 1878 rem‚quae
293 1838 393 1869 virum
405 1848 468 1868 non
480 1838 677 1870 habuisset.''
692 1839 790 1869 -Iavo-

114 1881 177 1912 len.
188 1880 208 1912 i.
223 1891 294 1920 ²4²-
307 1881 349 1912 D.
364 1881 404 1912 de
422 1882 506 1913 verb.
520 1881 622 1921 signif.
655 1884 675 1898 ‘⁶
685 1882 791 1921 Atque

112 1923 211 1955 etiam
227 1924 412 1956 Corinthios
428 1924 521 1955 video
545 1924 682 1965 publicis
700 1924 791 1964 equis

111 1966 322 2006 assignandis,
337 1968 486 1997 orborum
503 1972 535 1998 et
553 1968 719 1998 viduarum
737 1967 788 1997 tri-

113 2009 209 2047 butis,
219 2010 314 2041 fuisse
325 2010 487 2050 quondam
501 2010 705 2050 diligente8.''
721 2010 789 2041 Cic.

112 2053 155 2084 de
179 2053 264 2093 Rep.
291 2053 323 2084 ii.
351 2063 402 2084 20.
458 2053 546 2083 Hinc
575 2053 643 2084 Liv.
673 2053 789 2093 passim

112 2096 244 2126 “censa
273 2100 347 2126 sunt
377 2095 494 2126 civium
527 2095 635 2136 capita
667 2101 792 2136 praeter

111 2139 202 2170 orbae
221 2139 403 2180 orbasque'’
418 2139 540 2179 quippe
557 2139 655 2178 quod,
677 2139 791 2168 immu-

114 2191 170 2212 nes
197 2181 325 2219 militia,
351 2192 405 2213 aes
434 2182 638 2213 hordeurium
671 2182 790 2212 confer-

113 2229 194 2255 rent.

157 2277 174 2298 ἰ
198 2268 234 2298 Si
263 2268 424 2305 variaret]
470 2267 633 2298 Nimirum
664 2266 690 2298 si
720 2277 790 2297 cen-

112 2311 209 2341 eur-'is
229 2311 356 2350 primae
378 2311 487 2341 classis
511 2309 685 2349 octoginta,
704 2310 790 2349 equi-

112 2357 181 2384 tum
199 2353 362 2384 centuriae
375 2353 545 2384 duodecim
563 2363 636 2383 cum
655 2363 709 2383 sex
727 2353 789 2382 suf-

111 2395 219 2436 fragiis
247 2401 462 2433 uccesserunt,
492 2396 638 2426 confecta
668 2401 715 2426 est
747 2395 792 2425 vis

113 2438 226 2479 populi
250 2438 406 2470 universa.
444 2439 483 2470 cf.
506 2439 574 2471 Cic.
597 2439 638 2469 de
656 2438 738 2478 Rep.
759 2438 789 2469 ii.

114 2491 152 2512 ἠ

157 2533 175 2564 3
191 2525 269 2556 Pone
283 2526 426 2565 eaepleeas
440 2527 583 2566 quinque
593 2529 623 2555 et
635 2525 788 2563 trivium]

113 2566 210 2598 Circa
231 2567 272 2599 U.
286 2568 324 2599 C.
347 2577 420 2607 512,
444 2573 478 2598 ut
502 2567 718 2605 colligendum
744 2572 791 2597 est

113 2620 133 2640 a
150 2609 218 2641 Liv.
239 2609 326 2650 Epit.
343 2610 362 2641 i.
385 2620 432 2659 ¹9,
449 2610 501 2641 ubi
522 2610 640 2640 Velina
659 2615 691 2640 et
709 2609 788 2645 Qui-

114 2651 183 2682 rina
212 2652 312 2683 tribus
337 2653 467 2684 additae
495 2658 723 2683 memorantur.
751 2653 790 2682 cf.

117 2696 233 2726 Ancon.
246 2696 287 2726 ad
308 2695 397 2726 Verr.
415 2696 433 2726 i.
453 2705 482 2734 5,
498 2695 644 2735 “quibus
660 2706 700 2725 1111
719 2701 789 2735 post

114 2738 236 2768 bellum
260 2737 378 2768 sociale
405 2749 518 2773 nome,
539 2738 604 2768 sive
629 2743 702 2768 octo
725 2738 790 2767 niv«-

113 2781 239 2817 decem,
251 2791 372 2820 eaeque
386 2780 415 2811 in
430 2780 648 2811 brevissimum
663 2786 791 2819 tempus

112 2823 318 2860 accesserint,
339 2822 420 2853 inter
446 2823 653 2853 difficillimus
681 2823 710 2852 in
736 2834 787 2852 un*

114 2865 170 2906 tiq.
205 2866 300 2897 Rom.
335 2866 539 2905 ‹uiuentium-s
572 2866 791 2905 ponen‹lum.¹*

114 2908 206 2940 Fun.
231 2909 268 2940 le.
296 2910 370 2940 Λιιῑ.
395 2910 411 2945 ἕ
436 2918 501 2947 ¹⁴3-
526 2910 673 2939 (τουτον.
699 2910 715 2943 ξ
743 2916 791 2946 70,

113 2962 154 2982 an
185 2962 336 2983 numerus
365 2951 420 2982 ille
447 2962 517 2982 vere
544 2956 659 2981 uinctus
686 2950 792 2985 fuerit,

114 2994 211 3026 etiam
237 2994 496 3033 interrogandum
521 2993 726 3025 existimavit.
751 2993 791 3024 cf.

1155 1587 1221 1630 Ibi
1262 1589 1513 1630 instructum

835 1752 983 1793 Onuphr.
1021 1753 1122 1784 Panv.
1158 1753 1198 1784 de
1231 1753 1301 1785 civ.
1332 1752 1431 1784 Rom.
1464 1762 1512 1793 51.

833 1795 941 1836 Sigon.
958 1797 998 1827 de
1015 1797 1091 1827 Ant.
1111 1796 1186 1827 Iure
1204 1796 1329 1827 Italiae.
1347 1795 1390 1827 iii.
1412 1806 1436 1826 1.

879 1851 898 1878 4
916 1840 1092 1878 Duplicaeo
1107 1850 1220 1871 earum
1236 1840 1384 1877 numero]
1412 1838 1511 1869 Haud

835 1881 901 1911 scio
917 1892 956 1912 an
976 1882 1086 1912 Livius
1109 1882 1199 1912 illam
1223 1882 1419 1922 reipublicae
1441 1892 1512 1912 con-

835 1924 988 1955 ditionem
1013 1925 1184 1965 intelligat,
1207 1925 1348 1964 quando,
1373 1930 1445 1964 post
1469 1925 1512 1961 Q.

837 1967 927 1998 Fabii
943 1973 976 1998 et
993 1968 1030 1998 Ρ.
1047 1968 1140 1998 Decii
1157 1977 1323 1998 censuram
1341 1968 1428 1999 U.C.
1440 1978 1512 2009 449.

834 2010 979 2049 singulae
1014 2010 1115 2041 tribus
1152 2011 1183 2041 in
1222 2011 1302 2041 duas
1340 2010 1513 2046 centurias,

835 2063 932 2083 unam
963 2053 1135 2090 iuniorum,
1165 2054 1299 2084 alteram
1339 2053 1513 2088 seniorum,

836 2095 956 2126 divisae
980 2095 1054 2133 sint,
1074 2096 1119 2126 ita
1143 2100 1177 2126 ut
1200 2097 1440 2135 quodammodo
1456 2097 1512 2126 du-

838 2139 911 2177 plex
945 2149 1054 2168 earum
1091 2148 1243 2169 numerus
1272 2139 1433 2169 evaderet.
1472 2139 1512 2169 cf.

839 2181 929 2211 Fuss.
947 2181 963 2218 ἒ
986 2180 1053 2219 163.
1080 2181 1148 2212 Liv.
1168 2180 1209 2211 ix.
1227 2179 1276 2219 46.

881 2233 897 2262 5
923 2224 1187 2262 Qnadrisariam]
1246 2223 1342 2254 Dion.
1381 2223 1420 2254 iv.
1466 2233 1513 2262 15,

835 2273 966 2296 auctore
1007 2266 1117 2301 Fabio.
1150 2276 1260 2304 agrum
1301 2267 1330 2296 in
1371 2265 1513 2303 regiones

837 2309 923 2344 xxvi,
940 2320 1022 2348 quae
1045 2310 1146 2339 tribus
1163 2309 1350 2349 appellatae
1366 2314 1451 2345 sinit,
1467 2309 1509 2339 ‹li-

836 2352 935 2382 vinum
953 2363 1021 2382 esse
1037 2352 1156 2387 scribit,
1172 2351 1227 2388 ita,
1245 2357 1278 2382 ut
1297 2357 1448 2391 ‹fluattuor
1464 2362 1510 2381 ur-

836 2395 927 2425 banis
941 2395 1070 2431 additis,
1087 2395 1214 2434 triginta
1231 2395 1332 2425 tribus
1348 2395 1512 2425 universae

835 2442 949 2469 efflent.
999 2439 1036 2468 In
1062 2437 1145 2468 hanc
1169 2437 1360 2467 sententium
1389 2447 1514 2477 prorsus

834 2481 900 2511 ubit
925 2480 1072 2516 Niebhr..
1093 2480 1145 2520 qui
1166 2480 1257 2510 Varr.
1274 2481 1313 2510 de
1339 2479 1403 2510 Vit.
1432 2480 1512 2520 l’op.

838 2524 933 2555 Rom.
951 2529 1064 2554 testem
1088 2523 1232 2558 adhibet.
1255 2527 1379 2553 “extra
1402 2523 1511 2554 urbem

836 2566 865 2597 in
892 2566 1034 2603 regiones
1058 2566 1132 2596 xxvi
1156 2576 1247 2604 agros
1266 2565 1380 2595 viritim
1407 2566 1513 2596 liberis

835 2609 1015 2639 auribnus*
1041 2609 1173 2639 Niebbr.
1191 2609 1209 2639 i.
1235 2619 1263 2648 p.
1282 2618 1352 2649 409.
1381 2608 1444 2639 Alii
1458 2619 1511 2639 nu-

836 2658 900 2682 tem
927 2652 1060 2682 rusticus
1081 2652 1182 2681 tribus
1203 2651 1293 2681 initio
1309 2651 1448 2682 sedecim
1466 2652 1511 2683 fu-

836 2694 894 2725 isse
912 2695 1033 2724 volunt.
1060 2694 1148 2725 Fusa.
1166 2694 1182 2730 ἓ
1205 2703 1270 2732 ¹⁴3·

877 2736 897 2765 6
924 2738 1071 2774 Tributol
1106 2739 1228 2767 (sonim
1253 2736 1343 2767 Vnrr.
1361 2738 1401 2767 de
1419 2737 1455 2768 L.
1476 2737 1511 2768 L.

836 2780 875 2810 iv.
890 2779 938 2818 36.
955 2781 1121 2813 trilndnm,
1138 2779 1221 2818 quod
1239 2790 1257 2808 a
1274 2780 1419 2810 tribubus
1436 2791 1509 2820 pen-

835 2823 980 2852 debatur.

882 2873 896 2903 7
923 2866 1082 2903 lucensis]
1114 2864 1224 2904 linqui
1241 2864 1327 2896 censi
1352 2875 1414 2896 non
1439 2866 1510 2896 fuis-

836 2913 916 2937 sent.
941 2909 1047 2938 (furzv.

879 2951 898 2977 8
923 2951 961 2981 ln
986 2961 1096 2990 cumpo
1119 2952 1260 2989 Aladin]
1301 2951 1338 2982 ln
1364 2962 1439 2989 agro
1464 2962 1510 2981 ur-

837 2994 908 3023 bem
941 2993 1023 3023 inter
1052 2998 1082 3023 et
1115 2993 1256 3025 Tiberim
1289 2994 1372 3025 nito:
1415 3004 1509 3034 quem

1212 3040 1282 3077 52

1590 1424 1658 1461 44.

1525 1525 1609 1551 trum
1627 1531 1700 1552 con—

1526 1564 1584 1596 dit.
