1934 3211
575 203 702 246 LIB.
744 203 775 245 I.
824 203 969 245 CAP.
1013 209 1075 246 15.
1473 211 1523 250 19

136 295 275 338 tulisse
303 293 536 336 Romulum
558 294 722 336 ferunt:
752 309 828 336 seu
852 295 905 336 ob
932 294 1108 336 infidam
1127 295 1371 338 societatem
1390 298 1523 353 regni,

134 367 209 394 seu
247 352 347 408 quia
386 351 499 393 haud
538 352 692 393 iniuria
731 367 898 393 caesum
938 352 1147 394 credebat.
1224 352 1374 409 Itaque
1414 354 1524 395 bello

133 409 305 466 quidem
326 409 547 451 abstinuit:
580 419 627 450 ut
647 419 787 451 tamen
804 410 1076 464 expiarentur
1095 409 1327 466 legatorum
1347 410 1523 452 iniuriae

131 467 324 524 regisque
353 467 514 517 caedes,
542 467 690 509 foedus
717 467 828 509 inter
856 467 1037 508 Romam
1062 467 1371 524 Laviniumque
1399 469 1523 510 urbes

130 533 377 566 renovatum
398 534 471 566 est.

189 581 246 623 Et
266 598 362 624 cum
383 582 448 623 his
469 582 641 639 quidem
662 583 872 640 insperata
891 598 975 640 pax
996 592 1106 625 erat:
1138 583 1253 624 aliud
1274 583 1407 625 multo
1427 599 1524 640 pro-

129 640 236 697 pius,
258 649 384 696 atque
407 640 451 681 in
472 641 571 697 ipsis
592 656 721 697 prope
742 641 886 698 portis,
908 641 1063 682 bellum
1085 651 1233 683 ortum.
1285 641 1521 692 Fidenates,
1537 650 1667 682 Bellum

129 698 254 739 nimis
280 698 438 739 vicinas
469 714 599 755 prope
633 714 676 740 se
710 698 998 740 convalescere
1032 714 1131 755 opes
1158 699 1249 748 rati,
1277 699 1521 756 priusquam
1536 694 1717 767 cuprFide-

129 764 293 797 tantum
314 756 476 798 roboris
497 765 616 806 esset,
635 766 839 812 quantum
855 756 1043 798 futurum
1060 757 1297 813 apparebat,
1315 767 1523 814 occupant
1534 747 1576 767 ¹¹³
1591 747 1601 767 ¹
1626 748 1672 770 ω’

127 813 285 855 bellum
317 813 464 855 facere.
528 813 752 856 Iuventute
786 824 944 855 armata
975 815 1170 865 immissa,
1204 824 1388 857 vastatur
1419 816 1521 872 agri,

159 871 244 913 uod
259 872 369 913 inter
385 873 532 913 urbem
549 888 596 913 ae
611 871 790 913 Fidenas
807 881 879 913 est.
919 871 1025 914 Inde
1043 872 1096 913 ad
1112 872 1271 914 laevam
1288 873 1407 923 versi,
1423 874 1523 930 quia

128 887 278 971 dextra
298 929 464 971 Tiberis
485 930 664 980 arcebat,
688 945 784 971 cum
811 945 963 986 magna
987 930 1267 987 trepidatione
1296 931 1522 987 agrestium

126 986 398 1044 populantur:
435 987 723 1044 tumultusque
746 1003 908 1045 repens,
927 1003 980 1029 ex
1001 989 1110 1045 agris
1130 989 1174 1029 in
1196 991 1344 1031 urbem
1365 988 1517 1039 illatus,

126 1059 203 1102 pro
223 1045 372 1087 nuntio
388 1045 478 1087 fuit.
543 1045 718 1087 Excitus
741 1045 948 1087 Romulus
964 1046 1122 1102 (neque
1140 1046 1253 1087 enim
1274 1046 1520 1089 dilationem

126 1102 214 1160 pati
235 1112 319 1144 tam
340 1103 526 1145 vicinum
547 1103 704 1145 bellum
726 1103 908 1160 poterat)
929 1105 1162 1145 exercitum
1189 1104 1354 1146 educit:
1388 1115 1523 1146 castra

126 1175 152 1202 a
172 1159 343 1203 Fidenis
358 1161 472 1203 mille
489 1177 686 1218 passuum
703 1161 823 1203 locat.
876 1161 941 1203 Ibi
957 1161 1122 1203 modico
1139 1162 1345 1218 praesidio
1361 1162 1520 1214 relicto,

126 1233 314 1275 egressus
339 1220 534 1260 omnibus
562 1219 704 1275 copiis,
727 1228 888 1276 partem
916 1219 1099 1261 militum
1125 1219 1226 1261 locis
1254 1220 1364 1261 circa
1391 1220 1522 1262 densa

126 1277 260 1318 obsita
291 1276 470 1333 virgulta
502 1277 689 1319 obscuris
722 1276 936 1318 subsidere
966 1277 1011 1318 in
1046 1277 1208 1318 insidiis
1239 1277 1381 1327 iussit3
1424 1293 1521 1320 cum

127 1342 243 1390 parte
266 1335 420 1376 maiore
443 1344 569 1391 atque
591 1335 706 1376 omni
728 1335 917 1391 equitatu
942 1335 1165 1391 profectus,
1188 1334 1232 1375 id
1253 1334 1368 1390 quod
1393 1351 1521 1391 quae-

127 1392 257 1442 rebat,
294 1392 550 1433 tumultuoso
582 1401 625 1433 et
657 1392 810 1433 minaei
839 1407 993 1448 genere
1056 1407 1204 1448 ugnae,
1236 1392 1521 1448 adequitando

126 1449 227 1514 ipsis
258 1464 387 1506 prope
420 1450 563 1506 portis,
597 1449 761 1491 hostem
797 1449 963 1490 excivit.
1024 1407 1166 1506 gugae
1198 1465 1382 1506 quoque,
1412 1466 1519 1507 quae

128 1506 363 1548 simulanda
409 1516 510 1557 erat,
552 1507 700 1548 eadem
740 1506 944 1563 equestris
991 1522 1135 1564 pugna
1174 1522 1340 1549 causam
1381 1509 1520 1550 minus

126 1563 358 1606 mirabilem
374 1564 514 1606 dedit:
538 1573 581 1606 et
595 1580 741 1621 quum,
756 1564 872 1606 velut
885 1565 995 1606 inter
1010 1580 1177 1622 pugnae
1193 1565 1402 1622 fugaeque
1419 1581 1520 1608 con-

125 1621 263 1663 silium
288 1622 523 1679 trepidante
549 1622 753 1678 equitatu,
776 1622 905 1679 pedes
933 1637 1102 1680 quoque
1131 1622 1303 1665 referret
1326 1623 1517 1680 gradum,

123 1679 259 1736 plenis
289 1690 461 1737 repente
493 1681 624 1737 portis
654 1680 774 1722 effusi
806 1680 958 1731 hostes,
987 1680 1166 1738 impulsa
1192 1681 1385 1723 Romana
1415 1683 1517 1734 acie,

123 1737 262 1779 studio
278 1737 461 1780 instandi
478 1738 766 1795 sequendique
790 1738 1013 1780 trahuntur
1028 1739 1082 1780 ad
1097 1739 1236 1781 locum
1257 1740 1516 1782 insidiarum.

123 1794 230 1837 Inde
251 1797 388 1838 subito
416 1797 550 1838 exorti
582 1796 763 1838 Romani
795 1805 1067 1838 transversam
1098 1797 1303 1839 invadunt
1333 1797 1518 1840 hostium

122 1853 267 1895 aciem.
330 1854 512 1896 Addunt
539 1869 734 1911 pavorem
757 1864 871 1896 mota
897 1870 919 1896 e
948 1855 1092 1896 castris
1119 1855 1237 1911 signa
1261 1870 1419 1906 eorum,
1443 1856 1517 1912 qui

122 1911 165 1952 in
217 1911 393 1954 raesidio
421 1911 554 1954 relicti
580 1912 755 1954 fuerant,
819 1911 884 1954 Ita
911 1912 1133 1970 multiplici
1161 1923 1316 1955 terrore
1338 1914 1517 1970 perculsi

123 1926 360 2020 FiXenates,
377 1971 493 2027 prius
513 1985 646 2027 paene
664 1986 790 2027 quam
809 1970 1028 2020 Romulus,
1046 1971 1203 2027 quique
1221 1986 1317 2013 cum
1330 1987 1381 2013 eo
1397 1972 1518 2028 equis

122 2027 269 2078 ierant,
287 2028 621 2085 circumagerent
636 2028 763 2070 frenis
779 2044 922 2085 equOS,
945 2037 1061 2085 terga
1076 2038 1263 2071 vertunt:
1296 2029 1515 2086 multoque

121 2085 305 2135 effusius,
338 2085 516 2143 (quippe
557 2101 654 2128 vera
692 2086 811 2143 fuga)
846 2087 921 2142 qui
953 2086 1196 2128 simulantes
1235 2086 1376 2143 paullo
1417 2097 1514 2129 ante

121 2143 254 2185 secuti
274 2153 405 2193 erant,
428 2143 633 2200 oppidum
653 2145 911 2200 repetebant.
975 2143 1018 2185 N
1021 2159 1076 2185 on
1098 2153 1238 2186 tamen
1259 2144 1449 2200 eripuere
1470 2160 1514 2186 se

122 2200 255 2242 hosti:
290 2201 465 2244 haerens
496 2202 539 2242 in
565 2214 681 2259 terga
714 2202 941 2252 Romanus,
964 2202 1078 2258 prius
1103 2217 1229 2258 quam
1250 2201 1356 2244 fores
1377 2211 1516 2259 porta-

121 2274 214 2300 rum
235 2259 530 2310 obiicerentur,
553 2259 667 2301 velut
687 2260 852 2316 agmine
875 2275 959 2301 uno
980 2259 1183 2316 irrumpit.

181 2316 289 2358 Belli
324 2316 536 2359 Fidenatis
572 2318 819 2371 contagione
851 2318 998 2359 irritati
1024 2317 1270 2359 Veientium
1300 2318 1441 2368 animi,
1473 2328 1516 2360 et
1602 2327 1664 2366 15,

121 2389 247 2417 consa
307 2375 496 2426 uinitate‚
525 2376 643 2432 (nam
678 2375 900 2417 Fidenates
930 2390 1099 2432 quoque
1130 2375 1295 2417 Etrusci
1325 2375 1516 2432 fuerunt)
1530 2381 1676 2431 Bellum·

121 2441 165 2474 et
188 2390 306 2490 qugfi
333 2433 422 2490 ipsa
449 2434 737 2498 propinquitas
767 2432 859 2483 loci,
889 2434 922 2474 si
955 2433 1148 2475 Romana
1177 2449 1291 2475 arma
1322 2434 1516 2476 omnibus
1527 2425 1733 2502 ‘ciffis-VM&

122 2489 272 2532 infesta
298 2490 486 2532 finitimis
513 2501 663 2542 essent,
690 2491 938 2533 stimulabat.
1002 2490 1053 2532 In
1081 2491 1186 2532 fines
1209 2491 1422 2533 Romanos
1442 2507 1516 2533 ex-

122 2558 408 2598 cucurrerunt,
442 2549 731 2614 populabundi
767 2549 911 2605 magiS,
947 2564 1072 2605 quam
1114 2549 1210 2590 iusti
1252 2563 1364 2590 more
1402 2549 1512 2592 belli.

122 2604 271 2662 Itaque
293 2621 378 2648 non
399 2616 540 2648 castris
562 2607 716 2664 positis,
740 2623 825 2648 non
846 2616 1087 2663 exspectato
1109 2606 1290 2647 hostium
1312 2607 1514 2658 exercitu,

122 2672 281 2719 raptam
303 2679 356 2705 ex
377 2665 484 2719 agris
512 2665 707 2721 praedam
737 2675 962 2721 portantes,
986 2665 1113 2705 Veios
1140 2664 1322 2705 rediere:
1359 2663 1516 2707 Roma-

122 2735 202 2762 nus
223 2731 378 2770 contra,
403 2732 622 2778 postquam
652 2722 812 2764 bostem
836 2723 878 2763 iu
906 2723 1013 2778 agris
1035 2737 1117 2762 nou
1148 2722 1319 2770 invenit,
1342 2722 1514 2765 dimica-

123 2778 225 2820 tioni
242 2777 411 2820 ultimae
429 2779 653 2821 instructus
666 2780 949 2836 intentusque,
965 2779 1151 2820 Tiberim
1170 2779 1325 2821 transit.
1372 2779 1513 2829 Quem

122 2846 343 2893 postquam
365 2846 497 2878 castra
524 2852 693 2894 ponere,
717 2847 758 2879 et
780 2837 832 2878 ad
855 2838 999 2878 urbem
1025 2852 1284 2878 accessurum
1312 2836 1514 2881 Veientes

122 2894 343 2943 audivere3
376 2894 539 2936 obviam
561 2895 726 2950 egressi,
750 2904 793 2936 ut
816 2895 953 2951 potius
974 2895 1060 2936 acie
1077 2894 1363 2946 decernerent,
1386 2911 1511 2952 quam

123 2950 271 2994 inclusi
312 2952 365 2996 de
407 2952 526 2994 tectis
568 2953 866 3008 moenibusque
908 2952 1165 2995 dimicarent.
1240 2952 1317 3003 Ibi,
1359 2954 1514 2996 viribus

1212 3024 1235 3051 e
1257 3016 1281 3051 2
