1934 3211
539 200 664 243 LIB.
704 201 737 243 Ι.
785 201 930 243 CAP.
971 205 1036 244 35.
1432 208 1487 246 43

99 291 271 342 vitandi,
293 290 604 347 beneficiisque,
627 305 732 347 quos
755 299 931 348 poterat,
960 292 1038 334 sibi
1066 292 1342 343 conciliando,
1371 294 1489 336 adiu—

99 351 243 399 vabat3
280 347 416 390 donec
446 348 491 389 in
520 349 678 405 regiam
709 363 878 405 quoque
909 349 962 391 de
994 364 1045 391 eo
1074 349 1185 391 fama
1213 349 1372 406 perlata
1403 361 1487 393 est:

97 407 375 463 notitiamque
406 421 499 448 eam
529 406 658 456 brevi,
690 406 803 463 apud
833 421 975 464 regem
1002 406 1230 449 liberaliter
1256 407 1489 465 dextreque

97 464 293 507 obeundo
324 464 470 514 officia,
499 464 544 505 in
573 463 786 505 familiaris
816 465 1023 506 amicitiae
1056 465 1289 506 adduxerat
1318 465 1421 516 iura,
1443 476 1491 508 ut

95 521 274 579 publicis
307 522 462 579 pariter
496 536 543 563 ac
578 521 748 578 privatis
778 522 961 564 consiliis
991 522 1093 565 belli
1124 523 1324 579 domique
1359 523 1491 565 inter-

95 588 226 622 esset:
257 588 312 629 et,
333 594 410 636 per
429 579 571 621 omnia
590 588 800 636 expertus,
823 589 1034 637 postremo
1063 589 1176 622 tutor
1200 581 1327 622 etiam
1348 580 1490 623 liberis

94 637 204 694 regis
224 645 474 679 testamento
494 637 792 679 institueretur.

154 695 364 752 Regnavit
405 695 552 736 Ancus
597 710 727 736 annos
772 704 971 752 quattuor
1020 705 1062 737 et
1106 696 1268 753 viginti,
1315 696 1490 739 cuilibet
1572 696 1639 736 35.

93 753 355 810 superiorum
382 767 529 810 regum
555 752 655 794 belli
682 753 879 810 pacisque
911 763 953 795 et
983 754 1141 796 artibus
1168 763 1212 796 et
1237 753 1371 810 gloria
1400 770 1485 811 par.
1501 750 1642 783 Moritur

93 809 184 852 Iam
215 810 291 852 filii
326 825 456 868 prope
492 811 694 867 puberem
729 820 908 853 aetatem
940 821 1089 853 erant:
1133 827 1184 853 eo
1220 812 1352 869 magis
1383 812 1489 854 Tar·
1502 794 1621 826 Ancus.

122 868 263 910 uinius
297 868 465 918 instare,
502 876 549 910 ut
582 883 709 924 quam
748 869 932 926 primum
968 869 1138 911 comitia
1177 869 1266 926 regi
1305 870 1488 913 creando

123 934 253 968 erent.
338 925 504 975 Quibus
544 926 726 976 indictis,
775 927 853 968 sub
893 935 1058 984 tempus
1097 942 1249 984 pueros
1288 937 1486 970 venatum

90 983 323 1041 ablegavit:
358 984 477 1040 isque
512 984 671 1041 primus
707 992 750 1026 et
784 985 936 1041 petisse
972 985 1189 1027 ambitiose
1222 1000 1413 1042 regnum,
1445 995 1488 1028 et
1500 989 1696 1030 Tarquinius

91 1041 322 1084 orationem
352 1041 508 1083 dicitur
537 1041 729 1084 habuisse
763 1042 817 1084 ad
847 1042 1131 1084 conciliandos
1161 1042 1296 1099 plebis
1325 1043 1487 1086 animos
1499 1042 1704 1106 ffiffnumam·

90 1099 386 1165 compositam:
422 1105 434 1124 ‘
453 1099 599 1148 Quum
629 1115 672 1141 se
704 1115 790 1142 non
825 1115 914 1142 rem
944 1115 1095 1142 novam
1127 1109 1295 1157 petere:
1329 1101 1486 1158 quippe
1548 1099 1556 1107 ”

91 1162 105 1181 ‘
119 1171 194 1214 qm
214 1172 301 1200 non
321 1157 493 1214 primus,
512 1157 626 1214 quod
647 1158 870 1214 quisquam
891 1158 1102 1215 indignari
1124 1158 1316 1200 mirarive
1332 1168 1485 1215 posset,

91 1219 104 1238 ‘
118 1214 192 1256 sed
214 1215 363 1257 tertius
385 1215 546 1257 Romae
568 1215 813 1272 peregrinus
834 1229 1010 1272 regnum
1027 1216 1218 1258 affectet:
1249 1225 1292 1258 et
1313 1216 1486 1259 Tatium

91 1278 205 1314 ‘non
225 1288 279 1315 ex
300 1273 522 1330 peregrino
543 1272 691 1323 solum,
724 1273 798 1314 sed
825 1273 953 1314 etiam
983 1288 1037 1315 ex
1065 1273 1198 1324 hoste,
1230 1288 1374 1331 regem
1401 1274 1487 1317 fac-

91 1335 104 1354 ‘
120 1338 228 1371 tum:
252 1340 295 1373 et
318 1329 519 1381 Numam,
537 1331 728 1387 ignarum
750 1331 875 1380 urbis,
893 1346 980 1372 non
995 1339 1224 1387 petentem,
1242 1332 1287 1372 in
1307 1347 1485 1388 regnum

90 1387 229 1430 ‘ultro
249 1388 451 1430 accitum:
483 1397 573 1429 tum
595 1403 650 1438 se,
680 1403 734 1429 ex
762 1403 846 1444 quo
873 1387 937 1429 sui
963 1396 1114 1444 potens
1140 1388 1279 1438 fuerit,
1303 1388 1485 1431 Romam

90 1450 104 1470 ‘
117 1460 215 1487 cum
235 1446 413 1502 coniuge
435 1461 483 1487 ac
503 1446 680 1487 fortunis
707 1445 902 1487 omnibus
931 1445 1248 1502 commigrasse:
1282 1447 1483 1489 maiorem

89 1509 103 1527 ‘
210 1519 278 1546 em
291 1504 438 1545 aetatis
454 1503 555 1552 eius,
571 1518 654 1559 qua
669 1502 861 1544 civilibus
874 1503 1020 1544 officiis
1031 1502 1262 1560 fungantur
1277 1503 1483 1555 homines,

88 1566 101 1585 ‘
161 1573 281 1603 omae
297 1575 354 1611 se,
372 1575 498 1617 quam
515 1561 559 1601 in
575 1569 716 1602 vetere
733 1560 880 1616 patria,
897 1561 1066 1602 vixisse:
1091 1561 1206 1603 domi
1223 1561 1482 1619 militiaeque

87 1618 192 1660 ‘sub
219 1618 332 1660 haud
362 1617 621 1675 poenitendo
649 1618 858 1675 magistro,
887 1619 978 1675 ipso
1004 1618 1124 1661 Anco
1152 1635 1263 1677 rege,
1288 1619 1484 1663 Romana

86 1681 157 1718 ‘se
185 1676 288 1726 iura,
312 1675 526 1718 Romanos
553 1676 656 1717 ritus
677 1676 895 1718 didicisse:
929 1677 1131 1733 obsequio
1156 1686 1199 1719 et
1220 1678 1483 1721 observantia

85 1733 158 1775 ‘in
178 1749 320 1791 regem
343 1749 439 1776 cum
471 1734 677 1784 omnibus,
710 1734 970 1791 benignitate
999 1750 1098 1792 erga
1125 1735 1226 1777 alios
1258 1751 1353 1777 cum
1382 1751 1480 1794 rege

85 1791 203 1849 ‘ipso
223 1792 426 1834 certasse.'
475 1791 594 1833 Haec
615 1807 713 1834 eum
735 1792 848 1833 haud
868 1791 970 1834 falsa
989 1802 1294 1835 memorantem
1317 1794 1480 1851 ingenti
1495 1801 1538 1834 U.
1555 1802 1593 1834 C.
1615 1804 1682 1843 138.

82 1864 290 1892 consensu
321 1849 502 1907 populus
533 1849 751 1891 Romanus
786 1865 959 1907 regnare
995 1850 1125 1892 iussit.
1190 1851 1302 1909 Ergo
1330 1853 1478 1903 virum,
1495 1845 1683 1919 {ip-⁶¹⁴·

81 1916 223 1950 cetera
241 1908 470 1965 egregium,
492 1916 646 1958 secuta,
669 1923 795 1964 quam
822 1909 865 1949 in
892 1908 1078 1965 petendo
1106 1909 1321 1960 habuerat,
1353 1910 1479 1952 etiam
1539 1892 1643 1929 1g1tur.

81 1975 329 2023 regnantem
362 1966 535 2008 ambitio
571 1975 644 2007 est.
714 1965 808 2007 Nec
844 1967 983 2008 minus
1018 1967 1136 2023 regni
1170 1967 1233 2008 sui
1270 1968 1477 2019 firmandi,

50 2037 210 2080 squam
249 2023 466 2089 augendae
513 2023 779 2080 reipublicae,
822 2039 994 2074 memor,
1036 2034 1207 2066 centum
1248 2026 1293 2066 in
1333 2025 1479 2068 Patres

49 2080 208 2138 9legit3
243 2097 316 2139 qui
341 2081 498 2123 deinde
526 2082 735 2122 minorum
756 2082 947 2138 gentium
975 2091 1073 2123 sunt
1097 2082 1320 2139 appellati:
1351 2083 1478 2125 factio

81 2138 195 2181 haud
235 2139 364 2181 dubia
402 2139 524 2196 regis,
565 2139 684 2180 cuius
723 2139 930 2181 beneficio
975 2140 1017 2180 in
1063 2140 1222 2181 curiam
1261 2151 1473 2182 venerant.

81 2195 251 2238 Bellum
271 2197 453 2254 primum
476 2212 571 2238 cum
595 2196 757 2238 Latinis
777 2197 915 2253 gessit,
938 2206 981 2238 et
1001 2197 1203 2254 oppidum
1226 2198 1283 2239 ibi
1302 2198 1476 2255 Apiolas
1491 2205 1620 2239 Bellum

79 2254 121 2296 vi
151 2255 285 2312 cepit:
319 2255 558 2312 praedaque
587 2254 686 2296 inde
712 2254 881 2304 maiore,
904 2270 1029 2311 quam
1056 2265 1213 2311 quanta
1240 2256 1336 2297 belli
1366 2256 1475 2298 fama
1487 2260 1559 2298 cum
1580 2251 1664 2282 1⁴⁸⁶·

78 2312 228 2363 fuerat,
250 2322 426 2363 revecta,
450 2312 570 2354 ludos
597 2312 838 2369 opulentius
863 2313 1202 2370 instructiusque,
1233 2329 1358 2370 quam
1389 2314 1474 2371 pri·
1487 2302 1545 2324 ‘¹¹⁸'

51 2385 171 2413 iores
191 2385 322 2428 regest,
343 2371 454 2413 fecit.
519 2370 632 2413 Tum
662 2370 844 2427 primum
875 2370 999 2421 circo,
1022 2371 1095 2427 qui
1126 2386 1239 2413 nunc
1267 2372 1475 2414 maximus

122 2495 143 2525 8
166 2495 301 2528 Centum
330 2498 366 2527 in
392 2498 510 2528 Patres
535 2497 627 2537 leyt'e]
662 2497 756 2534 Quos
800 2497 962 2528 Romulus
984 2508 1021 2528 cx
1048 2496 1157 2537 primis
1179 2497 1346 2533 Romanis,
1361 2508 1399 2528 ac
1420 2499 1472 2529 de-

79 2541 293 2569 trecentorum
307 2539 497 2570 Senatorum
515 2550 683 2570 numerum
701 2550 753 2571 ex·
799 2540 874 2571 inde
903 2551 942 2571 ex
974 2540 1111 2577 Sabinis,
1139 2540 1169 2570 in
1201 2540 1311 2570 Patres
1342 2540 1472 2579 legerat.

81 2579 216 2621 plevioee
230 2581 336 2612 scribit
351 2582 526 2622 Dionysius
543 2582 651 2622 iii.67,
666 2588 753 2614 etex
799 2584 905 2614 Cnizv.
963 2583 1037 2614 Hae
1061 2593 1134 2613 vero
1158 2593 1219 2613 non
1249 2582 1306 2612 nini
1330 2593 1399 2613 sero
1421 2594 1471 2615 ea-

80 2623 216 2663 plebeiis
239 2625 403 2656 adiectos:
439 2630 550 2656 contra
577 2635 650 2656 vero
677 2626 753 2656 Nie-
797 2626 871 2656 dem
903 2625 1069 2665 dignitate,
1095 2636 1158 2664 qun
1188 2625 1323 2656 maiores
1350 2631 1473 2666 gentes,

79 2665 213 2697 buhrius
226 2665 284 2697 hos
300 2667 439 2698 Luceres
453 2668 559 2705 fuisse,
571 2669 624 2708 qui
641 2679 660 2699 a
675 2669 752 2699 Tul-
797 2673 927 2699 ornatae
943 2673 1025 2699 sunt.

79 2709 112 2740 lo
138 2708 280 2739 Hostilio
302 2709 333 2740 in
357 2710 461 2741 curias
482 2711 644 2751 adscripti,
668 2721 754 2742 nunc
846 2721 855 2741 ι
884 2711 1069 2747 Μιιήηιω]
1102 2710 1192 2741 Inter
1215 2710 1411 2742 Aventinum
1439 2717 1471 2744 et

77 2752 209 2782 tandem
235 2751 265 2782 in
289 2757 434 2783 senatum
461 2752 543 2783 viam
567 2753 624 2783 sibi
650 2754 752 2784 muni·
800 2753 984 2784 Palatinum
1009 2757 1145 2787 montes.
1168 2762 1223 2792 per
1247 2753 1362 2784 vallem
1382 2755 1470 2786 Mur—

80 2798 202 2826 verunt.
229 2794 362 2826 Nicbhr.
379 2794 399 2825 i.
417 2805 447 2835 p.
464 2794 535 2835 296.
797 2796 866 2826 cine
900 2797 1024 2826 ductus.
1073 2796 1158 2826 Loca
1185 2795 1315 2835 quidem
1347 2796 1378 2828 in
1410 2797 1471 2830 hoc

120 2846 141 2879 9
164 2838 333 2868 Minor-um
347 2839 508 2877 peruium]
536 2837 646 2868 Minus
661 2838 752 2878 insig-
796 2839 880 2869 circo
890 2838 1021 2877 singulis
1033 2838 1128 2869 curiis
1138 2838 1308 2879 assignata,
1320 2839 1359 2871 cf.
1372 2840 1470 2872 Dion.

77 2879 167 2911 nium
192 2880 395 2911 familiarum.
443 2880 573 2920 Nempe
596 2882 753 2911 maim-um
796 2880 838 2911 iii.
866 2880 916 2911 68.
947 2880 1031 2921 plebi
1061 2885 1169 2911 nutem
1198 2892 1256 2912 sun
1284 2885 1469 2923 spectacula

74 2924 221 2963 nentium
237 2924 354 2954 Patre·
370 2923 471 2954 habiti
488 2927 519 2953 et
535 2923 612 2953 dicti
630 2927 703 2953 sunt
720 2923 753 2958 ii,
796 2923 827 2954 in
853 2923 951 2964 pratis
969 2923 1148 2962 Flaminiis,
1164 2924 1217 2955 ubi
1239 2929 1351 2966 postea
1369 2925 1471 2958 circus

78 2965 132 3005 qui
162 2965 314 3006 originem
346 2966 507 2998 ducebant
538 2966 578 2996 ab
610 2965 647 2996 iis
673 2976 753 3005 quos
798 2966 988 3003 Flaminius,
1003 2970 1103 2998 erunt.
