1934 3211
166 235 209 267 U.
227 235 265 266 C.
282 243 354 274 433.

164 279 204 309 A.
228 279 265 309 C.
284 287 356 318 319.

170 694 311 724 Lentulo

167 737 333 773 suadente,

251 2396 289 2434 5.

175 2451 346 2490 Accipiun-

174 2498 233 2523 tur.

379 141 462 179 504
896 135 1045 177 TITI
1087 135 1266 176 LIVII

383 234 394 252 ‘
410 227 577 269 foedere
618 227 838 268 victurum.
903 226 983 267 His
1024 226 1336 267 conditionibus
1376 234 1568 283 paratum
1604 242 1648 268 se
1690 241 1778 268 esse

384 284 558 326 ‘foedus
588 300 685 326 cum
716 283 957 325 consulibus
987 284 1133 325 ferire:
1168 283 1202 323 si
1233 283 1338 339 quid
1368 299 1513 325 eorum
1535 284 1779 340 displiceat,

385 349 395 366 ⁶
411 343 568 398 legatos
589 342 725 383 redire
747 341 801 382 ad
822 342 883 382 se’
904 341 1048 382 vetuit.
1099 340 1218 381 Haec
1240 356 1372 396 quum
1393 341 1545 397 legatio
1565 341 1782 382 renuntia-

384 409 510 449 retur,
530 408 670 440 tantus
700 399 881 454 gemitus
912 398 1101 439 omnium
1122 398 1260 438 subito
1291 407 1462 439 exortus
1483 407 1556 448 est,
1579 406 1780 453 tantaque

384 457 592 498 maestitia
621 456 802 504 incessit,
832 464 880 496 ut
908 470 995 495 non
1026 455 1191 510 gravius
1222 456 1434 510 accepturi
1464 455 1720 504 viderentur,
1747 454 1782 494 si

385 514 661 563 nuntiaretur,
700 513 894 553 omnibus
930 526 980 552 eo
1013 511 1104 552 1000
1141 520 1319 551 mortem
1360 512 1643 568 oppetendam
1679 526 1779 553 esse.

389 571 535 619 Quum
562 571 636 611 diu
664 569 877 610 silentium
905 568 1061 617 fuisset,
1084 582 1163 608 nec
1194 567 1385 609 consules
1413 577 1484 610 aut
1514 584 1590 624 pro
1610 569 1781 610 foedere

386 637 471 669 tam
503 628 627 683 turpi,
651 634 723 667 aut
751 638 897 666 contra
916 624 1063 665 foedus
1090 635 1175 664 tam
1196 625 1475 666 necessarium
1506 626 1665 667 hiscere
1687 640 1783 681 pos-

385 693 500 733 sent,
535 693 626 724 tum
648 683 698 723 L.
718 681 939 730 Lentulus,
955 681 1028 735 qui
1050 689 1140 721 tum
1161 681 1355 737 princeps
1375 681 1607 736 legatorum
1627 683 1781 723 virtute

386 751 511 796 atque
543 740 771 781 honoribus
801 747 901 788 crat,
936 738 1135 778 ‘Patrem
1170 738 1337 786 meum,’
1368 738 1519 793 inquit,
1554 739 1781 789 ‘consules,

388 805 399 822 ‘
415 813 539 853 saepe
575 796 716 837 audivi
757 804 1074 844 memorantem,
1112 810 1154 835 se
1191 795 1235 835 111
1275 794 1486 851 Capitolio
1527 811 1660 836 unum
1695 811 1783 837 non

387 862 397 879 ‘
413 855 538 895 fuisse
561 862 775 894 auctorem
795 853 959 893 senatui
980 852 1250 893 redimendae
1267 867 1368 893 auro
1389 867 1413 893 a
1437 851 1570 893 Gallis
1591 853 1782 903 civitatis,

388 919 397 936 ‘
416 912 587 968 quando
621 926 699 952 1100
732 910 840 951 fossa
875 909 1069 965 valloque
1106 910 1157 950 ab
1188 909 1455 965 ignavIssimo
1491 909 1545 950 ad
1575 924 1702 966 opera
1737 925 1784 950 ac

389 968 693 1009 ‘muniendum
718 968 836 1008 hoste
859 967 988 1008 clausi
1017 976 1178 1016 essent3
1213 975 1255 1007 et
1283 981 1503 1022 erumpere
1530 966 1671 1008 sinon
1696 966 1784 1007 51110

389 1034 398 1049 ⁴
416 1025 602 1082 periculo
617 1040 782 1081 magno,
799 1033 941 1066 tamen
963 1025 1053 1064 sine
1075 1033 1188 1065 certa
1209 1024 1394 1079 pernicie
1408 1031 1589 1079 possent.
1656 1023 1786 1072 Quod

389 1090 399 1106 ⁶
417 1083 463 1132 si,
487 1091 534 1124 ut
559 1082 640 1123 illis
661 1082 881 1123 decurrere
904 1096 957 1122 ex
981 1080 1194 1137 Capitolio
1215 1081 1382 1122 armatis
1403 1081 1448 1121 in
1468 1081 1632 1122 hostem
1652 1081 1784 1130 licuit,

389 1148 398 1164 ‘
416 1140 521 1196 (quo
543 1155 665 1195 saepe
680 1139 806 1180 modo
829 1139 984 1180 obsessi
1005 1139 1050 1178 in
1066 1138 1304 1179 obsidentes
1323 1138 1574 1194 eruperunt)
1587 1139 1646 1179 ita
1664 1138 1785 1179 nobis

390 1204 398 1220 ‘
416 1213 552 1253 aequo
577 1205 649 1237 aut
680 1197 826 1252 iniquo
851 1196 944 1237 1000
966 1195 1195 1236 dimicandi
1224 1195 1516 1236 tantummodo
1538 1210 1634 1236 011111
1665 1195 1784 1236 110510

390 1261 400 1278 ‘
414 1255 535 1310 copia
548 1262 667 1303 esset,
682 1269 769 1294 11011
782 1253 886 1293 1111111
902 1253 1067 1309 paterni
1080 1252 1210 1293 animi
1223 1252 1385 1293 indoles
1398 1253 1443 1292 111
1456 1252 1629 1294 consilio
1645 1252 1786 1293 dando

390 1320 399 1335 ⁵
417 1312 591 1352 deesset.
657 1310 871 1366 Equidem
904 1319 1081 1351 mortem
1122 1325 1198 1365 pro
1238 1309 1371 1365 patria
1404 1309 1659 1365 praeclaram
1698 1324 1786 1350 esse

391 1369 574 1410 ‘fateorz
609 1377 652 1409 et
681 1383 748 1409 me
770 1367 836 1409 vel
857 1367 1062 1408 devovere
1094 1382 1170 1422 pro
1202 1366 1359 1422 populo
1382 1366 1577 1407 Romano
1609 1366 1787 1422 legioni-

391 1434 400 1449 ‘
418 1426 594 1480 busque,
617 1425 684 1467 vel
714 1425 759 1465 in
780 1425 942 1466 medios
972 1439 1040 1465 me
1065 1424 1290 1464 immittere
1322 1424 1461 1464 hostes
1481 1432 1650 1479 paratus
1679 1438 1783 1464 sum.

394 1489 403 1505 ⁵
423 1482 507 1523 Sed
528 1482 596 1523 hic
612 1482 790 1537 patriam
804 1482 940 1531 video,
958 1482 1026 1522 hic
1048 1480 1252 1537 quicquid
1271 1481 1558 1522 Romanarum
1571 1481 1787 1536 legionum

394 1546 403 1562 ‘
421 1547 504 1579 est:
539 1554 660 1593 quae,
683 1539 763 1579 nisi
784 1554 860 1593 pro
891 1553 933 1579 se
956 1539 1054 1594 ipsis
1075 1539 1129 1579 ad
1150 1546 1328 1579 mortem
1359 1553 1479 1578 ruere
1500 1537 1659 1587 volunt,
1682 1536 1818 1593 quid6

393 1603 402 1619 ⁸
417 1595 585 1644 habent,
602 1594 716 1650 quod
733 1604 866 1635 morte
883 1610 957 1635 sua
972 1596 1166 1636 servent?
1198 1595 1331 1636 Tecta
1352 1595 1477 1644 urbis,
1493 1595 1606 1636 dicat
1622 1594 1785 1650 aliquis,

394 1659 461 1693 ‘et
493 1653 671 1701 moenia,
701 1660 744 1692 et
776 1666 869 1692 eam
903 1652 1081 1700 turbam,
1111 1667 1135 1692 a
1164 1667 1246 1706 qua
1278 1652 1376 1692 urbs
1407 1652 1614 1692 incolitur.
1678 1651 1783 1700 Imo,

394 1716 403 1732 ⁴
417 1709 598 1759 hercule,
617 1708 854 1764 produntur
874 1723 924 1749 ea
944 1708 1096 1757 onmia,
1115 1708 1254 1749 deleto
1275 1708 1355 1748 hoc
1377 1708 1576 1757 exercitu,
1595 1722 1681 1748 non
1702 1722 1787 1748 ser-

393 1772 404 1789 ‘
420 1774 580 1807 vantur.
647 1765 754 1814 Quis
775 1766 889 1806 enim
911 1781 960 1806 ea
988 1765 1202 1806 tuebitur?
1234 1764 1420 1805 Imbellis
1440 1764 1637 1806 videlicet
1657 1772 1784 1820 atque

393 1830 402 1846 ‘
420 1823 591 1864 inermis
637 1822 876 1863 multitudo.
940 1822 1061 1871 Tam,
1102 1821 1285 1871 hercule,
1328 1836 1455 1877 qua-m
1496 1837 1520 1863 a
1565 1821 1785 1863 Gallorum

394 1880 582 1935 ‘impetu
618 1879 819 1920 defendit.
883 1880 956 1919 An
996 1894 1020 1919 a
1047 1878 1166 1919 Veiis
1201 1879 1433 1919 exercitum
1472 1878 1784 1935 Camillumque

394 1943 403 1960 ‘
420 1937 572 1977 ducem
600 1936 914 1991 implorabunt?
946 1935 1032 1976 Hic
1054 1951 1199 1976 omnes
1221 1951 1314 1991 spes
1335 1951 1520 1991 opesque
1548 1944 1659 1985 sunt,
1681 1951 1786 1992 quas

394 1994 623 2034 ‘servando
650 1993 827 2049 patriam
858 2008 1091 2034 servamus:
1125 1992 1323 2033 dedendo
1353 1992 1406 2033 ad
1427 2008 1576 2034 necem
1606 1993 1785 2049 patriam

393 2057 404 2074 ‘
420 2050 649 2091 deserimus
689 2065 736 2091 30
776 2050 1003 2106 prodimus.
1077 2051 1138 2090 At
1177 2049 1301 2091 foeda
1340 2058 1466 2105 atque.
1506 2050 1787 2106 ignominiosa

392 2108 577 2148 ‘deditio
599 2116 672 2149 est.
739 2107 823 2148 Sed
848 2122 897 2148 ea
924 2107 1072 2148 caritas
1099 2107 1256 2162 patriae
1279 2115 1353 2156 051,
1376 2117 1424 2148 ut
1449 2116 1534 2148 tam
1554 2107 1786 2163 ignominia

392 2173 401 2188 ⁴
417 2180 521 2214 eam,
545 2180 671 2220 quam
693 2173 825 2205 morte
847 2172 999 2214 nostra,
1023 2165 1057 2205 si
1078 2180 1182 2220 opus
1210 2165 1274 2213 sit,
1297 2179 1520 2205 servemus.
1577 2164 1786 2205 Subeatur

392 2227 403 2246 ‘
420 2237 519 2277 ergo
533 2223 624 2271 ista,
643 2230 969 2277 quantacunque
983 2230 1057 2270 est,
1074 2221 1325 2277 indignitas,
1369 2230 1411 2262 et
1430 2230 1624 2277 pareatur
1640 2236 1785 2263 neces-

392 2285 403 2303 ‘
419 2279 543 2329 sitati,
559 2294 685 2334 quam
699 2294 751 2320 ne
766 2278 826 2319 dii
839 2278 1011 2334 quidem
1026 2288 1234 2334 superant.
1284 2278 1360 2327 Ite,
1372 2278 1575 2327 consules,
1591 2278 1783 2319 redimite

393 2343 403 2360 ‘
420 2337 543 2377 armis
565 2337 788 2385 civitatem,
812 2351 938 2391 quam
959 2351 1059 2376 auro
1081 2336 1256 2377 maiores
1277 2335 1402 2376 vestri
1423 2335 1719 2376 redemerunt?

451 2393 659 2435 Consules
689 2393 865 2449 profecti
886 2393 939 2433 ad
970 2393 1171 2434 Pontium
1200 2393 1244 2433 111
1274 2392 1543 2448 colloquium,
1567 2407 1698 2448 quum
1729 2392 1782 2433 dc

391 2451 557 2492 foedere
580 2451 712 2491 victor
732 2450 920 2505 agitaret,
943 2459 1163 2505 negarunt,
1178 2450 1337 2490 iniussu
1358 2450 1504 2505 populi
1524 2450 1672 2491 foedus
1693 2450 1783 2491 fieri

391 2523 533 2563 posse:
567 2523 645 2548 1100
663 2508 751 2548 51110
765 2506 974 2548 fetialibus
994 2507 1329 2562 caerimoniaque
1347 2507 1426 2548 alia
1446 2506 1634 2548 sollenni.
1698 2506 1783 2548 Ita-

391 2581 472 2620 que
514 2580 612 2614 non,
651 2572 697 2605 ut
733 2564 859 2620 vulgo
900 2564 1090 2614 credunt,
1129 2564 1418 2620 Claudiusque
1460 2564 1587 2605 etiam
1626 2564 1780 2613 scribit,
1798 2585 1814 2615 7

391 2622 556 2663 foedere
578 2637 661 2678 pax
681 2620 888 2671 Caudina,
907 2621 980 2662 sed
1000 2636 1076 2677 per
1096 2621 1376 2677 sponsionem,
1397 2621 1506 2662 facta
1525 2630 1598 2662 est.
1665 2620 1782 2670 Quid
1795 2632 1814 2662 8

432 2743 450 2773 6
474 2746 541 2774 Pro
555 2756 587 2776 se
604 2746 698 2784 ipsis]
728 2745 775 2775 Ut
791 2755 880 2775 suam
898 2744 958 2784 ipsi
975 2744 1060 2784 igno·
1150 2745 1168 2775 8
1187 2746 1252 2776 Per
1266 2746 1482 2784 sponsionem]
1507 2745 1603 2781 Quae
1619 2755 1637 2775 a
1653 2744 1782 2775 foedere

389 2785 519 2814 minium
538 2791 751 2825 praevertam.
1107 2797 1233 2826 prorsus
1250 2787 1374 2817 diversa
1390 2791 1476 2817 erat:
1502 2787 1623 2827 quippe
1638 2787 1670 2816 in
1686 2796 1779 2825 spon-

428 2835 442 2864 7
470 2829 481 2851 (
492 2829 703 2868 'sandius-qne]
739 2840 781 2859 sc.
809 2831 1060 2868 Quaclrigyarins.
1106 2829 1192 2859 510110
1209 2834 1334 2859 tantum
1349 2830 1543 2859 tenebantur
1553 2829 1587 2866 ii,
1599 2828 1653 2868 qui
1669 2838 1702 2858 se
1718 2827 1778 2866 ipsi

390 2869 428 2897 111·
446 2879 508 2906 quo
524 2879 609 2906 supr.
629 2870 689 2900 viii.
713 2881 756 2908 ¹0-
1106 2871 1352 2908 obstrinxerant,
1364 2871 1464 2902 ‹loncc
1477 2881 1547 2902 eam
1561 2871 1705 2901 universa
1718 2879 1776 2900 105-
