1934 3211
556 135 684 176 LIB.
716 134 798 176 IX.
846 135 993 176 CAP.
1030 140 1093 178 18.
1449 142 1529 180 521

133 240 293 276 manus,
315 233 370 274 et,
393 224 589 265 adversus
610 238 738 279 quem
762 222 958 273 Athenis,
980 224 1025 264 in
1047 225 1215 266 civitate
1237 225 1366 268 fracta
1389 226 1534 269 Mace·
1550 239 1593 270 U.
1611 239 1649 269 C.
1668 247 1741 278 435.

131 283 290 324 donum
317 281 452 330 armis,
475 289 673 322 cernente
697 289 787 321 tum
819 281 1002 322 maxime
1034 297 1165 338 prope
1187 282 1396 326 fumantes
1418 285 1535 327 The·
1548 283 1587 313 A.
1612 282 1650 312 C·
1668 290 1744 321 5¹72

131 340 278 381 barum
299 338 452 387 ruinas,
475 337 715 379 concionari
736 337 866 379 libere
888 338 977 378 ausi
998 339 1082 380 sint
1103 339 1309 390 homines,
1333 341 1398 396 (id
1419 343 1535 398 quod

131 411 185 438 ex
206 395 491 437 monumentis
507 395 744 436 orationum
762 394 900 451 patet)
916 395 1114 438 adversus
1134 412 1232 438 eum
1254 413 1380 439 nemo
1397 413 1450 439 ex
1472 408 1535 440 tot

129 453 372 510 proceribus
386 452 591 494 Romanis
606 468 754 495 vocem
775 452 948 494 liberam
966 453 1166 495 missurus
1181 454 1320 496 fuerit.
1387 454 1536 504 Quan-

130 510 278 553 talibet
298 510 546 567 magnitudo
573 510 756 551 hominis
776 511 1038 567 concipiatur
1068 511 1222 562 animo,
1245 512 1371 553 unius
1393 521 1534 554 tamen

131 583 182 610 ea
202 567 451 625 magnitudo
479 567 662 609 hominis
691 568 783 618 erit,
806 568 982 610 collecta
1001 569 1143 625 paullo
1164 569 1259 626 plus
1280 569 1429 611 decem
1460 586 1535 612 an-

129 640 281 667 norum
316 625 537 667 felicitate:
582 640 709 682 quam
745 626 820 682 qui
857 641 908 667 eo
944 626 1166 677 extollunt,
1201 627 1317 683 quod
1352 627 1534 684 populus
1548 636 1727 682 Fortunae

131 682 365 733 Romanus,
387 683 465 724 etsi
496 682 613 724 nullo
635 683 758 733 bello,
782 683 927 725 multis
950 692 1093 725 tamen
1114 684 1283 740 proeliis
1303 685 1438 726 vietus
1466 685 1532 736 sit,
1547 679 1728 751 Alfixsstndn

129 740 379 782 Alexandro
400 740 556 781 nullius
577 756 743 797 pugnae
767 756 851 782 non
874 741 1060 782 secunda
1075 741 1244 783 fortuna
1263 742 1414 792 fuerit3
1446 758 1532 785 non
1547 731 1700 794 {51sser

128 797 387 854 intelligunt,
405 813 448 839 se
471 798 596 839 unius
617 798 800 839 hominis
821 813 886 840 res
906 808 1055 855 gestas,
1071 808 1114 840 et
1135 799 1224 841 eius
1241 800 1418 850 iuvenis,
1437 816 1533 842 cum
1547 810 1628 836 tuna
1646 806 1686 837 P.

96 871 116 902 8
158 855 275 912 opuli
291 856 374 897 iam
389 856 787 912 octingentesimum
804 856 998 897 bellantis
1015 872 1173 897 annum
1188 858 1314 899 rebus
1329 857 1531 900 conferre.
1548 849 1647 880 R⁰¹¹¹·

95 928 116 960 9
183 913 353 963 iremur,
376 913 422 963 si,
446 928 578 969 quum
600 928 654 954 ex
676 913 754 954 hac
775 922 892 969 parte
915 914 1079 955 saecula
1100 914 1221 970 plura
1241 925 1533 966 numerentur,

100 989 111 1010 1
129 986 256 1027 quam
278 986 332 1012 ex
353 970 425 1011 illa
445 971 558 1020 anni,
576 970 671 1026 plus
693 970 736 1011 in
759 979 843 1012 tam
865 971 992 1027 longo
1013 972 1160 1027 spatio,
1180 988 1306 1028 quam
1328 973 1374 1014 in
1396 982 1531 1015 aetate

128 1028 331 1070 tredecim
364 1043 584 1077 annorum,
616 1028 785 1069 fortuna
814 1029 1063 1070 variaverit?
1117 1028 1236 1077 Quin
1267 1039 1314 1072 tu
1350 1030 1533 1072 hominis

127 1099 224 1127 cum
255 1085 444 1135 homine,
477 1094 520 1127 et
550 1085 669 1126 ducis
700 1101 797 1126 cum
834 1086 955 1135 duce,
988 1086 1199 1128 fortunam
1238 1103 1335 1129 cum
1365 1088 1534 1129 fortuna

126 1142 320 1184 confers?
354 1143 473 1191 Quot
496 1143 712 1184 Romanos
733 1143 862 1185 duces
884 1144 1114 1193 nominem,
1138 1145 1292 1200 quibus
1314 1161 1533 1202 nunquam

126 1200 301 1242 adversa
316 1200 483 1242 fortuna
499 1216 665 1257 pugnae
683 1200 794 1242 fuit?
826 1201 1008 1257 Paginas
1025 1202 1067 1242 in
1083 1202 1303 1244 annalibus
1317 1204 1534 1259 magistra-

126 1266 247 1299 tuum
278 1258 480 1314 sastisque
509 1273 752 1314 percurrere
785 1258 896 1308 licet,
919 1259 1154 1309 consulum,
1177 1259 1532 1317 dictatorumque,

126 1330 307 1372 quorum
322 1331 399 1357 nec
410 1316 586 1365 virtutis,
596 1331 675 1356 nec
689 1316 880 1357 fortunae
896 1316 981 1357 ullo
990 1316 1059 1358 die
1074 1317 1279 1373 populum
1290 1318 1532 1359 Romanum

125 1373 347 1429 poenituit.
401 1373 471 1423 Et,
495 1389 580 1429 qno
608 1373 693 1414 sint
721 1373 1008 1423 mirabiliores,
1031 1390 1157 1430 quam
1188 1375 1437 1417 Alexander
1462 1385 1534 1417 aut

126 1431 350 1487 quisquam
382 1446 469 1481 rex,
499 1431 631 1472 denos
655 1431 910 1487 vicenosque
942 1431 1032 1472 dies
1060 1432 1232 1488 quidam
1265 1433 1532 1482 dictaturam,

126 1503 252 1530 nemo
266 1488 359 1545 plns
373 1504 498 1545 quam
514 1503 671 1529 annum
687 1488 950 1529 consulatum
965 1490 1109 1545 gessit:
1138 1491 1190 1531 ab
1205 1490 1384 1531 tribunis
1397 1490 1532 1546 plebis

125 1545 314 1587 delectus
335 1546 524 1602 impediti
556 1555 676 1587 sunt:
710 1555 803 1602 post
831 1555 998 1602 tempus
1029 1546 1082 1587 ad
1107 1547 1216 1588 bella
1237 1547 1399 1588 ierunt:
1433 1557 1531 1589 ante

127 1612 293 1660 tempus
314 1604 579 1645 comitiorum
609 1619 733 1644 causa
753 1604 934 1645 revocati
957 1613 1078 1644 sunt:
1113 1604 1155 1644 in
1179 1604 1269 1661 ipso
1290 1613 1445 1646 conatu
1467 1621 1535 1647 re-

125 1675 218 1702 rum
233 1661 479 1717 circumegit
493 1676 536 1702 se
554 1676 706 1702 annus:
735 1660 919 1717 collegae
937 1677 1051 1702 nunc
1065 1663 1290 1712 temeritas,
1309 1678 1423 1704 nunc
1438 1678 1534 1719 pra-

124 1718 242 1768 vitas,
260 1718 565 1775 impedimento
579 1727 651 1760 aut
663 1718 819 1759 damno
833 1719 930 1760 fuit:
959 1719 1067 1760 male
1080 1720 1207 1775 gestis
1223 1721 1347 1761 rebus
1363 1720 1534 1762 alterius

124 1791 362 1818 successum
404 1785 489 1817 est:
544 1776 724 1817 tironem
766 1785 838 1817 aut
879 1776 988 1817 mala
1027 1777 1250 1833 disciplina
1291 1778 1531 1819 institutum

125 1834 357 1876 exercitum
379 1843 644 1890 acceperunt.
709 1834 783 1883 At,
806 1834 990 1883 hercule,
1006 1849 1125 1891 reges
1146 1850 1233 1877 non
1254 1835 1375 1877 liberi
1397 1836 1531 1877 solum

125 1891 440 1948 impedimentis
470 1892 678 1940 omnibns,
710 1891 784 1932 sed
815 1891 978 1932 domini
1010 1907 1151 1933 rerum
1191 1902 1531 1950 temporumque,

93 1969 111 1990 α
127 1949 300 1990 trahunt
339 1949 524 1990 consiliis
565 1958 730 1997 cuncta,
769 1964 854 1988 non
891 1959 1137 2004 sequuntur.
1202 1950 1390 1991 Invictus
1431 1966 1531 2006 ergo

129 2005 376 2047 Alexander
405 2021 501 2047 cum
534 2006 702 2046 invictis
733 2005 910 2046 ducibus
944 2005 1051 2046 bella
1079 2007 1284 2061 gessisset,
1307 2016 1350 2047 et
1381 2007 1531 2048 eadem

127 2063 318 2104 fortunae
351 2063 527 2118 pignora
562 2063 603 2102 in
640 2062 865 2103 discrimen
900 2062 1129 2103 detulisset.
1194 2063 1286 2104 Imo
1317 2064 1443 2104 etiam
1481 2079 1532 2106 eo

144 2120 221 2161 ›lns
242 2120 415 2177 periculi
439 2120 628 2167 subisset,
652 2119 766 2175 qnod
798 2119 1058 2161 Macedones
1080 2135 1211 2160 imum
1237 2120 1530 2162 Alexandrum

127 2136 382 2227 imbuissent,
406 2177 548 2218 multis
569 2177 732 2218 casibus
762 2193 845 2217 non
868 2176 1001 2218 solum
1032 2178 1277 2228 obnoxium,
1299 2178 1373 2220 sed
1405 2179 1532 2220 etiam

129 2316 442 2347 verbam-isnnmlus
458 2320 487 2345 et
511 2315 717 2345 I¹t‹›1onm1›u-·
734 2325 806 2344 eun·
853 2319 952 2344 tatem
984 2314 1034 2344 liic
1059 2314 1197 2353 respexit
1224 2319 1341 2350 noster,
1367 2315 1420 2354 qui
1449 2315 1533 2346 circa

130 2360 270 2396 firmant,
294 2360 416 2398 legatos
440 2358 686 2393 llruttiensinm,
709 2358 806 2387 ann-
852 2368 903 2386 nn.
926 2366 993 2395 735.
1012 2357 1052 2387 1⁷.
1066 2359 1102 2387 (“,
1123 2357 1201 2387 lmee
1217 2358 1428 2393 serilwlmt,et
1447 2357 1533 2388 hund

128 2412 254 2438 norum,
285 2407 316 2431 et
347 2401 588 2441 'l'yrrlienornm
626 2411 663 2430 ex
702 2400 808 2434 ltalia,
853 2400 950 2429 dubie
984 2399 1154 2438 scriptores
1187 2401 1342 2439 qnos-dam
1382 2401 1535 2439 aequales

128 2444 442 2482 Carthaginiensium
464 2454 592 2482 «pioque
614 2449 711 2481 atque
736 2443 805 2472 lli*
853 2453 926 2471 suem
944 2442 994 2472 hic
1014 2442 1207 2481 perstiinxit.
1237 2444 1534 2481 quinyentesimum

130 2488 349 2527 panorum‚ad
364 2487 585 2517 Alexandrum
605 2486 690 2525 apud
708 2486 809 2525 llnlty-
858 2486 1078 2523 reponendum
1098 2489 1204 2514 censet
1226 2485 1400 2524 nupt-nus.

130 2531 235 2560 lonem
248 2529 434 2560 convenisse
444 2528 564 2559 scribit.
582 2529 810 2567 (·l'.Strnl›.v.p.
900 2539 918 2566 ι)
942 2529 1079 2557 Saecula
1096 2529 1212 2567 plural
1240 2527 1269 2558 h.
1284 2539 1311 2557 e.
1331 2529 1464 2558 Aetates
1480 2528 1533 2558 ho-

131 2572 269 2611 232.qni
287 2572 472 2603 Antiatibus
490 2571 656 2600 latrocinia
673 2582 729 2600 nnn
748 2582 810 2600 nm-
858 2570 994 2604 minnm,
1023 2581 1105 2609 qum:
1141 2570 1271 2608 triginta
1303 2581 1405 2600 ulmos
1435 2571 1534 2601 conti-

130 2615 236 2645 ritima
250 2615 472 2644 Alexandrum
491 2615 696 2652 exprobans-w,
711 2618 808 2652 atque
854 2617 940 2642 nent.

129 2662 242 2696 captam
257 2657 413 2695 quosdam
440 2656 559 2695 piratas
584 2655 739 2686 Romanis
764 2667 806 2685 re·
903 2665 910 2685 ι
940 2657 1094 2685 lnarlnlc
1107 2657 1446 2694 tredecimannorum]
1471 2658 1533 2687 An-

131 2699 253 2729 misisse
270 2704 385 2728 narrat.
423 2698 749 2736 (flitmchuuqnoque
768 2699 807 2727 le·
856 2709 923 2730 num,
946 2698 975 2727 in
994 2699 1109 2736 quibus
1135 2699 1255 2728 bellum
1281 2704 1418 2736 gem-rut
1439 2700 1533 2730 Alex·

129 2746 221 2781 gntus
254 2741 474 2771 humanorum
512 2741 551 2770 ad
588 2741 807 2770 Alexandrum
855 2741 966 2774 nuder,
985 2740 1268 2778 1111st1-ri1=t‹·lligit.

130 2785 244 2818 missus
271 2794 339 2813 esse
364 2783 483 2817 scribit,
512 2782 540 2812 id
568 2784 653 2821 qnml
687 2783 811 2813 l‘liniux
902 2793 914 2812 ἐ
939 2784 1085 2812 'l'mlmnt
1101 2785 1260 2821 consiliis]
1285 2785 1323 2814 cs.
1341 2784 1533 2815 Ι)ιι1)ι·.ΑιΙι-,

133 2826 394 2857 nulhmdnbitnt.
858 2826 876 2855 i.
904 2836 932 2864 1¹.
964 2826 1032 2864 362.
1066 2826 1234 2857 Demosth.
1266 2827 1348 2857 l'hil.
1378 2826 1395 2857 i.
1428 2837 1458 2866 p.
1485 2837 1534 2867 51.

176 2872 194 2899 8
221 2871 288 2899 lam
306 2870 616 2908 nclituycnlrnmuml
645 2870 741 2898 Suam
761 2880 807 2897 nc-
858 2868 995 2907 mmuh.
1015 2868 1031 2898 i.
1053 2879 1081 2907 1⁸.
1106 2878 1151 2900 ¹0.
