1934 3211
524 199 647 241 LIB.
688 199 744 242 ΙΙ.
787 199 932 241 CAP.
972 204 1038 242 54.
1403 203 1481 241 133

101 289 320 332 arcendam
341 289 523 330 hostium
543 290 644 339 vim,
663 305 713 331 ea
736 299 868 346 porta,
890 290 958 332 cui
979 290 1097 346 signa
1123 290 1305 345 primum
1327 289 1478 331 intule-
1496 297 1539 329 U.
1556 297 1594 328 C.
1612 304 1683 337 279·

100 357 175 398 rat,
202 356 429 403 caperetur,
491 346 608 388 Intra
634 347 789 389 vallum
820 347 974 389 deinde
1005 346 1154 389 caedes
1181 347 1324 403 magis,
1354 362 1480 402 quam
1494 342 1533 372 A.
1556 337 1595 371 C·
1612 347 1686 378 473·

99 404 315 462 proelium,
338 419 437 445 esse.
500 404 726 446 Tumultus
747 421 770 447 e
792 405 933 447 castris
953 413 996 446 et
1023 405 1068 445 in
1089 405 1237 446 urbem
1263 413 1479 460 penetrat3

98 470 296 518 tanquam
317 461 438 504 Veiis
458 463 601 519 captis,
622 462 681 504 ita
699 463 840 519 pavidi
862 463 1065 504 Veientes
1077 462 1131 503 ad
1151 477 1264 503 arma
1283 470 1479 503 currunt:

97 533 190 576 pars
213 518 376 560 Sabinis
397 529 499 561 eunt
522 520 730 570 subsidio3
762 536 857 577 pars
877 519 1104 570 Romanos,
1127 529 1214 561 toto
1235 519 1396 576 impetu
1417 519 1481 559 in-

98 586 234 618 tentos
260 576 305 617 in
330 586 472 628 castra,
498 578 756 619 adoriuntur.
819 577 1053 634 Paullisper
1080 577 1212 619 aversi
1242 577 1480 633 turbatique

96 642 205 676 sunt.
267 633 436 677 Deinde
469 645 511 677 et
542 636 620 692 ipsi
654 646 831 693 utroque
863 636 990 677 versis
1022 635 1150 692 signis
1181 635 1404 676 resistunt:
1437 643 1481 675 et

96 706 238 748 equeS,
280 693 331 734 ab
378 693 546 735 consule
593 694 813 744 immissus,
863 694 1022 735 Tuscos
1068 693 1208 734 fundit
1251 692 1476 749 fugatque:

97 749 327 806 eademque
348 750 450 792 hora
469 751 554 792 duo
575 752 795 801 exercitus,
818 752 925 793 duae
946 751 1258 808 potentissimae
1280 760 1323 792 et
1347 750 1481 791 maxi-

96 822 188 849 mae
208 807 410 850 finitimae
430 819 578 865 gentes
599 819 814 866 superatae
836 819 943 851 sunt.

154 864 270 906 Dum
283 865 386 907 haec
399 867 452 907 ad
474 866 602 908 Veios
617 877 833 923 geruntur,
851 867 995 908 Volsci
1013 866 1240 923 Aequique
1261 866 1306 907 in
1326 865 1480 907 Latino

97 938 195 979 agro
214 933 440 980 posuerant
460 934 603 974 castra,
656 925 899 982 opulatique
921 925 1026 966 fines
1046 932 1176 966 erant.
1239 923 1323 966 Eos
1343 939 1418 981 per
1437 938 1479 965 se

97 981 175 1038 ipsi
203 981 358 1031 Latini,
381 983 602 1039 assumptis
626 940 840 1034 {Im-uicis,
863 983 950 1024 sine
975 982 1168 1024 Romano
1189 991 1261 1023 aut
1281 981 1387 1024 duce
1409 989 1482 1023 aut

96 1038 265 1089 auxilio,
305 1040 447 1082 castris
486 1050 706 1082 exuerunt.
769 1040 938 1097 Ingenti
978 1040 1143 1097 praeda,
1185 1049 1349 1096 praeter
1388 1054 1480 1081 suas
1495 1044 1626 1096 Belluffn
1675 1086 1681 1093 Ι

96 1106 358 1154 recuperatas
378 1113 455 1149 res,
473 1099 595 1154 potiti
611 1107 720 1140 sunt.
782 1098 938 1140 Missus
954 1107 1093 1140 tamen
1110 1099 1161 1139 ab
1185 1098 1322 1139 Roma
1337 1096 1481 1140 consul
1494 1089 1593 1161 ⁰2²¹?
1604 1088 1699 1161 θὲξζω

96 1155 141 1196 in
175 1154 349 1198 Volscos
384 1155 434 1198 C.
470 1155 663 1198 Nautius.
733 1155 842 1207 Mos,
874 1156 1011 1206 credo,
1043 1171 1129 1197 non
1158 1155 1360 1212 placebat,
1391 1142 1511 1196 sinee
1542 1155 1553 1161 “
1574 1141 1613 1171 eq
1665 1154 1672 1162 ’

99 1212 293 1254 Romano
313 1213 420 1255 duce
450 1214 722 1270 exercituque
744 1215 875 1256 socios
897 1214 1075 1271 propriis
1102 1213 1258 1255 viribus
1279 1212 1482 1254 consiliis-

97 1286 180 1327 que
201 1270 310 1312 bella
335 1286 491 1326 gerere.
556 1271 733 1313 Nullum
758 1287 890 1328 genus
912 1271 1156 1313 calamitatis
1181 1270 1481 1312 contumeliae-

98 1343 180 1385 que
197 1343 282 1369 non
296 1329 456 1370 editum
472 1330 513 1370 in
536 1329 713 1372 Volscos
733 1340 811 1371 est:
844 1345 923 1371 nee
946 1339 1085 1371 tamen
1102 1329 1275 1385 perpelli
1291 1337 1480 1385 potuere,

98 1395 146 1428 ut
165 1386 253 1427 acie
275 1386 534 1429 dimicarent.

155 1443 205 1485 L.
230 1443 378 1485 Furius
395 1445 493 1487 inde
515 1453 557 1486 et
581 1444 630 1486 C.
649 1444 835 1486 Manlius
851 1444 1052 1486 consules.
1097 1443 1261 1485 Manlio
1280 1443 1482 1485 Veientes
1564 1451 1630 1490 54,

98 1501 311 1558 provincia
326 1503 478 1544 evenit.
528 1502 627 1544 Non
649 1512 789 1544 tamen
810 1502 1020 1544 bellatum.
1074 1501 1268 1543 Indutiae
1286 1501 1330 1542 in
1350 1516 1482 1543 annos
1498 1507 1540 1538 U.
1557 1508 1595 1538 C.
1613 1508 1686 1538 280.

70 1559 373 1616 iquadraginta
402 1561 638 1616 petentibus
669 1560 803 1610 datae,
835 1560 1046 1602 frumento
1079 1559 1374 1616 stipendioque
1404 1559 1482 1599 im·
1495 1551 1533 1581 A.
1558 1551 1596 1581 C.
1613 1559 1686 1590 472·

97 1626 252 1674 perato.
334 1617 433 1659 Paci
473 1627 670 1660 externae
711 1618 929 1660 confestim
971 1618 1238 1660 continuatur
1277 1616 1483 1658 discordia
1495 1637 1533 1667 C.
1551 1636 1677 1667 Manlio

97 1675 222 1716 domi.
284 1675 485 1731 Agrariae
520 1675 623 1733 legis
663 1677 894 1718 tribuniciis
934 1676 1111 1718 stimulis
1150 1675 1267 1732 plebs
1305 1674 1480 1717 furebat.
1495 1680 1585 1710 Coss.

99 1731 318 1783 Consules,
356 1733 460 1775 nihil
497 1733 689 1776 Menenii
729 1734 1010 1784 damnatione,
1047 1733 1153 1775 nihil
1192 1732 1378 1790 periculo
1409 1732 1484 1774 de·
1495 1722 1672 1796 ‹iigaeffiiae

97 1791 228 1832 territi
256 1790 432 1842 Servilii,
461 1807 624 1834 summa
649 1793 689 1834 vi
721 1792 927 1834 resistunt.
991 1792 1211 1834 Abeuntes
1241 1791 1483 1848 magistratu
1674 1788 1682 1796 ⁸

65 1861 83 1883 ἰ
100 1848 180 1891 Cn.
208 1848 426 1891 Genucius
447 1850 638 1892 tribunus
658 1850 792 1907 plebis
812 1850 996 1907 arripuit.

155 1906 204 1948 L.
244 1907 451 1949 Aemilius
490 1917 533 1950 et
575 1908 725 1965 Opiter
761 1908 978 1965 Virginius
1018 1907 1279 1949 consulatum
1321 1907 1479 1949 ineunt.
1498 1916 1541 1948 U.
1558 1915 1596 1947 C.
1615 1916 1685 1946 281.

99 1963 326 2021 Vopiscum
363 1965 519 2007 Iulium
588 1981 634 2008 ro
666 1966 859 2023 Virginio
899 1967 943 2007 in
976 1965 1225 2023 quibusdam
1265 1964 1483 2007 annalibus
1497 1959 1535 2033 ᾗ·
1555 1959 1686 2032 {²471}-

97 2022 309 2064 consulem
331 2023 510 2065 invenio.
556 1982 651 2066 FIoc
667 2040 778 2066 anno
794 2025 810 2074 (
815 2039 1088 2080 quoscunque
1105 2023 1297 2065 consules
1316 2011 1685 2083 habuit)1¹1'1⁶}{n1‡,‡⁰

98 2081 158 2122 rei
189 2080 242 2122 ad
278 2081 480 2138 populum
514 2081 663 2123 Furius
695 2091 738 2123 et
771 2081 957 2123 Manlius
991 2081 1254 2123 circumeunt
1285 2080 1482 2122 sordidati
1499 2086 1642 2127 Virginio

100 2153 184 2180 non
224 2138 390 2195 plebem
430 2139 573 2195 magis,
615 2154 740 2195 quam
791 2139 973 2180 iuniores
1013 2139 1196 2180 Patrum.
1281 2137 1482 2187 Suadent‚
1496 2131 1585 2162 Coss.

1497 1593 1533 1624 L.
1551 1593 1660 1629 Furio,

68 2126 86 2157 3

67 2171 87 2198 4

814 2287 929 2317 cissent
953 2292 984 2316 ct
1012 2285 1128 2316 idcirco
1153 2284 1237 2324 plebi
1261 2285 1414 2314 damnum
1440 2283 1484 2314 in-

814 2329 969 2360 tulissent.
1016 2329 1100 2359 luris
1116 2328 1200 2358 enim
1217 2332 1284 2357 erat
1303 2326 1423 2363 Italici,
1439 2331 1486 2362 ut,

814 2373 928 2412 quibus
950 2371 1058 2402 damni
1084 2370 1195 2401 iniuria
1219 2371 1304 2400 fincta
1327 2369 1448 2406 suimet,
1464 2369 1483 2399 ii

147 2294 158 2315 ι
186 2286 426 2326 Quadrayinla]
456 2287 584 2318 Scilicet
601 2298 702 2318 annos
717 2289 768 2318 de-

101 2336 170 2358 cem
198 2328 367 2366 mensium,
389 2330 510 2371 quippe
537 2331 596 2361 hae
627 2331 770 2361 indutiae

100 2381 175 2401 ann.
198 2379 267 2411 307.
290 2372 329 2403 U.
347 2374 384 2403 C.
409 2373 471 2404 iarn
496 2373 648 2405 exierunt.
696 2374 770 2404 lloc

101 2417 245 2453 tempore
281 2420 404 2455 septem
443 2417 515 2447 illua
549 2418 661 2455 Pagos,
691 2427 770 2456 quos

105 2456 266 2488 Porsenna
289 2459 443 2489 Romanis
471 2459 642 2500 eripuerat,
666 2470 770 2490 rursus

101 2509 140 2529 ex
176 2499 317 2531 Etruscis
353 2507 497 2543 receptos
528 2503 623 2533 fuim-
661 2507 768 2533 censet

105 2541 237 2573 Niebhr.
255 2543 285 2574 ii.
304 2555 333 2584 p.
351 2553 420 2585 205.
444 2556 528 2585 supr.
551 2556 595 2585 ¹3·

152 2594 167 2615 ἰ
197 2587 366 2626 Arripuit]
409 2589 494 2619 neon
520 2589 603 2619 fecit.
638 2589 676 2619 cs.
701 2587 769 2619 Cic.

105 2637 161 2667 pm
190 2627 299 2660 l'lnnc.
326 2639 373 2661 ⁶12.
411 2631 526 2661 Noster
552 2631 622 2662 infr.
650 2631 691 2662 iii.
720 2633 768 2669 58.

103 2670 204 2701 (ruina
217 2681 290 2701 vero
305 2672 444 2704 criminin
458 2675 613 2704 abeuntes
625 2674 771 2703 consules

104 2714 243 2744 accusati
271 2715 386 2745 fuerint
409 2728 429 2746 n
452 2717 610 2749 Genucio.
627 2717 656 2746 id
683 2727 769 2755 pruc-

104 2756 282 2787 termimum
307 2768 325 2787 u
352 2759 441 2789 Livio
464 2759 595 2798 exponit
616 2759 709 2789 vinu.
729 2759 769 2789 ix.

106 2802 154 2840 38.
183 2800 289 2831 bonu.

149 2853 166 2883 3
183 2845 255 2874 Non
272 2845 389 2884 plebem
408 2846 523 2883 mallis]
547 2844 614 2874 110³·
630 2844 776 2873 consults·

103 2888 152 2917 nd*
167 2888 292 2927 plebem
314 2888 455 2918 tributim
479 2892 685 2916 convocatum
709 2896 777 2916 rena

105 2930 205 2961 suctos
222 2931 314 2961 fuisse
336 2936 442 2962 cvm-ct
462 2930 593 2961 Niebhr.
612 2929 640 2959 ii.
658 2940 686 2968 p.
706 2938 774 2968 ποῖ.

106 2983 147 3004 uc.
171 2975 255 3014 quod
282 2975 436 3012 agrariam
464 2973 563 3010 legem
590 2972 707 3003 irritam
733 2972 774 3002 fe-

815 2415 966 2446 iudiciuin
979 2415 1008 2445 in
1022 2414 1132 2444 noxios
1142 2417 1374 2445 cxcrcerentxt
1386 2412 1482 2442 Dion.

814 2458 855 2489 ix.
884 2457 933 2497 46.
959 2463 1064 2497 putres
1091 2457 1153 2486 iam
1183 2456 1268 2496 plebi
1295 2454 1484 2485 υυιιςοκιὶωυ

813 2501 930 2535 scribit,
954 2506 987 2530 nt
1011 2501 1051 2530 de
1079 2499 1199 2529 iniuriis
1225 2497 1427 2537 patriciorum
1453 2497 1483 2528 in

817 2545 942 2583 plebem
970 2542 1078 2579 illatis,
1102 2542 1170 2582 ipsa
1193 2540 1405 2578 cognitionem
1431 2540 1484 2570 hu-

816 2588 912 2617 beret.

857 2642 875 2668 4
901 2630 1048 2659 lrnu'orcs
1066 2628 1219 2664 Parrum]
1251 2626 1323 2656 Hoc
1346 2631 1405 2660 ent,
1428 2625 1483 2656 mi-

816 2682 927 2702 norum
958 2671 1101 2708 gentium
1135 2675 1257 2709 putres:
1294 2669 1347 2699 sm!
1375 2678 1484 2708 quam-

815 2716 921 2744 obn-m
940 2725 1002 2743 non
1020 2713 1131 2752 liquet,
1147 2713 1170 2741 si
1189 2712 1284 2742 modo
1299 2711 1339 2742 ud
1358 2711 1483 2752 plebem

815 2757 953 2787 nccumti
979 2756 1105 2786 suerint.
1152 2755 1250 2791 Quod
1274 2753 1298 2784 ni
1321 2755 1360 2785 ud
1384 2765 1483 2795 popu-

818 2802 882 2829 lum
899 2800 1101 2828 centuriatim
1123 2802 1325 2828 canu-walum
1341 2797 1487 2828 consules

820 2843 861 2872 rvi
879 2842 952 2872 sueti
970 2847 1084 2874 mni-nt.
1100 2846 1168 2871 tum
1194 2840 1332 2880 plebem,
1348 2845 1415 2870 tum
1434 2850 1486 2879 pn-

820 2891 883 2915 trvs
912 2884 1098 2914 mliii-imm·
1133 2883 1169 2913 iis
1198 2892 1314 2923 operam
1351 2883 1486 2923 pretium

820 2929 939 2962 suimet,
955 2927 1008 2957 κυιΙ
1027 2926 1154 2957 forsitan
1174 2925 1253 2957 Livii
1272 2927 1366 2956 verbu
1382 2925 1412 2956 in
1431 2925 1489 2956 hm·

821 2981 852 3002 re
867 2970 906 3002 nd
925 2970 1067 3001 calculos
1082 2968 1176 3001 nimis
1190 2968 1321 3009 exiguos
1337 2979 1399 3000 non
1416 2974 1490 2999 sunt
