1934 3211
385 153 468 192 502
896 147 1045 190 ΤΙΤΙ
1084 145 1263 189 LIVII

386 246 548 296 saeptas
564 238 732 280 deiectu
748 238 942 279 arborum
958 252 1237 293 saxorumque
1258 235 1496 293 ingentium
1518 234 1780 277 obiacentem

388 297 542 338 molem
569 296 779 337 invenere.
845 295 991 343 Quum
1011 295 1122 335 fraus
1149 294 1309 335 hostilis
1336 293 1604 349 apparuisset,
1626 292 1782 348 praesi-

387 354 505 395 dium
527 353 653 394 etiam
674 353 720 393 in
741 368 903 393 summo
925 352 1030 393 saltu
1052 352 1316 407 conspicitur.
1383 351 1514 392 Citati
1535 350 1633 390 inde
1655 357 1780 398 retro,

388 427 472 467 qua
490 418 704 459 venerant,
727 418 909 465 pergunt
938 417 1126 464 repetere
1151 409 1272 449 viam.
1336 407 1443 448 Eam
1469 422 1638 463 quoque
1667 406 1782 447 clau-

388 483 475 509 sam
503 483 577 508 sua
604 468 721 508 obice
751 467 958 521 armisque
986 466 1219 506 inveniunt.
1285 465 1446 506 Sistunt
1473 464 1571 505 inde
1604 463 1813 520 gradum7

387 526 476 566 sine
508 524 633 565 ullius
662 523 866 579 imperi03
904 531 1132 577 stuporque
1164 522 1353 563 omnium
1385 522 1557 571 animos,
1589 536 1636 562 ac
1666 520 1784 561 velut

387 591 530 638 torpor
562 581 733 636 quidam
763 579 954 620 insolitus
985 579 1173 619 membra
1202 586 1342 619 tenet:
1381 578 1678 633 intuentesque
1712 577 1784 617 alii

388 639 503 687 alios,
536 652 668 693 quum
698 636 875 677 alterum
906 635 1083 690 quisque
1114 643 1353 690 compotem
1387 635 1518 690 magis
1553 635 1705 675 mentis
1735 648 1783 675 ac

389 695 552 737 consilii
573 695 789 741 ducerent,
812 692 887 732 diu
914 691 1149 732 immobiles
1176 692 1311 732 silent.
1374 691 1544 733 Deinde
1569 692 1642 732 ubi
1661 706 1783 747 prae-

389 753 496 793 toria
530 750 750 791 consulum
786 749 890 804 erigi
925 748 1082 797 videre,
1119 756 1162 789 et
1197 747 1396 803 expedire
1430 748 1633 803 quosdam
1665 748 1814 789 utilia8

388 809 516 864 operi,
540 822 782 863 quanquam
807 805 988 846 ludibrio
1012 805 1100 846 fore
1126 805 1378 855 munientes,
1399 805 1573 861 perditis
1592 805 1715 846 rebus
1735 819 1783 846 ac

388 880 459 920 spe
482 865 598 906 omni
619 864 827 919 adempta,
850 863 1105 911 cernebant3
1133 871 1288 911 tamen,
1309 877 1364 903 ne
1386 862 1552 918 culpam
1573 861 1691 903 malis
1711 862 1785 903 ad-

388 922 550 971 derent,
572 936 648 977 pro
669 937 712 962 se
735 921 927 976 quisque,
946 935 1024 961 nec
1045 920 1239 960 hortante
1261 919 1346 960 ullo
1367 934 1446 960 nec
1467 919 1713 975 imperante,
1731 919 1785 960 ad

389 979 668 1020 muniendum
688 979 809 1027 versi,
833 985 965 1018 castra
989 986 1160 1033 propter
1184 992 1336 1032 aquam
1357 977 1467 1018 vallo
1492 976 1782 1026 circumdant3

389 1052 464 1077 sua
507 1037 586 1092 ipsi
633 1051 758 1092 opera
802 1035 1072 1090 laboremque
1118 1035 1295 1084 irritum,
1336 1042 1629 1090 praeterquam
1669 1033 1786 1089 quod

388 1094 528 1134 hostes
574 1094 751 1149 superbe
798 1093 1082 1148 increpabant,
1124 1107 1221 1133 cum
1261 1091 1481 1134 miserabili
1525 1091 1784 1132 confessione

388 1151 618 1191 eludentes.
682 1150 755 1190 Ad
790 1149 981 1191 consules
1016 1158 1208 1198 maestos,
1240 1164 1294 1190 ne
1330 1148 1579 1190 advocantes
1611 1148 1817 1204 quidem9

388 1208 432 1248 in
458 1208 692 1257 consilium,
715 1207 886 1263 quando
914 1221 993 1247 nec
1024 1206 1210 1255 consilio,
1232 1222 1310 1247 nec
1338 1206 1495 1247 auxilio
1521 1206 1637 1246 locus
1664 1213 1784 1255 esset,

389 1281 464 1306 sua
498 1274 646 1321 sponte
682 1265 808 1321 legati
848 1280 896 1304 ac
936 1264 1095 1304 tribuni
1130 1264 1413 1304 conveniunt:
1459 1263 1696 1318 militesque
1732 1262 1786 1304 ad

388 1323 644 1377 praetorium
664 1322 783 1371 versi,
807 1336 943 1377 opem,
967 1336 1093 1376 quam
1113 1321 1184 1362 vix
1210 1320 1269 1361 dii
1297 1320 1551 1361 immortales
1576 1320 1683 1361 ferre
1710 1335 1788 1376 po-

258 1386 296 1423 3.
389 1388 538 1429 terant,
581 1380 631 1420 ab
673 1379 850 1420 ducibus
890 1386 1135 1434 exposcunt.
1202 1378 1439 1425 Querentes
1478 1377 1622 1434 magis,
1659 1392 1787 1433 quam

170 1440 354 1471 Consilium
389 1437 686 1486 consultantes,
708 1452 794 1477 nox
816 1436 1033 1492 oppressit,
1056 1451 1188 1491 quum
1212 1451 1289 1491 pro
1313 1435 1485 1491 ingenio
1506 1435 1684 1491 quisque
1705 1435 1787 1476 fre-

169 245 214 278 U.
231 246 269 277 C.
287 254 359 285 433.

166 289 207 319 A.
231 289 269 319 C.
288 297 360 328 319.

167 330 265 370 Capti
281 332 364 360 frau—

168 374 208 402 de
225 373 287 403 loci
299 374 365 403 Ro-

168 415 267 446 mani.

170 1483 323 1555 Ξζξθῗὲξ
390 1502 580 1534 merent:
623 1494 740 1543 alius,
779 1500 881 1548 ‘per
916 1493 1054 1534 obices
1089 1493 1298 1542 viarumg'
1329 1493 1445 1542 alius,
1479 1498 1581 1548 ‘per
1616 1492 1815 1535 adversal

169 1536 262 1598 sunt}
394 1556 405 1574 ‘
420 1550 643 1598 montium,
683 1565 760 1605 per
799 1550 931 1598 silvas,
969 1565 1053 1604 qua
1091 1550 1188 1591 ferri
1229 1565 1341 1591 arma
1381 1557 1593 1606 poterunt,
1630 1565 1784 1590 eamus.

392 1606 555 1648 ‘Modo
588 1607 641 1647 ad
671 1606 835 1647 hostem
866 1607 1084 1662 pervenire
1110 1607 1246 1656 liceat,
1276 1622 1403 1662 quem
1435 1622 1511 1663 per
1541 1622 1672 1648 annos
1703 1607 1818 1650 iam2

393 1670 405 1688 ‘
419 1679 548 1720 prope
571 1664 743 1719 triginta
762 1663 991 1714 vincimusss3
1025 1663 1166 1703 omnia
1186 1679 1321 1718 aequa
1341 1672 1383 1704 et
1406 1664 1532 1719 plana
1551 1671 1676 1704 erunt
1699 1663 1787 1704 Ro-

391 1727 403 1745 ‘
420 1736 557 1770 mano,
580 1721 625 1761 in
646 1720 856 1776 perfidum
880 1719 1111 1760 Samnitem
1132 1720 1338 1775 pugnanti
1355 1720 1386 1768 3'
1406 1719 1524 1769 alius,
1556 1725 1568 1743 ‘
1585 1719 1696 1769 Quo,
1714 1728 1787 1761 aut

393 1785 404 1802 ⁶
420 1793 504 1833 qua
539 1778 715 1819 eamus?
777 1777 895 1818 Num
932 1784 1096 1817 montes
1131 1777 1267 1817 moliri
1308 1777 1406 1817 sede
1447 1791 1521 1817 sua
1559 1777 1786 1832 paramus?

392 1841 403 1859 ‘
420 1835 539 1875 Dum
569 1835 672 1875 haec
700 1834 981 1874 imminebunt
1007 1834 1118 1889 iuga,
1145 1849 1229 1889 qua
1258 1842 1305 1874 tu
1336 1833 1390 1874 ad
1419 1833 1582 1874 hostem
1609 1834 1786 1875 venies?

392 1898 403 1916 ⁶
419 1892 599 1941 Armati,
622 1892 815 1940 inermes,
837 1891 976 1940 fortes,
998 1891 1150 1945 ignavi,
1173 1891 1328 1946 pariter
1352 1905 1498 1931 omnes
1522 1891 1634 1946 capti
1658 1899 1785 1947 atque

391 1955 403 1972 ⁶
418 1949 517 1989 victi
538 1963 692 1989 sumus.
756 1947 825 1988 Ne
846 1948 1003 1988 ferrum
1025 1947 1196 2002 quidem
1218 1947 1272 1988 ad
1292 1948 1400 1988 bene
1425 1947 1691 1988 moriendum
1713 1949 1787 1989 ob-

392 2012 403 2029 ‘
420 2005 576 2046 laturus
598 2013 661 2046 cst
680 2004 832 2045 hostis:
864 2003 1015 2045 sedens
1035 2003 1194 2045 bellum
1215 2004 1435 2045 conficiet.’
1486 2003 1567 2045 His
1587 2005 1632 2045 in
1652 2005 1787 2046 vicem

390 2062 664 2111 sermonibus,
687 2077 771 2117 qua
800 2061 896 2110 cibi,
919 2076 1003 2117 qua
1033 2061 1187 2117 quietis
1217 2061 1451 2111 immemor,
1479 2076 1566 2102 nox
1597 2062 1788 2104 traducta

391 2130 464 2160 cst.

450 2176 519 2217 Ne
544 2176 801 2217 Samnitibus
814 2175 988 2230 quidem
1002 2175 1223 2217 consilium
1244 2176 1289 2216 in
1306 2184 1391 2217 tam
1404 2176 1524 2217 laetis
1537 2178 1788 2233 suppetebat

391 2234 526 2274 rebus.
589 2233 740 2288 Itaque
765 2233 949 2273 universi
983 2232 1249 2274 Herennium
1279 2233 1493 2282 Pontium,
1515 2242 1679 2289 patrem
1707 2234 1788 2274 im-

390 2291 605 2346 peratoris,
627 2305 703 2346 per
728 2290 867 2330 literas
888 2289 1194 2330 consulendum
1226 2298 1410 2331 censent.
1473 2289 1563 2331 Iam
1590 2291 1624 2331 is
1651 2291 1787 2346 gravis

439 2423 455 2455 7
470 2418 539 2447 Sua
554 2417 638 2447 obice
653 2416 830 2456 armisque]
857 2413 961 2445 Simili
978 2414 1068 2444 obice

392 2460 542 2489 arborum
559 2461 590 2488 et
606 2467 754 2488 saxorum
772 2458 926 2494 clausam,
941 2466 1067 2487 necnon

1112 2415 1167 2444 sed
1185 2415 1293 2453 plures
1312 2413 1438 2444 codices
1453 2417 1599 2444 servant:
1625 2424 1722 2453 quare
1742 2414 1786 2445 sic

1112 2460 1230 2486 vertas:
1256 2455 1311 2485 alii
1327 2455 1411 2486 viam
1428 2456 1519 2487 obice
1534 2466 1684 2487 saxorum
1700 2457 1786 2487 clau-

392 2503 432 2531 ab
449 2500 580 2531 armatis
595 2499 740 2530 hostibus
755 2503 957 2538 occupatam.

437 2544 455 2573 8
484 2544 585 2574 Utilia
601 2544 705 2581 operi]
731 2541 863 2572 Scilicet
878 2541 1068 2571 instrumen-

395 2589 427 2614 ta
443 2584 627 2614 muniendis
643 2584 752 2614 castris
767 2587 853 2622 apta.
879 2583 988 2614 DOER.

437 2637 456 2667 9
475 2628 669 2664 Elzcdentes]
696 2627 780 2657 Cum
798 2636 861 2655 non
878 2626 981 2656 solum
998 2625 1068 2655 hos-

396 2672 443 2698 tes
473 2670 609 2708 superbe
636 2668 792 2705 viderent,
817 2668 872 2697 sed
902 2667 963 2707 ipsi
994 2678 1068 2698 cum

396 2711 505 2740 dolore
529 2715 560 2740 et
583 2710 725 2741 irrisione
747 2711 933 2747 faterentur,
953 2710 1069 2740 frustra

396 2762 493 2789 opera
509 2763 565 2782 sua
581 2756 613 2782 et
629 2753 770 2782 laborem
787 2762 864 2783 esse.
891 2752 1000 2783 DOER.

444 2803 453 2821 ῐ
481 2795 588 2829 Alius,
601 2805 662 2833 per
680 2796 780 2825 obices
797 2796 946 2831 viarum5
970 2796 1067 2831 alius,

395 2845 454 2873 pm·
469 2836 603 2865 adversa
621 2838 790 2874 montium]
818 2837 965 2867 Alterum
982 2838 1067 2866 alius

397 2886 436 2906 cx
450 2877 639 2907 auctoritate
653 2878 774 2908 Mureti
791 2878 909 2909 delevit
926 2879 1065 2909 Bckkcr.

1112 2508 1180 2528 sam
1200 2498 1296 2528 armis
1311 2498 1518 2537 aperiendam
1535 2509 1613 2536 esse,
1629 2498 1684 2529 alii
1701 2499 1786 2529 viam

1113 2540 1244 2570 omnino
1260 2550 1375 2570 novam
1398 2551 1455 2579 per
1474 2541 1606 2571 adversa
1625 2541 1786 2571 montium

1113 2583 1512 2622 tentandam,quacunque
1527 2592 1617 2613 arma
1628 2582 1701 2614 ferri
1715 2586 1786 2623 pot-

1113 2629 1214 2655 erant.

1156 2677 1173 2697 2
1199 2669 1299 2704 Quem
1319 2678 1380 2707 per
1398 2678 1500 2697 annos
1521 2668 1585 2698 iam
1606 2678 1707 2707 prope
1729 2669 1786 2698 tri-

1109 2711 1203 2748 yinta
1218 2711 1392 2747 vincimus]
1416 2710 1524 2740 Verba
1535 2709 1741 2749 gloriantium
1754 2713 1786 2741 et

1113 2762 1179 2781 rem
1201 2762 1436 2791 numerumque
1453 2752 1651 2790 augentium.
1696 2752 1785 2783 Sam-

1112 2794 1194 2824 nites
1204 2794 1343 2833 primum
1357 2794 1431 2825 victi
1444 2804 1495 2825 an.
1509 2794 1552 2825 U.
1566 2795 1603 2825 C.
1615 2803 1686 2832 412.
1699 2803 1785 2832 supr.

1113 2836 1164 2866 vii.
1190 2846 1239 2875 33.
1271 2837 1417 2876 adeoque
1443 2840 1519 2867 ante
1544 2846 1645 2866 annos
1675 2834 1784 2874 viginti

1112 2879 1201 2909 duos.
1227 2879 1312 2910 RUP.
