1934 3211
556 176 683 218 LIB.
718 175 796 217 IV.
839 175 986 216 CAP.
1023 179 1090 216 56.
1443 181 1524 220 281

123 266 374 308 desisterent
407 264 682 322 impediendo
714 264 838 314 bello,
870 272 1096 321 postquam
1129 279 1216 305 non
1249 279 1410 307 cessere
1446 282 1525 309 nee
1541 284 1585 316 U.
1601 285 1641 316 c,
1658 295 1675 325 3
1680 284 1731 324 46,

123 323 316 379 publicae
363 322 615 378 tempestati,
655 337 736 363 nec
782 337 882 363 suae
930 321 1129 370 invidiae,
1170 322 1436 377 pervincunt,
1478 334 1527 366 ut
1539 326 1579 358 A.
1602 328 1641 360 C.
1658 327 1732 367 406·

123 379 530 422 senatusconsultum
559 379 633 420 fiat
660 379 715 420 de
743 379 923 420 tribunis
951 378 1135 420 militum
1160 379 1376 420 creandis:
1410 390 1527 423 certo

125 446 265 478 tamen
277 446 414 494 pacto,
436 452 489 477 ne
507 437 626 478 cuius
647 437 753 478 ratio
774 436 1013 486 haberetur,
1031 436 1106 492 qui
1127 451 1178 477 eo
1199 451 1311 477 anno
1333 437 1528 479 tribunus

123 494 257 550 plebis
296 502 427 536 esset:
474 509 581 535 neve
613 494 718 549 ,quis
758 494 1004 535 reficeretur
1043 493 1088 534 in
1129 508 1288 534 annum
1331 494 1526 536 tribunus

122 551 275 607 plebis;
306 551 422 592 haud
451 551 580 592 dubie
612 550 753 593 Icilios
780 551 1009 592 denotante
1040 560 1203 600 senatu,
1234 566 1340 606 quos
1365 567 1526 593 merce-

91 608 221 654 4dem
253 608 441 650 seditiosi
472 609 710 650 tribunatus
739 617 884 664 petere
916 607 1180 649 consulatum
1212 608 1522 650 insimulabant.

124 665 238 707 Tum
255 665 443 708 delectus
459 666 618 716 haberi,
633 665 877 722 bellumque
895 666 1085 708 omnium
1103 665 1300 707 ordinum
1317 681 1526 708 consensu

121 723 313 778 apparari
341 733 550 780 coeptum.
617 723 825 765 Consules
846 724 970 765 ambo
997 723 1173 779 profecti
1199 723 1283 764 sint
1311 723 1364 764 ad
1385 739 1522 765 arcem
1538 733 1707 766 Frustraa

124 779 449 831 Carventanam,
480 797 534 822 an
565 781 671 822 alter
694 781 747 822 ad
769 781 940 822 comitia
963 780 1160 821 habenda
1189 781 1433 830 substiterit,
1460 782 1526 822 in-
1543 777 1636 837 ¹}0ffl·
1653 783 1721 809 ²⁰¹¹·

120 846 284 878 certum
305 838 458 880 diversi
480 848 671 880 auctores
691 839 862 880 faciunt.
927 837 1006 878 Illa
1025 853 1101 894 pro
1123 846 1236 879 certo
1258 838 1464 888 habenda,
1479 839 1524 879 in
1538 823 1615 851 tata.

121 894 275 950 quibus
315 911 403 937 non
438 896 705 946 dissentiunt,
741 897 792 937 ab
826 911 919 937 aree
957 895 1238 945 Carventana,
1276 911 1408 951 quum
1449 896 1522 937 diu

121 952 407 1008 nequicquam
445 963 688 1010 oppugnata
720 962 841 1002 esset,
878 968 1114 994 recessum:
1159 953 1442 1009 Verruginem
1478 954 1522 995 in
1537 965 1684 1006 Verrugo
1698 977 1743 998 re-

121 1009 288 1050 Volscis
309 1011 460 1051 eodem
481 1011 669 1052 exercitu
691 1020 916 1067 receptam,
938 1010 1316 1067 populationesque
1338 1020 1381 1052 et
1402 1026 1523 1067 prae·
1536 1014 1631 1047 cepta
1647 1021 1667 1040 ὃ

120 1065 196 1106 das
215 1076 258 1108 et
279 1067 324 1107 in
347 1069 512 1123 Aequis
533 1078 576 1109 ct
598 1069 641 1109 in
664 1068 819 1109 Volsco
840 1083 939 1124 agro
961 1069 1155 1123 ingentes
1177 1068 1315 1109 factas.
1536 1051 1634 1082 Rom.

180 1122 343 1166 Romae
365 1125 473 1166 sicut
502 1126 635 1181 plebis
660 1126 833 1166 victoria
853 1126 932 1167 fuit
958 1126 1001 1166 in
1024 1141 1086 1174 eo,
1112 1134 1170 1175 ut,
1193 1141 1302 1180 quae
1334 1125 1521 1176 mallent,
1607 1128 1674 1166 56.

119 1181 291 1221 comitia
323 1181 553 1224 haberent:
598 1184 655 1224 ita
687 1191 843 1224 eventu
884 1182 1150 1224 comitiorum
1192 1182 1339 1224 Patres
1370 1183 1519 1224 vicere.
1538 1183 1728 1223 U·C·347·

121 1236 321 1294 Namque
354 1240 511 1280 tribuni
543 1241 723 1281 militum
755 1240 963 1282 consulari
992 1249 1198 1296 potestate
1229 1249 1375 1281 contra
1404 1256 1521 1296 spem
1536 1226 1724 1298 aiulfe&

88 1307 106 1339 5
120 1295 312 1336 omnium
335 1305 417 1338 tres
438 1298 601 1353 patricii
623 1297 752 1339 creati
773 1307 884 1347 sunt,
911 1297 960 1339 C.
982 1297 1115 1338 Iulius
1137 1297 1267 1346 Iulus,
1291 1298 1338 1338 P.
1358 1297 1523 1340 Corne-
1535 1314 1595 1341 etc.
1609 1310 1664 1341 Tr.
1679 1291 1689 1305 ’

119 1351 200 1393 lius
224 1352 393 1404 Cossus,
420 1355 470 1395 C.
498 1355 697 1396 Servilius
727 1355 877 1396 Ahala.
941 1355 1089 1396 Artem
1120 1354 1352 1395 adhibitam
1381 1354 1522 1396 ferunt
1536 1353 1612 1384 Mil.

119 1425 143 1451 a
163 1411 359 1465 patriciis,
378 1412 517 1467 (cuius
538 1428 609 1454 eos
630 1412 736 1454 Icilii
760 1423 850 1454 tum
871 1427 1042 1467 quoque
1065 1411 1384 1466 insimulabant)
1405 1411 1522 1466 quod

119 1468 284 1509 turbam
324 1468 597 1524 indignorum
637 1469 956 1511 candidatorum
996 1468 1324 1509 intermiscendo
1366 1468 1519 1523 dignis,

120 1525 260 1566 taedio
281 1526 466 1567 sordium
490 1527 532 1567 in
551 1527 802 1582 quibusdam
824 1526 1068 1581 insignium,
1086 1525 1289 1582 populum
1305 1542 1329 1567 a
1344 1525 1521 1581 plebeiis

117 1582 375 1624 avertissent.
439 1583 614 1625 Volscos
647 1583 803 1625 deinde
841 1592 884 1624 et
917 1583 1107 1638 Aequos,
1139 1598 1213 1624 seu
1253 1583 1521 1624 Carventana
1535 1591 1705 1623 Belluma

116 1654 191 1680 arx
213 1649 376 1681 retenta
396 1640 440 1680 in
461 1655 591 1696 spem,
613 1656 688 1681 seu
711 1641 949 1696 Verrugine
971 1641 1169 1681 amissum
1190 1640 1444 1696 praesidium
1466 1641 1520 1682 ad
1534 1634 1712 1707 Xolstjisttit

117 1696 221 1737 iram
237 1697 520 1753 compulisset,
534 1698 644 1738 fama
660 1699 844 1746 affertur,
862 1713 1026 1738 summa
1038 1698 1077 1738 vi
1092 1697 1145 1738 ad
1162 1697 1320 1738 bellum
1334 1706 1516 1739 coortos:
1533 1687 1655 1750 ῃῗᾘῗ
1670 1687 1679 1707 ¹
1696 1695 1707 1700 ’

117 1762 243 1810 caput
263 1769 403 1795 rerum
427 1755 625 1796 Antiates
645 1770 758 1796 esse:
791 1770 937 1796 eorum
959 1755 1118 1811 legatos
1140 1755 1358 1811 utriusque
1380 1756 1520 1811 gentis

115 1810 293 1867 populos
313 1812 566 1862 circumisse,
589 1813 839 1868 castigantes
860 1813 1082 1868 ignaviam,
1102 1812 1230 1869 quod,
1253 1813 1388 1854 abditi
1408 1813 1520 1855 intra

115 1882 268 1918 muros,
290 1869 614 1926 populabundos
637 1870 681 1911 in
702 1871 810 1926 agris
832 1871 972 1926 vagari
996 1870 1212 1911 Romanos
1232 1871 1369 1926 priore
1392 1886 1518 1921 anno,

115 1934 159 1967 ct
188 1927 369 1991 opprimi
404 1927 652 1983 Verruginis
683 1927 951 1984 praesidium,
982 1928 1087 1983 passi
1120 1937 1282 1969 essent:
1315 1928 1399 1969 iam
1433 1944 1516 1969 non

115 1994 326 2025 exercitus
355 1985 482 2026 modo
507 1995 700 2035 armatos,
733 1985 807 2026 sed
839 1985 1025 2026 colonias
1053 1985 1192 2033 ctiam,
1217 1985 1259 2025 in
1291 2000 1388 2026 suos
1413 1986 1518 2027 {ines

83 2040 250 2082 61nitti:
296 2057 373 2083 nec
410 2043 520 2098 ipsos
557 2042 682 2082 modo
719 2043 934 2083 Romanos
970 2058 1044 2082 sua
1075 2042 1207 2082 divisa
1241 2042 1407 2091 habere,
1443 2043 1518 2083 sed

118 2096 390 2139 Ferentinum
427 2100 553 2140 ctiam
590 2099 642 2139 dc
679 2114 722 2139 se
757 2109 925 2153 captum
967 2098 1162 2139 Hernicis
1193 2099 1381 2139 donasse.
1448 2099 1519 2140 Ad

117 2154 220 2195 haec
249 2170 381 2211 quum
412 2156 774 2196 inflanunarentur
800 2156 942 2203 animi,
968 2166 1014 2195 ut
1042 2155 1094 2195 ad
1123 2170 1313 2210 quosque
1343 2166 1516 2196 ventum

116 2221 217 2259 crat,
248 2228 447 2253 nunu-rus
480 2214 689 2253 iuniorum
722 2214 1072 2254 conscribebatur.
1139 2212 1200 2253 ltu
1223 2213 1410 2252 omnium
1460 2230 1517 2254 ›o-

116 2269 309 2325 pulorum
335 2270 528 2311 inventus
553 2271 732 2311 Antium
761 2281 996 2311 eontracta:
1033 2270 1087 2309 ibi
1111 2270 1254 2309 castris
1278 2270 1420 2325 positis
1442 2229 1517 2311 lio-

114 2336 220 2368 stem
263 2328 599 2384 opperiebantur.
674 2329 795 2376 Quae
839 2328 909 2368 ubi
951 2327 1135 2368 tunmltu
1178 2327 1332 2367 maiore
1374 2328 1515 2376 etiam,

114 2400 240 2441 quam
263 2400 327 2426 res
348 2395 449 2434 erat,
469 2386 717 2426 nuntiantur
741 2385 934 2431 Romam,
953 2395 1121 2425 senatus
1143 2384 1358 2439 extemplo
1380 2385 1517 2440 (qimd

116 2443 158 2483 in
187 2443 311 2484 rebus
340 2443 514 2499 trepidis
543 2443 739 2484 ultimum
769 2443 989 2484 eonsilium
1019 2451 1126 2490 crat)
1154 2442 1402 2482 dictatorem
1432 2442 1515 2482 dici

116 2500 243 2541 iussit.
317 2501 457 2548 Quum
500 2516 587 2541 rem
630 2515 753 2555 aegre
796 2516 935 2556 passos
979 2500 1132 2540 lulium
1178 2499 1516 2555 (¹orncliumque

115 2557 277 2605 ferunt3
312 2572 549 2614 magnoque
571 2558 799 2599 certamine
822 2558 1056 2598 animorum
1080 2572 1165 2597 rem
1189 2565 1347 2597 actam:
1383 2571 1514 2612 quum

116 2614 316 2670 primores
337 2614 525 2660 Patrum,
550 2615 833 2671 nequicquam
856 2615 1089 2670 conquesti,
1114 2630 1198 2654 non
1227 2630 1315 2654 esse
1347 2614 1388 2654 iu
1417 2629 1516 2655 auc-

158 2763 175 2788 ⁴
202 2750 429 2787 tumulatum!
463 2750 678 2780 'l'ribuuutum
709 2749 788 2778 mili-
880 2760 896 2787 5
919 2751 991 2779 Tm·
1008 2750 1157 2788 patricii]
1182 2748 1253 2778 noc
1270 2758 1356 2778 unno
1369 2758 1517 2779 censores

114 2798 182 2822 tnui
198 2792 357 2822 consulari
377 2798 545 2831 putea-tute.
568 2793 690 2822 ΚΛΜΝ.
726 2792 788 2821 Sed
837 2792 933 2821 suim-
950 2798 1085 2821 constat.

115 2836 246 2865 sonam
291 2845 348 2867 res.
386 2835 477 2865 cuiun
522 2835 792 2864 insimulabantur
879 2836 898 2863 t»
925 2836 1037 2864 ltin-im
1058 2834 1191 2871 lmbcrcl
1225 2832 1416 2872 Sunpicatur
1432 2833 1514 2864 Gro-

116 2877 212 2911 lcilii,
229 2889 290 2907 non
316 2878 354 2907 :ul
383 2888 542 2917 praeseus,
561 2878 613 2907 »ed
639 2877 678 2907 ud
706 2877 787 2907 sutu-
836 2877 949 2906 nmina
963 2878 1095 2911 diu-isui.
1113 2882 1146 2908 ut
1164 2886 1250 2915 supr.
1278 2886 1295 2907 1.
1322 2886 1371 2915 54.
1392 2877 1513 2907 divisui

115 2930 183 2950 rum
201 2924 331 2959 tempus
349 2921 513 2951 reserenda
531 2925 586 2950 est.
617 2920 722 2950 ΙΜεκ.
828 2921 940 2957 sucro.
