1934 3211
578 192 778 235 LIB.1.
828 192 974 234 CAP.
1015 197 1081 234 22.
1474 195 1526 237 27

105 285 300 349 8A1geos
349 284 569 341 pontifices
617 292 780 333 vocant,
827 282 1048 324 dedicavit.
1135 281 1338 324 Omnium
1390 291 1530 323 tamen

136 342 364 383 maximum
386 342 476 383 eius
496 355 670 397 operum
690 340 770 382 fuit
794 340 939 390 tutela,
961 355 1038 396 per
1057 354 1181 381 omne
1203 339 1322 395 regni
1351 347 1528 395 tempus,

135 398 249 440 haud
269 399 406 440 minor
425 399 550 455 pacis,
574 413 700 455 quam
722 398 852 455 regni.

193 455 259 498 Ita
278 456 363 498 duo
385 456 583 513 deinceps
604 471 735 511 reges,
758 456 863 497 alius
884 455 964 496 alia
982 455 1061 505 via,
1084 454 1153 496 ille
1175 454 1301 504 bello,
1323 454 1391 494 hic
1413 469 1529 518 pace,

135 514 345 556 civitatem
379 522 598 555 auxerunt.
636 513 842 555 Romulus
877 522 1038 569 septem
1071 522 1114 554 et
1146 512 1316 567 triginta
1342 511 1531 567 regnavit

103 587 292 619 9annos:
328 571 472 613 Numa
492 581 574 613 tres
594 580 637 613 et
657 572 942 628 quadraginta.
1007 570 1120 611 Tum
1141 546 1290 619 valida,
1313 578 1403 610 tum
1425 578 1531 610 tem-

135 639 280 686 perata
300 638 342 672 et
363 629 462 671 belli
483 640 525 671 et
544 629 657 686 pacis
678 630 846 679 artibus,
869 637 958 670 erat
979 629 1133 670 civitas.

196 686 364 729 Numae
390 698 522 729 morte
551 687 605 728 ad
630 687 917 743 interregnum
938 702 1003 728 res
1028 686 1164 728 rediit.
1226 684 1334 726 Inde
1356 684 1531 726 Tullum
1614 687 1680 726 22.

138 744 384 795 Hostilium,
417 754 616 802 nepotem
654 744 839 794 Hostilii,
876 745 995 786 cuius
1035 744 1080 785 in
1119 743 1265 784 infima
1297 757 1390 784 arce
1423 742 1590 783 claraU
1607 743 1645 774 C·
1663 745 1713 774 8²·

167 818 280 860 ugna
324 803 521 845 adversus
569 802 746 844 Sabinos
790 803 938 852 fuerat,
982 817 1125 858 regem
1169 800 1350 866 populus
1399 799 1529 841 iussit.
1546 785 1736 859 ssuffiisaeo’

110 818 284 903 xssatres
318 869 508 903 auctores
539 861 648 902 facti.
714 860 798 902 Hic
826 876 912 902 non
945 860 1080 901 solum
1107 874 1301 916 proxlmo
1329 858 1417 914 regi
1449 857 1534 898 dis·
1548 871 1709 902 Hostilius

137 919 296 970 similis,
319 919 394 960 sed
420 918 598 960 ferocior
622 919 749 960 etiam
772 918 957 960 Romulo
982 918 1073 960 fuit.
1136 917 1248 958 Tum
1271 893 1401 958 aetas⁰
1406 916 1534 957 vires·
1546 925 1602 945 rex
1614 914 1751 954 eligitur.

138 991 235 1033 que,
258 986 348 1018 tum
369 977 480 1018 avita
500 992 717 1033 quoque
692 976 824 1018 ‹rloria
847 976 1035 1017 animum
1065 974 1317 1016 stimulabat.
1383 973 1534 1015 Senes-

139 1049 233 1076 cere
263 1035 391 1091 igitur
423 1035 636 1076 civitatem
669 1035 756 1076 otio
791 1043 916 1083 ratus,
949 1033 1138 1090 undique
1172 1032 1388 1073 materiam
1421 1031 1535 1073 exci-

139 1092 257 1134 tandi
278 1092 377 1134 belli
398 1093 638 1149 quaerebat.
684 1092 808 1134 Forte
830 1108 878 1134 ev
882 1092 982 1141 enit,
1005 1102 1052 1132 ut
1073 1099 1253 1147 agrestes
1276 1089 1460 1131 Romani
1481 1104 1534 1130 ex

139 1149 309 1192 Albano
331 1166 442 1207 agro,
467 1150 624 1191 Albani
646 1165 699 1190 ex
718 1150 912 1191 Romano
932 1124 1137 1206 praedast*
1128 1164 1171 1189 m
1192 1148 1326 1189 vicem
1348 1156 1532 1203 agerent

140 1207 236 1265 Imp
238 1209 415 1250 eritabat
437 1218 526 1249 tum
550 1207 601 1249 C.
628 1207 810 1249 Cluilius
832 1207 980 1248 Albae.
1045 1206 1271 1262 Utrimque
1297 1205 1424 1262 legati
1448 1204 1533 1246 fere

140 1224 236 1308 subp
239 1266 352 1307 idem
374 1275 538 1322 tempus
563 1265 617 1306 ad
642 1281 706 1307 res
734 1265 983 1322 repetendas
1004 1265 1128 1305 missi.
1191 1263 1342 1304 Tullus
1367 1277 1536 1319 pracce-

141 1332 260 1380 perat
289 1324 386 1373 suis,
423 1339 476 1365 ne
510 1323 614 1379 quid
646 1323 772 1379 prius,
807 1338 934 1379 quam
967 1322 1174 1370 mandata,
1212 1330 1405 1376 agerent:
1440 1320 1537 1361 satis

142 1382 312 1431 sciebat,
341 1391 589 1437 negaturum
612 1380 851 1429 Albanum3
882 1380 940 1420 ita
965 1379 1034 1436 pie
1062 1379 1220 1420 bellum
1248 1378 1377 1419 indici
1402 1392 1534 1433 posse.

144 1439 214 1480 Ab
244 1439 421 1480 Albanis
448 1438 661 1480 socordius
689 1453 753 1478 res
784 1447 898 1478 acta:
929 1437 1095 1493 excepti
1126 1435 1307 1501 hospitio
1335 1436 1386 1476 ab
1408 1434 1536 1476 Tullo

142 1496 295 1538 blande
335 1511 382 1537 ac
423 1496 618 1552 benigne,
659 1495 836 1536 comiter
874 1495 984 1551 regis
1024 1494 1262 1536 convivmm
1310 1493 1534 1534 celebrant.

144 1554 369 1610 Tantisper
396 1553 578 1594 Romani
609 1561 652 1594 et
682 1568 748 1594 res
778 1553 1059 1609 repetiverant
1088 1552 1260 1608 priores,
1293 1559 1335 1593 et
1366 1550 1537 1607 neganti

144 1611 314 1654 Albano
335 1611 523 1653 bellum*
515 1626 559 1652 m
584 1611 845 1665 trioesimum
875 1610 987 1652 diem
1016 1610 1267 1651 indixerant.
1332 1608 1451 1650 Haec
1473 1623 1537 1649 re-

141 1669 340 1711 nuntiant
368 1669 407 1710 Γ
410 1668 506 1711 ullo
570 1646 682 1710 Tum
714 1668 861 1725 legatis
892 1668 1042 1709 Tullus
1073 1667 1242 1709 dicendi
1273 1675 1536 1732 potestatem,

142 1727 246 1784 quid
268 1735 461 1784 petentes
481 1727 688 1776 venerint,
709 1726 819 1768 facit.
868 1725 950 1776 Illi,
974 1726 1163 1768 omnium
1185 1725 1332 1782 ignari,
1355 1725 1538 1781 primum

141 1785 361 1867 purgando
378 1794 519 1826 terunt
535 1794 723 1842 tempus:
750 1791 761 1808 ‘
778 1784 858 1826 Se
848 1800 917 1825 mv
923 1784 1000 1826 itos
1013 1784 1253 1840 quicquam,
1269 1782 1384 1839 quod
1401 1797 1539 1823 minus

144 1843 334 1900 ‘placeat
350 1843 491 1893 Tullo,
509 1843 717 1892 dictur0s3
743 1842 848 1884 sed
839 1858 895 1883 lm
928 1843 1014 1884 erio
1035 1842 1193 1898 subigi.
1225 1856 1290 1882 res
1311 1840 1539 1897 repetitum

144 1907 215 1943 ‘se
243 1901 416 1942 venisse.
480 1900 539 1942 Ni
570 1901 813 1950 reddantur,
846 1900 1003 1942 belum
1035 1900 1219 1941 indicere
1251 1899 1406 1940 iussos?
1470 1897 1540 1939 Ad

143 1958 234 2001 haec
252 1959 425 2001 Tullus.
461 1964 473 1983 ‘
491 1959 724 2009 Nuntiate,’
745 1959 896 2015 inquit,
921 1958 1033 2014 ‘regi
1050 1967 1198 2008 vestro,
1221 1972 1362 2013 regem
1382 1956 1540 1997 Roma-

146 2023 158 2041 ‘
174 2032 276 2058 num
297 2017 398 2058 deos
419 2017 555 2059 facere
578 2026 716 2067 testes,
739 2025 834 2058 uter
861 2017 976 2073 prius
991 1992 1182 2072 populus
1209 2030 1274 2056 res
1301 2030 1358 2056 re·
1350 2023 1540 2071 -)οῐρῐιῖο5

146 2074 332 2131 ‘legatos
362 2085 605 2132 aspernatus
632 2049 849 2124 dimiserit,
879 2083 927 2115 ut
955 2090 997 2115 m
1030 2089 1128 2115 eum
1161 2088 1306 2114 omnes
1338 2080 1540 2128 expetant

146 2132 344 2174 ‘huiusce
366 2133 505 2174 clades
526 2132 650 2174 belli?
706 2132 825 2173 llaec
847 2132 1043 2172 nuntiant
1065 2131 1237 2172 domum
1262 2130 1429 2171 Albani.
1484 2129 1540 2170 Et
1623 2133 1690 2170 23.

145 2190 302 2232 bellum
335 2191 546 2256 utrimque
575 2206 738 2231 summa
766 2205 845 2246 ope
875 2191 1109 2246 Ῑ)3ι·31)ιῐιιι·,
1139 2188 1248 2229 civili
1282 2187 1538 2228 simillimum
1554 2186 1637 2219 Π(
1634 2190 1721 2228 8·5·

145 2248 270 2298 bello,
293 2264 421 2305 prope
445 2249 554 2290 inter
574 2258 767 2305 parentes
798 2264 825 2288 n
829 2258 1024 2303 atosquc·
1016 2279 1025 2295 ,
1062 2247 1100 2288 'l
1105 2247 1177 2287 τοὶ.
1180 2262 1233 2287 ιι).
1235 2261 1289 2286 im
1320 2255 1397 2286 uti.
1387 2260 1538 2301 amque
1556 2273 1599 2303 13
1564 2189 1743 2304 liuni‘oe‘

146 2306 318 2363 prolem,
334 2322 465 2363 quum
484 2306 706 2348 Lavinium
725 2307 776 2347 ab
791 2306 903 2347 'lror
896 2321 931 2354 3,
946 2305 1050 2346 abI
1053 2320 1099 2346 ax
1105 2305 1189 2346 inio
1206 2304 1327 2353 Alba,
1343 2303 1394 2344 31)
1410 2302 1507 2344 A·lb
1499 2319 1540 2343 ἰ-
1553 2326 1626 2346 cum
1644 2317 1741 2346 Albu-

146 2379 294 2405 nornm
313 2365 439 2422 stirpe
458 2380 601 2419 regum
621 2364 787 2404 oriundi
806 2364 985 2404 Romani
1001 2379 1087 2404 055(
1093 2372 1149 2404 nt
1196 2361 1383 2403 Eventus
1401 2370 1427 2401 t.
1429 2376 1539 2402 tmen
1554 2358 1611 2390 ¹¹5⁸·

146 2422 244 2465 belli
268 2438 404 2464 minus
427 2422 702 2464 miserabilem
725 2422 1038 2463 dimicationem
1061 2421 1177 2462 fecit:
1217 2419 1331 2476 quod
1355 2434 1431 2459 nec
1453 2419 1540 2460 acie

191 2575 210 2602 8
239 2575 372 2612 Vocant]
412 2575 479 2605 (fur
495 2573 553 2604 ista
571 2574 641 2604 loca
658 2573 752 2611 orgi-i
769 2584 823 2612 ap—
870 2575 936 2603 ta.''
984 2571 1138 2611 Polybius
1150 2574 1301 2610 quattuor
1316 2580 1416 2600 annos
1431 2579 1485 2609 per
1497 2569 1541 2600 in-

151 2617 271 2655 pellant
287 2623 371 2652 nunt,
388 2617 482 2648 hodie
507 2627 633 2656 prorsus
654 2616 823 2654 ignoratur.
869 2621 1012 2652 turri-gun
1025 2614 1193 2644 distribuit.
1229 2612 1434 2650 Augustinua,
1447 2615 1484 2643 (¹.
1502 2613 1542 2644 l).

149 2660 199 2689 (Ὗ.
221 2659 333 2690 Festus
350 2671 376 2690 v.
394 2659 502 2697 (ηιμ-ἰ,
521 2659 574 2698 qui
600 2670 702 2689 meras
727 2670 825 2696 nugas
871 2658 910 2688 iii.
929 2670 960 2698 t),
976 2657 1140 2690 Ciceronis
1165 2657 1268 2685 locum
1294 2655 1422 2685 fias-itan
1446 2656 1543 2695 respi-

151 2702 278 2742 proscrt.
871 2701 922 2731 cit.

192 2756 212 2784 c)
236 2746 344 2775 Numa
361 2749 424 2774 tren
439 2749 469 2773 r!
484 2745 718 2785 qumlrnssinm]
756 2744 824 2774 (Ἲς.
919 2753 926 2773 ι
958 2745 1072 2773 Patres
1088 2742 1248 2778 ‹nu-tores]
1277 2740 1439 2771 “Tullum
1461 2741 1543 2771 llos-

150 2788 190 2818 de
219 2788 298 2826 Rvp.
323 2787 352 2817 ii.
377 2797 422 2824 14,
438 2787 524 2816 ⁶·sic
549 2787 603 2817 ille
627 2797 699 2816 cum
726 2787 822 2816 imdc-
868 2785 971 2815 tilium
999 2786 1137 2825 populns
1160 2795 1263 2822 regem
1288 2784 1425 2814 comitiis
1443 2784 1543 2814 curin-

149 2830 360 2870 qumlrngium
378 2840 479 2859 numm
495 2830 697 2866 regnauim-t,
713 2840 821 2868 sequa<
869 2828 909 2857 tia
932 2828 1062 2862 eremit,
1085 2828 1172 2867 inqu«-
1188 2827 1228 2857 «lc
1252 2827 1386 2866 imperio
1411 2838 1468 2856 sno
1485 2850 1491 2857 .
1509 2850 1516 2857 .
1534 2850 1542 2858 .

150 2883 222 2903 mur
244 2873 328 2903 enim
355 2872 552 2911 patin-imum
576 2872 744 2910 Polybium
771 2882 822 2901 nn-
871 2872 1025 2910 rstimlnm
1058 2870 1218 2901 consuluit
1248 2870 1430 2900 ctiriutini.''
1473 2870 1542 2901 (¹ic.

150 2921 262 2949 utrum.
281 2926 344 2954 qun
369 2926 462 2945 nemo
486 2914 542 2944 snit
568 2914 596 2944 in
622 2914 825 2953 exquirendis
869 2915 908 2944 dt·
931 2914 1010 2954 ΙίιΊι,
1029 2913 1058 2944 ii.
1082 2923 1126 2953 ¹7·
1155 2912 1378 2944 Wuchsmnth.
1398 2923 1427 2952 p,
1447 2922 1512 2951 ¹⁴5·

152 2959 349 2998 temporibus
371 2957 564 2994 diligentior,
583 2957 717 2988 excessit
741 2968 758 2987 c
784 2957 823 2986 xi-
