<?xml version="1.0" encoding="UTF-8"?>
<!DOCTYPE html PUBLIC "-//W3C//DTD XHTML 1.0 Transitional//EN"
    "http://www.w3.org/TR/xhtml1/DTD/xhtml1-transitional.dtd">
<html xmlns="http://www.w3.org/1999/xhtml" xml:lang="en" lang="en">
 <head>
  <title>
</title>
<meta http-equiv="Content-Type" content="text/html;charset=utf-8" />
  <meta name='ocr-system' content='tesseract 3.04.00' />
  <meta name='ocr-capabilities' content='ocr_page ocr_carea ocr_par ocr_line ocrx_word'/>
</head>
<body>
  <div class='ocr_page' id='page_1' title='image "./historiarumli01livyuoft_0325.png"; bbox 0 0 1934 3211; ppageno 0'>
   <div class='ocr_carea' id='block_1_1' title="bbox 683 145 1633 190">
    <p class='ocr_par' dir='ltr' id='par_1_1' title="bbox 683 145 1633 190">
     <span class='ocr_line' id='line_1_1' title="bbox 683 145 1633 190; baseline 0.004 -4"><span class='ocrx_word' id='word_1_1' title='bbox 683 145 810 186; x_wconf 90' lang='lat' dir='ltr'><strong>LIB.</strong></span> <span class='ocrx_word' id='word_1_2' title='bbox 845 145 898 185; x_wconf 81' lang='lat' dir='ltr'>V.</span> <span class='ocrx_word' id='word_1_3' title='bbox 947 145 1094 186; x_wconf 80' lang='lat' dir='ltr'><strong>CAP.</strong></span> <span class='ocrx_word' id='word_1_4' title='bbox 1129 149 1196 187; x_wconf 86' lang='lat'>21.</span> <span class='ocrx_word' id='word_1_5' title='bbox 1551 150 1633 190; x_wconf 83' lang='grc'>311</span> 
     </span>
    </p>
   </div>
   <div class='ocr_carea' id='block_1_2' title="bbox 229 235 1836 350">
    <p class='ocr_par' dir='ltr' id='par_1_2' title="bbox 229 235 1836 350">
     <span class='ocr_line' id='line_1_2' title="bbox 230 235 1836 294; baseline 0.004 -15"><span class='ocrx_word' id='word_1_6' title='bbox 230 243 382 293; x_wconf 87' lang='lat' dir='ltr'>‘atque</span> <span class='ocrx_word' id='word_1_7' title='bbox 404 235 632 277; x_wconf 85' lang='lat' dir='ltr'>exinanitis</span> <span class='ocrx_word' id='word_1_8' title='bbox 660 236 818 276; x_wconf 84' lang='lat' dir='ltr'>tributo</span> <span class='ocrx_word' id='word_1_9' title='bbox 841 243 903 276; x_wconf 90' lang='lat' dir='ltr'>tot</span> <span class='ocrx_word' id='word_1_10' title='bbox 923 250 1131 276; x_wconf 89' lang='lat' dir='ltr'>annorum</span> <span class='ocrx_word' id='word_1_11' title='bbox 1160 237 1368 278; x_wconf 89' lang='lat' dir='ltr'>succurri:</span> <span class='ocrx_word' id='word_1_12' title='bbox 1403 247 1445 279; x_wconf 87' lang='lat' dir='ltr'>et</span> <span class='ocrx_word' id='word_1_13' title='bbox 1476 239 1630 281; x_wconf 87' lang='lat' dir='ltr'>sentire</span> <span class='ocrx_word' id='word_1_14' title='bbox 1648 251 1691 283; x_wconf 92' lang='lat' dir='ltr'>U.</span> <span class='ocrx_word' id='word_1_15' title='bbox 1709 251 1746 284; x_wconf 86' lang='lat' dir='ltr'>C.</span> <span class='ocrx_word' id='word_1_16' title='bbox 1765 262 1836 294; x_wconf 79' lang='lat'><strong>359·</strong></span> 
     </span>
     <span class='ocr_line' id='line_1_3' title="bbox 229 292 1835 350; baseline 0.001 -16"><span class='ocrx_word' id='word_1_17' title='bbox 229 293 433 350; x_wconf 85' lang='lat' dir='ltr'>‘praedae</span> <span class='ocrx_word' id='word_1_18' title='bbox 463 292 647 334; x_wconf 90' lang='lat' dir='ltr'>fructum</span> <span class='ocrx_word' id='word_1_19' title='bbox 670 308 724 334; x_wconf 92' lang='lat' dir='ltr'>ex</span> <span class='ocrx_word' id='word_1_20' title='bbox 755 308 806 334; x_wconf 92' lang='lat' dir='ltr'>eo</span> <span class='ocrx_word' id='word_1_21' title='bbox 826 292 951 342; x_wconf 91' lang='lat' dir='ltr'>bello,</span> <span class='ocrx_word' id='word_1_22' title='bbox 974 292 1018 333; x_wconf 92' lang='lat' dir='ltr'>in</span> <span class='ocrx_word' id='word_1_23' title='bbox 1041 307 1126 348; x_wconf 92' lang='lat' dir='ltr'>quo</span> <span class='ocrx_word' id='word_1_24' title='bbox 1156 308 1288 349; x_wconf 88' lang='lat' dir='ltr'>prope</span> <span class='ocrx_word' id='word_1_25' title='bbox 1314 297 1625 338; x_wconf 81' lang='lat' dir='ltr'><strong>consenuerint.</strong></span> <span class='ocrx_word' id='word_1_26' title='bbox 1646 295 1682 325; x_wconf 84' lang='lat' dir='ltr'>A.</span> <span class='ocrx_word' id='word_1_27' title='bbox 1707 295 1745 327; x_wconf 86' lang='lat' dir='ltr'>C.</span> <span class='ocrx_word' id='word_1_28' title='bbox 1764 305 1835 336; x_wconf 76' lang='lat'>393·</span> 
     </span>
    </p>
   </div>
   <div class='ocr_carea' id='block_1_3' title="bbox 196 350 1628 867">
    <p class='ocr_par' dir='ltr' id='par_1_3' title="bbox 225 350 1628 464">
     <span class='ocr_line' id='line_1_4' title="bbox 228 350 1627 406; baseline 0.002 -15"><span class='ocrx_word' id='word_1_29' title='bbox 228 355 241 374; x_wconf 91' lang='lat'>‘</span> <span class='ocrx_word' id='word_1_30' title='bbox 259 350 432 392; x_wconf 90' lang='lat' dir='ltr'>Gratius</span> <span class='ocrx_word' id='word_1_31' title='bbox 467 350 512 391; x_wconf 90' lang='lat' dir='ltr'>id</span> <span class='ocrx_word' id='word_1_32' title='bbox 541 351 629 392; x_wconf 90' lang='lat' dir='ltr'>fore</span> <span class='ocrx_word' id='word_1_33' title='bbox 666 350 915 406; x_wconf 90' lang='lat' dir='ltr'>laetiusque,</span> <span class='ocrx_word' id='word_1_34' title='bbox 948 350 1064 406; x_wconf 90' lang='lat' dir='ltr'>quod</span> <span class='ocrx_word' id='word_1_35' title='bbox 1095 350 1274 406; x_wconf 86' lang='lat' dir='ltr'>quisque</span> <span class='ocrx_word' id='word_1_36' title='bbox 1306 366 1381 392; x_wconf 89' lang='lat' dir='ltr'>sua</span> <span class='ocrx_word' id='word_1_37' title='bbox 1410 367 1537 393; x_wconf 91' lang='lat' dir='ltr'>manu</span> <span class='ocrx_word' id='word_1_38' title='bbox 1574 369 1627 394; x_wconf 86' lang='lat' dir='ltr'>ex</span> 
     </span>
     <span class='ocr_line' id='line_1_5' title="bbox 225 407 1628 464; baseline 0.001 -15"><span class='ocrx_word' id='word_1_39' title='bbox 225 413 239 432; x_wconf 89' lang='lat'>‘</span> <span class='ocrx_word' id='word_1_40' title='bbox 253 407 373 450; x_wconf 88' lang='lat' dir='ltr'>hoste</span> <span class='ocrx_word' id='word_1_41' title='bbox 395 417 565 464; x_wconf 89' lang='lat' dir='ltr'>captum</span> <span class='ocrx_word' id='word_1_42' title='bbox 587 408 761 449; x_wconf 90' lang='lat' dir='ltr'>domum</span> <span class='ocrx_word' id='word_1_43' title='bbox 782 407 985 457; x_wconf 88' lang='lat' dir='ltr'>retulerit,</span> <span class='ocrx_word' id='word_1_44' title='bbox 1009 423 1136 463; x_wconf 87' lang='lat' dir='ltr'>quam</span> <span class='ocrx_word' id='word_1_45' title='bbox 1158 408 1192 448; x_wconf 89' lang='lat' dir='ltr'>si</span> <span class='ocrx_word' id='word_1_46' title='bbox 1214 408 1437 464; x_wconf 83' lang='lat' dir='ltr'>multiplex</span> <span class='ocrx_word' id='word_1_47' title='bbox 1458 409 1628 452; x_wconf 86' lang='lat' dir='ltr'>alterius</span> 
     </span>
    </p>

    <p class='ocr_par' dir='ltr' id='par_1_4' title="bbox 196 464 1627 867">
     <span class='ocr_line' id='line_1_6' title="bbox 196 464 1627 522; baseline 0.003 -17"><span class='ocrx_word' id='word_1_48' title='bbox 196 466 425 507; x_wconf 84' lang='lat' dir='ltr'>1‘arbitrio</span> <span class='ocrx_word' id='word_1_49' title='bbox 456 466 644 522; x_wconf 87' lang='lat' dir='ltr'>accipiat.</span> <span class='ocrx_word' id='word_1_50' title='bbox 708 465 853 522; x_wconf 91' lang='lat' dir='ltr'>Ipsum</span> <span class='ocrx_word' id='word_1_51' title='bbox 885 464 1133 506; x_wconf 88' lang='lat' dir='ltr'>dictatorem</span> <span class='ocrx_word' id='word_1_52' title='bbox 1163 465 1307 522; x_wconf 81' lang='lat' dir='ltr'>fugere</span> <span class='ocrx_word' id='word_1_53' title='bbox 1339 466 1542 507; x_wconf 78' lang='lat' dir='ltr'>invidiam</span> <span class='ocrx_word' id='word_1_54' title='bbox 1574 483 1627 509; x_wconf 90' lang='lat' dir='ltr'>ex</span> 
     </span>
     <span class='ocr_line' id='line_1_7' title="bbox 224 522 1627 581; baseline 0.001 -17"><span class='ocrx_word' id='word_1_55' title='bbox 224 528 237 546; x_wconf 91' lang='lat'>‘</span> <span class='ocrx_word' id='word_1_56' title='bbox 253 538 303 564; x_wconf 93' lang='lat' dir='ltr'>eo</span> <span class='ocrx_word' id='word_1_57' title='bbox 324 523 609 579; x_wconf 83' lang='lat' dir='ltr'>criminaque:</span> <span class='ocrx_word' id='word_1_58' title='bbox 644 539 694 564; x_wconf 91' lang='lat' dir='ltr'>eo</span> <span class='ocrx_word' id='word_1_59' title='bbox 715 523 928 579; x_wconf 85' lang='lat' dir='ltr'>delegasse</span> <span class='ocrx_word' id='word_1_60' title='bbox 949 522 1003 563; x_wconf 87' lang='lat' dir='ltr'>ad</span> <span class='ocrx_word' id='word_1_61' title='bbox 1024 532 1228 564; x_wconf 86' lang='lat' dir='ltr'>senatum.</span> <span class='ocrx_word' id='word_1_62' title='bbox 1295 522 1498 565; x_wconf 85' lang='lat' dir='ltr'>Senatum</span> <span class='ocrx_word' id='word_1_63' title='bbox 1520 540 1627 581; x_wconf 92' lang='lat' dir='ltr'>quo-</span> 
     </span>
     <span class='ocr_line' id='line_1_8' title="bbox 224 580 1625 638; baseline 0.002 -17"><span class='ocrx_word' id='word_1_64' title='bbox 224 586 335 637; x_wconf 90' lang='lat' dir='ltr'>‘que</span> <span class='ocrx_word' id='word_1_65' title='bbox 361 581 515 623; x_wconf 90' lang='lat' dir='ltr'>debere</span> <span class='ocrx_word' id='word_1_66' title='bbox 537 581 735 622; x_wconf 90' lang='lat' dir='ltr'>reiectam</span> <span class='ocrx_word' id='word_1_67' title='bbox 764 596 853 622; x_wconf 90' lang='lat' dir='ltr'>rem</span> <span class='ocrx_word' id='word_1_68' title='bbox 882 580 936 621; x_wconf 90' lang='lat' dir='ltr'>ad</span> <span class='ocrx_word' id='word_1_69' title='bbox 961 595 1004 621; x_wconf 90' lang='lat' dir='ltr'>se</span> <span class='ocrx_word' id='word_1_70' title='bbox 1035 580 1280 636; x_wconf 86' lang='lat' dir='ltr'>permittere</span> <span class='ocrx_word' id='word_1_71' title='bbox 1308 581 1436 636; x_wconf 88' lang='lat' dir='ltr'>plebi,</span> <span class='ocrx_word' id='word_1_72' title='bbox 1459 597 1507 623; x_wconf 86' lang='lat' dir='ltr'>ac</span> <span class='ocrx_word' id='word_1_73' title='bbox 1538 583 1625 638; x_wconf 90' lang='lat' dir='ltr'>pati</span> 
     </span>
     <span class='ocr_line' id='line_1_9' title="bbox 223 637 1625 695; baseline 0.001 -16"><span class='ocrx_word' id='word_1_74' title='bbox 223 643 236 662; x_wconf 91' lang='lat'>‘</span> <span class='ocrx_word' id='word_1_75' title='bbox 251 638 419 688; x_wconf 89' lang='lat' dir='ltr'>habere,</span> <span class='ocrx_word' id='word_1_76' title='bbox 442 638 558 695; x_wconf 91' lang='lat' dir='ltr'>quod</span> <span class='ocrx_word' id='word_1_77' title='bbox 579 639 733 695; x_wconf 88' lang='lat' dir='ltr'>cuique</span> <span class='ocrx_word' id='word_1_78' title='bbox 755 638 838 680; x_wconf 87' lang='lat' dir='ltr'>fors</span> <span class='ocrx_word' id='word_1_79' title='bbox 862 638 962 679; x_wconf 90' lang='lat' dir='ltr'>belli</span> <span class='ocrx_word' id='word_1_80' title='bbox 984 638 1176 679; x_wconf 61' lang='lat' dir='ltr'>dederit!</span> <span class='ocrx_word' id='word_1_81' title='bbox 1238 637 1359 679; x_wconf 86' lang='lat' dir='ltr'>Haec</span> <span class='ocrx_word' id='word_1_82' title='bbox 1388 639 1518 680; x_wconf 91' lang='lat' dir='ltr'>tutior</span> <span class='ocrx_word' id='word_1_83' title='bbox 1537 640 1625 681; x_wconf 88' lang='lat' dir='ltr'>visa</span> 
     </span>
     <span class='ocr_line' id='line_1_10' title="bbox 221 695 1622 752; baseline 0.001 -15"><span class='ocrx_word' id='word_1_84' title='bbox 221 697 433 738; x_wconf 88' lang='lat' dir='ltr'>sententia</span> <span class='ocrx_word' id='word_1_85' title='bbox 456 705 532 746; x_wconf 87' lang='lat' dir='ltr'>est,</span> <span class='ocrx_word' id='word_1_86' title='bbox 562 711 671 752; x_wconf 88' lang='lat' dir='ltr'>quae</span> <span class='ocrx_word' id='word_1_87' title='bbox 697 696 944 752; x_wconf 85' lang='lat' dir='ltr'>popularem</span> <span class='ocrx_word' id='word_1_88' title='bbox 969 703 1162 736; x_wconf 88' lang='lat' dir='ltr'>senatum</span> <span class='ocrx_word' id='word_1_89' title='bbox 1190 695 1357 737; x_wconf 86' lang='lat' dir='ltr'>faceret.</span> <span class='ocrx_word' id='word_1_90' title='bbox 1422 696 1622 739; x_wconf 84' lang='lat' dir='ltr'>Edictum</span> 
     </span>
     <span class='ocr_line' id='line_1_11' title="bbox 219 753 1625 810; baseline 0.001 -15"><span class='ocrx_word' id='word_1_91' title='bbox 219 753 364 810; x_wconf 91' lang='lat' dir='ltr'>itaque</span> <span class='ocrx_word' id='word_1_92' title='bbox 381 762 457 803; x_wconf 90' lang='lat' dir='ltr'>est,</span> <span class='ocrx_word' id='word_1_93' title='bbox 473 753 526 794; x_wconf 91' lang='lat' dir='ltr'>ad</span> <span class='ocrx_word' id='word_1_94' title='bbox 543 754 742 810; x_wconf 90' lang='lat' dir='ltr'>praedam</span> <span class='ocrx_word' id='word_1_95' title='bbox 758 753 997 803; x_wconf 89' lang='lat' dir='ltr'>Veientem,</span> <span class='ocrx_word' id='word_1_96' title='bbox 1017 753 1171 809; x_wconf 89' lang='lat' dir='ltr'>quibus</span> <span class='ocrx_word' id='word_1_97' title='bbox 1184 753 1411 804; x_wconf 91' lang='lat' dir='ltr'>videretur,</span> <span class='ocrx_word' id='word_1_98' title='bbox 1430 754 1474 795; x_wconf 91' lang='lat' dir='ltr'>in</span> <span class='ocrx_word' id='word_1_99' title='bbox 1491 765 1625 797; x_wconf 87' lang='lat' dir='ltr'>castra</span> 
     </span>
     <span class='ocr_line' id='line_1_12' title="bbox 218 811 939 867; baseline -0.001 -14"><span class='ocrx_word' id='word_1_100' title='bbox 218 811 273 853; x_wconf 88' lang='lat' dir='ltr'>ad</span> <span class='ocrx_word' id='word_1_101' title='bbox 293 811 542 853; x_wconf 89' lang='lat' dir='ltr'>dictatorem</span> <span class='ocrx_word' id='word_1_102' title='bbox 561 811 939 867; x_wconf 86' lang='lat' dir='ltr'>proficiscerentur.</span> 
     </span>
    </p>
   </div>
   <div class='ocr_carea' id='block_1_4' title="bbox 277 867 1620 925">
    <p class='ocr_par' dir='ltr' id='par_1_5' title="bbox 277 867 1620 925">
     <span class='ocr_line' id='line_1_13' title="bbox 277 867 1620 925; baseline 0.002 -15"><span class='ocrx_word' id='word_1_103' title='bbox 277 868 435 925; x_wconf 87' lang='lat' dir='ltr'>Ingens</span> <span class='ocrx_word' id='word_1_104' title='bbox 448 868 635 925; x_wconf 89' lang='lat' dir='ltr'>profecta</span> <span class='ocrx_word' id='word_1_105' title='bbox 648 868 876 910; x_wconf 90' lang='lat' dir='ltr'>multitudo</span> <span class='ocrx_word' id='word_1_106' title='bbox 893 867 1071 924; x_wconf 80' lang='lat' dir='ltr'>replevit</span> <span class='ocrx_word' id='word_1_107' title='bbox 1091 876 1236 910; x_wconf 85' lang='lat' dir='ltr'>castra.</span> <span class='ocrx_word' id='word_1_108' title='bbox 1300 867 1414 910; x_wconf 91' lang='lat' dir='ltr'>Tum</span> <span class='ocrx_word' id='word_1_109' title='bbox 1429 868 1620 923; x_wconf 78' lang='lat' dir='ltr'>dictator,</span> 
     </span>
    </p>
   </div>
   <div class='ocr_carea' id='block_1_5' title="bbox 1705 879 1773 918">
    <p class='ocr_par' dir='ltr' id='par_1_6' title="bbox 1705 879 1773 918">
     <span class='ocr_line' id='line_1_14' title="bbox 1705 879 1773 918; baseline 0.029 -2"><span class='ocrx_word' id='word_1_110' title='bbox 1705 879 1773 918; x_wconf 86' lang='lat'>21.</span> 
     </span>
    </p>
   </div>
   <div class='ocr_carea' id='block_1_6' title="bbox 217 926 1807 1040">
    <p class='ocr_par' dir='ltr' id='par_1_7' title="bbox 217 926 1807 1040">
     <span class='ocr_line' id='line_1_15' title="bbox 217 926 1792 986; baseline 0.003 -19"><span class='ocrx_word' id='word_1_111' title='bbox 217 926 433 982; x_wconf 87' lang='lat' dir='ltr'>auspicato</span> <span class='ocrx_word' id='word_1_112' title='bbox 462 940 662 981; x_wconf 86' lang='lat' dir='ltr'>egressus,</span> <span class='ocrx_word' id='word_1_113' title='bbox 689 941 821 982; x_wconf 88' lang='lat' dir='ltr'>quum</span> <span class='ocrx_word' id='word_1_114' title='bbox 853 926 1065 976; x_wconf 81' lang='lat' dir='ltr'>edixisset,</span> <span class='ocrx_word' id='word_1_115' title='bbox 1095 934 1142 967; x_wconf 93' lang='lat' dir='ltr'>ut</span> <span class='ocrx_word' id='word_1_116' title='bbox 1167 941 1282 968; x_wconf 84' lang='lat' dir='ltr'>arma</span> <span class='ocrx_word' id='word_1_117' title='bbox 1312 927 1466 969; x_wconf 88' lang='lat' dir='ltr'>milites</span> <span class='ocrx_word' id='word_1_118' title='bbox 1497 944 1621 986; x_wconf 86' lang='lat' dir='ltr'>cape·</span> <span class='ocrx_word' id='word_1_119' title='bbox 1635 933 1792 982; x_wconf 54' lang='lat' dir='ltr'>Veiorum</span> 
     </span>
     <span class='ocr_line' id='line_1_16' title="bbox 219 978 1807 1040; baseline 0.002 -16"><span class='ocrx_word' id='word_1_120' title='bbox 219 993 326 1033; x_wconf 89' lang='lat' dir='ltr'>rent,</span> <span class='ocrx_word' id='word_1_121' title='bbox 352 989 363 1007; x_wconf 83' lang='lat'>‘</span> <span class='ocrx_word' id='word_1_122' title='bbox 377 983 474 1024; x_wconf 92' lang='lat' dir='ltr'>Tuo</span> <span class='ocrx_word' id='word_1_123' title='bbox 495 983 654 1032; x_wconf 87' lang='lat' dir='ltr'>ductu,’</span> <span class='ocrx_word' id='word_1_124' title='bbox 670 983 823 1039; x_wconf 89' lang='lat' dir='ltr'>inquit,</span> <span class='ocrx_word' id='word_1_125' title='bbox 847 989 860 1007; x_wconf 82' lang='lat'><em>‘</em></span> <span class='ocrx_word' id='word_1_126' title='bbox 873 983 1052 1040; x_wconf 77' lang='lat' dir='ltr'>Pythice</span> <span class='ocrx_word' id='word_1_127' title='bbox 1078 983 1246 1039; x_wconf 89' lang='lat' dir='ltr'>Apollo,</span> <span class='ocrx_word' id='word_1_128' title='bbox 1262 993 1421 1040; x_wconf 89' lang='lat' dir='ltr'>tuoque</span> <span class='ocrx_word' id='word_1_129' title='bbox 1443 987 1618 1030; x_wconf 91' lang='lat' dir='ltr'>numine</span> <span class='ocrx_word' id='word_1_130' title='bbox 1633 978 1807 1009; x_wconf 52' lang='lat' dir='ltr'><strong>mmmmm·</strong></span> 
     </span>
    </p>
   </div>
   <div class='ocr_carea' id='block_1_7' title="bbox 178 1040 1619 2250">
    <p class='ocr_par' dir='ltr' id='par_1_8' title="bbox 178 1040 1619 2250">
     <span class='ocr_line' id='line_1_17' title="bbox 219 1040 1618 1099; baseline 0.004 -18"><span class='ocrx_word' id='word_1_131' title='bbox 219 1040 468 1082; x_wconf 88' lang='lat' dir='ltr'>‘instinctus</span> <span class='ocrx_word' id='word_1_132' title='bbox 488 1055 617 1097; x_wconf 85' lang='lat' dir='ltr'>pergo</span> <span class='ocrx_word' id='word_1_133' title='bbox 643 1040 698 1082; x_wconf 89' lang='lat' dir='ltr'>ad</span> <span class='ocrx_word' id='word_1_134' title='bbox 718 1040 943 1082; x_wconf 85' lang='lat' dir='ltr'>delendam</span> <span class='ocrx_word' id='word_1_135' title='bbox 969 1041 1117 1082; x_wconf 88' lang='lat' dir='ltr'>urbem</span> <span class='ocrx_word' id='word_1_136' title='bbox 1140 1040 1291 1083; x_wconf 86' lang='lat' dir='ltr'>Veios:</span> <span class='ocrx_word' id='word_1_137' title='bbox 1328 1042 1489 1099; x_wconf 90' lang='lat' dir='ltr'>tibique</span> <span class='ocrx_word' id='word_1_138' title='bbox 1518 1044 1618 1087; x_wconf 90' lang='lat' dir='ltr'>hinc</span> 
     </span>
     <span class='ocr_line' id='line_1_18' title="bbox 220 1097 1617 1158; baseline 0.004 -20"><span class='ocrx_word' id='word_1_139' title='bbox 220 1102 232 1121; x_wconf 92' lang='lat'>‘</span> <span class='ocrx_word' id='word_1_140' title='bbox 246 1097 454 1139; x_wconf 88' lang='lat' dir='ltr'>decimam</span> <span class='ocrx_word' id='word_1_141' title='bbox 469 1107 631 1154; x_wconf 86' lang='lat' dir='ltr'>partem</span> <span class='ocrx_word' id='word_1_142' title='bbox 654 1098 832 1154; x_wconf 85' lang='lat' dir='ltr'>praedae</span> <span class='ocrx_word' id='word_1_143' title='bbox 855 1113 996 1139; x_wconf 86' lang='lat' dir='ltr'>voveo.</span> <span class='ocrx_word' id='word_1_144' title='bbox 1061 1098 1125 1139; x_wconf 92' lang='lat' dir='ltr'>Te</span> <span class='ocrx_word' id='word_1_145' title='bbox 1147 1099 1284 1149; x_wconf 86' lang='lat' dir='ltr'>simul,</span> <span class='ocrx_word' id='word_1_146' title='bbox 1304 1098 1413 1141; x_wconf 91' lang='lat' dir='ltr'>Iuno</span> <span class='ocrx_word' id='word_1_147' title='bbox 1438 1101 1617 1158; x_wconf 86' lang='lat' dir='ltr'>Regina,</span> 
     </span>
     <span class='ocr_line' id='line_1_19' title="bbox 217 1155 1617 1212; baseline 0.004 -16"><span class='ocrx_word' id='word_1_148' title='bbox 217 1160 230 1178; x_wconf 86' lang='lat'>‘</span> <span class='ocrx_word' id='word_1_149' title='bbox 243 1170 352 1211; x_wconf 83' lang='lat' dir='ltr'>quae</span> <span class='ocrx_word' id='word_1_150' title='bbox 374 1170 488 1196; x_wconf 91' lang='lat' dir='ltr'>nunc</span> <span class='ocrx_word' id='word_1_151' title='bbox 511 1156 643 1197; x_wconf 89' lang='lat' dir='ltr'>Veios</span> <span class='ocrx_word' id='word_1_152' title='bbox 664 1155 778 1205; x_wconf 86' lang='lat' dir='ltr'>colis,</span> <span class='ocrx_word' id='word_1_153' title='bbox 800 1170 960 1212; x_wconf 87' lang='lat' dir='ltr'>precor,</span> <span class='ocrx_word' id='word_1_154' title='bbox 984 1163 1031 1196; x_wconf 90' lang='lat' dir='ltr'>ut</span> <span class='ocrx_word' id='word_1_155' title='bbox 1058 1171 1133 1196; x_wconf 90' lang='lat' dir='ltr'>nos</span> <span class='ocrx_word' id='word_1_156' title='bbox 1154 1156 1331 1198; x_wconf 88' lang='lat' dir='ltr'>victores</span> <span class='ocrx_word' id='word_1_157' title='bbox 1353 1157 1397 1198; x_wconf 91' lang='lat' dir='ltr'>in</span> <span class='ocrx_word' id='word_1_158' title='bbox 1419 1168 1617 1211; x_wconf 80' lang='lat' dir='ltr'>nostram,</span> 
     </span>
     <span class='ocr_line' id='line_1_20' title="bbox 218 1213 1618 1272; baseline 0.004 -19"><span class='ocrx_word' id='word_1_159' title='bbox 218 1218 444 1269; x_wconf 91' lang='lat' dir='ltr'>‘tuamque</span> <span class='ocrx_word' id='word_1_160' title='bbox 475 1228 575 1254; x_wconf 84' lang='lat' dir='ltr'>mox</span> <span class='ocrx_word' id='word_1_161' title='bbox 606 1213 802 1262; x_wconf 88' lang='lat' dir='ltr'>futuram,</span> <span class='ocrx_word' id='word_1_162' title='bbox 835 1214 981 1254; x_wconf 87' lang='lat' dir='ltr'>urbem</span> <span class='ocrx_word' id='word_1_163' title='bbox 1016 1228 1214 1268; x_wconf 88' lang='lat' dir='ltr'>sequare:</span> <span class='ocrx_word' id='word_1_164' title='bbox 1259 1215 1331 1255; x_wconf 87' lang='lat' dir='ltr'>ubi</span> <span class='ocrx_word' id='word_1_165' title='bbox 1363 1224 1403 1256; x_wconf 90' lang='lat' dir='ltr'>te</span> <span class='ocrx_word' id='word_1_166' title='bbox 1440 1216 1618 1272; x_wconf 86' lang='lat' dir='ltr'>dignum</span> 
     </span>
     <span class='ocr_line' id='line_1_21' title="bbox 217 1269 1619 1331; baseline 0.004 -21"><span class='ocrx_word' id='word_1_167' title='bbox 217 1270 522 1326; x_wconf 88' lang='lat' dir='ltr'>‘amplitudine</span> <span class='ocrx_word' id='word_1_168' title='bbox 546 1280 618 1311; x_wconf 88' lang='lat' dir='ltr'>tua</span> <span class='ocrx_word' id='word_1_169' title='bbox 639 1270 843 1326; x_wconf 89' lang='lat' dir='ltr'>templum</span> <span class='ocrx_word' id='word_1_170' title='bbox 866 1270 1068 1326; x_wconf 79' lang='lat' dir='ltr'>accipiat.’</span> <span class='ocrx_word' id='word_1_171' title='bbox 1110 1269 1230 1312; x_wconf 88' lang='lat' dir='ltr'>Haec</span> <span class='ocrx_word' id='word_1_172' title='bbox 1253 1281 1457 1327; x_wconf 79' lang='lat' dir='ltr'>precatuS,</span> <span class='ocrx_word' id='word_1_173' title='bbox 1473 1289 1619 1331; x_wconf 85' lang='lat' dir='ltr'>super-</span> 
     </span>
     <span class='ocr_line' id='line_1_22' title="bbox 215 1327 1617 1388; baseline 0.004 -20"><span class='ocrx_word' id='word_1_174' title='bbox 215 1336 313 1369; x_wconf 85' lang='lat' dir='ltr'>ante</span> <span class='ocrx_word' id='word_1_175' title='bbox 343 1327 628 1377; x_wconf 89' lang='lat' dir='ltr'>multitudine,</span> <span class='ocrx_word' id='word_1_176' title='bbox 651 1329 702 1369; x_wconf 89' lang='lat' dir='ltr'>ab</span> <span class='ocrx_word' id='word_1_177' title='bbox 724 1328 918 1369; x_wconf 88' lang='lat' dir='ltr'>omnibus</span> <span class='ocrx_word' id='word_1_178' title='bbox 946 1327 1048 1369; x_wconf 90' lang='lat' dir='ltr'>locis</span> <span class='ocrx_word' id='word_1_179' title='bbox 1077 1329 1222 1369; x_wconf 89' lang='lat' dir='ltr'>urbem</span> <span class='ocrx_word' id='word_1_180' title='bbox 1253 1330 1508 1385; x_wconf 81' lang='lat' dir='ltr'>aggreditur,</span> <span class='ocrx_word' id='word_1_181' title='bbox 1532 1348 1617 1388; x_wconf 89' lang='lat' dir='ltr'>quo</span> 
     </span>
     <span class='ocr_line' id='line_1_23' title="bbox 215 1385 1615 1441; baseline 0.004 -16"><span class='ocrx_word' id='word_1_182' title='bbox 215 1385 353 1426; x_wconf 90' lang='lat' dir='ltr'>minor</span> <span class='ocrx_word' id='word_1_183' title='bbox 366 1386 417 1426; x_wconf 88' lang='lat' dir='ltr'>ab</span> <span class='ocrx_word' id='word_1_184' title='bbox 431 1385 628 1426; x_wconf 88' lang='lat' dir='ltr'>cuniculo</span> <span class='ocrx_word' id='word_1_185' title='bbox 643 1386 877 1441; x_wconf 85' lang='lat' dir='ltr'>ingruentis</span> <span class='ocrx_word' id='word_1_186' title='bbox 891 1385 1064 1441; x_wconf 83' lang='lat' dir='ltr'>periculi</span> <span class='ocrx_word' id='word_1_187' title='bbox 1080 1400 1225 1426; x_wconf 86' lang='lat' dir='ltr'>sensus</span> <span class='ocrx_word' id='word_1_188' title='bbox 1238 1396 1357 1427; x_wconf 88' lang='lat' dir='ltr'>esset.</span> <span class='ocrx_word' id='word_1_189' title='bbox 1398 1387 1615 1440; x_wconf 90' lang='lat' dir='ltr'>Veientes,</span> 
     </span>
     <span class='ocr_line' id='line_1_24' title="bbox 215 1443 1617 1502; baseline 0.004 -19"><span class='ocrx_word' id='word_1_190' title='bbox 215 1443 348 1497; x_wconf 83' lang='lat' dir='ltr'>ignari</span> <span class='ocrx_word' id='word_1_191' title='bbox 370 1458 412 1484; x_wconf 90' lang='lat' dir='ltr'>se</span> <span class='ocrx_word' id='word_1_192' title='bbox 435 1443 515 1484; x_wconf 87' lang='lat' dir='ltr'>iam</span> <span class='ocrx_word' id='word_1_193' title='bbox 546 1443 597 1484; x_wconf 87' lang='lat' dir='ltr'>ab</span> <span class='ocrx_word' id='word_1_194' title='bbox 618 1443 703 1483; x_wconf 89' lang='lat' dir='ltr'>suis</span> <span class='ocrx_word' id='word_1_195' title='bbox 723 1443 899 1491; x_wconf 79' lang='lat' dir='ltr'>vatibus,</span> <span class='ocrx_word' id='word_1_196' title='bbox 924 1443 1006 1482; x_wconf 86' lang='lat' dir='ltr'>iam</span> <span class='ocrx_word' id='word_1_197' title='bbox 1028 1443 1079 1483; x_wconf 86' lang='lat' dir='ltr'>ab</span> <span class='ocrx_word' id='word_1_198' title='bbox 1109 1443 1296 1484; x_wconf 85' lang='lat' dir='ltr'>externis</span> <span class='ocrx_word' id='word_1_199' title='bbox 1317 1444 1496 1486; x_wconf 89' lang='lat' dir='ltr'>oraculis</span> <span class='ocrx_word' id='word_1_200' title='bbox 1521 1461 1617 1502; x_wconf 92' lang='lat' dir='ltr'>pro-</span> 
     </span>
     <span class='ocr_line' id='line_1_25' title="bbox 182 1493 1616 1564; baseline 0.004 -24"><span class='ocrx_word' id='word_1_201' title='bbox 182 1493 336 1564; x_wconf 64' lang='lat' dir='ltr'>}dstos,</span> <span class='ocrx_word' id='word_1_202' title='bbox 359 1501 441 1541; x_wconf 86' lang='lat' dir='ltr'>iam</span> <span class='ocrx_word' id='word_1_203' title='bbox 463 1500 506 1540; x_wconf 90' lang='lat' dir='ltr'>in</span> <span class='ocrx_word' id='word_1_204' title='bbox 529 1509 689 1556; x_wconf 89' lang='lat' dir='ltr'>partem</span> <span class='ocrx_word' id='word_1_205' title='bbox 712 1499 893 1556; x_wconf 88' lang='lat' dir='ltr'>praedae</span> <span class='ocrx_word' id='word_1_206' title='bbox 922 1514 1020 1540; x_wconf 87' lang='lat' dir='ltr'>suae</span> <span class='ocrx_word' id='word_1_207' title='bbox 1042 1509 1209 1541; x_wconf 88' lang='lat' dir='ltr'>vocatos</span> <span class='ocrx_word' id='word_1_208' title='bbox 1235 1500 1350 1550; x_wconf 89' lang='lat' dir='ltr'>deos,</span> <span class='ocrx_word' id='word_1_209' title='bbox 1373 1501 1486 1552; x_wconf 90' lang='lat' dir='ltr'>alios,</span> <span class='ocrx_word' id='word_1_210' title='bbox 1509 1505 1616 1546; x_wconf 73' lang='lat' dir='ltr'>votis</span> 
     </span>
     <span class='ocr_line' id='line_1_26' title="bbox 212 1556 1616 1618; baseline 0.004 -20"><span class='ocrx_word' id='word_1_211' title='bbox 212 1572 266 1598; x_wconf 89' lang='lat' dir='ltr'>ex</span> <span class='ocrx_word' id='word_1_212' title='bbox 284 1557 386 1599; x_wconf 88' lang='lat' dir='ltr'>urbe</span> <span class='ocrx_word' id='word_1_213' title='bbox 415 1573 490 1598; x_wconf 88' lang='lat' dir='ltr'>sua</span> <span class='ocrx_word' id='word_1_214' title='bbox 517 1566 721 1607; x_wconf 88' lang='lat' dir='ltr'>evocatos,</span> <span class='ocrx_word' id='word_1_215' title='bbox 744 1557 928 1597; x_wconf 88' lang='lat' dir='ltr'>hostium</span> <span class='ocrx_word' id='word_1_216' title='bbox 958 1556 1115 1613; x_wconf 87' lang='lat' dir='ltr'>templa</span> <span class='ocrx_word' id='word_1_217' title='bbox 1135 1572 1348 1614; x_wconf 82' lang='lat' dir='ltr'>novasque</span> <span class='ocrx_word' id='word_1_218' title='bbox 1371 1559 1492 1601; x_wconf 86' lang='lat' dir='ltr'>sedes</span> <span class='ocrx_word' id='word_1_219' title='bbox 1523 1577 1616 1618; x_wconf 86' lang='lat' dir='ltr'>spe—</span> 
     </span>
     <span class='ocr_line' id='line_1_27' title="bbox 211 1614 1614 1670; baseline 0.004 -15"><span class='ocrx_word' id='word_1_220' title='bbox 211 1623 338 1664; x_wconf 85' lang='lat' dir='ltr'>ctare,</span> <span class='ocrx_word' id='word_1_221' title='bbox 348 1630 477 1670; x_wconf 85' lang='lat' dir='ltr'>seque</span> <span class='ocrx_word' id='word_1_222' title='bbox 491 1614 687 1655; x_wconf 89' lang='lat' dir='ltr'>ultimum</span> <span class='ocrx_word' id='word_1_223' title='bbox 702 1614 944 1655; x_wconf 87' lang='lat' dir='ltr'>illumdiem</span> <span class='ocrx_word' id='word_1_224' title='bbox 959 1629 1100 1670; x_wconf 80' lang='lat' dir='ltr'>agere3</span> <span class='ocrx_word' id='word_1_225' title='bbox 1129 1614 1235 1655; x_wconf 88' lang='lat' dir='ltr'>nihil</span> <span class='ocrx_word' id='word_1_226' title='bbox 1251 1616 1389 1657; x_wconf 85' lang='lat' dir='ltr'>minus</span> <span class='ocrx_word' id='word_1_227' title='bbox 1405 1617 1614 1670; x_wconf 89' lang='lat' dir='ltr'>timentes,</span> 
     </span>
     <span class='ocr_line' id='line_1_28' title="bbox 209 1671 1614 1729; baseline 0.004 -17"><span class='ocrx_word' id='word_1_228' title='bbox 209 1686 336 1727; x_wconf 91' lang='lat' dir='ltr'>quam</span> <span class='ocrx_word' id='word_1_229' title='bbox 351 1672 534 1713; x_wconf 87' lang='lat' dir='ltr'>subrutis</span> <span class='ocrx_word' id='word_1_230' title='bbox 547 1671 744 1713; x_wconf 90' lang='lat' dir='ltr'>cuniculo</span> <span class='ocrx_word' id='word_1_231' title='bbox 758 1672 980 1713; x_wconf 88' lang='lat' dir='ltr'>moenibus</span> <span class='ocrx_word' id='word_1_232' title='bbox 993 1687 1130 1713; x_wconf 89' lang='lat' dir='ltr'>arcem</span> <span class='ocrx_word' id='word_1_233' title='bbox 1146 1672 1228 1713; x_wconf 87' lang='lat' dir='ltr'>iam</span> <span class='ocrx_word' id='word_1_234' title='bbox 1245 1673 1414 1729; x_wconf 90' lang='lat' dir='ltr'>plenam</span> <span class='ocrx_word' id='word_1_235' title='bbox 1429 1675 1614 1718; x_wconf 86' lang='lat' dir='ltr'>hostium</span> 
     </span>
     <span class='ocr_line' id='line_1_29' title="bbox 209 1729 1614 1785; baseline 0.005 -16"><span class='ocrx_word' id='word_1_236' title='bbox 209 1743 312 1778; x_wconf 85' lang='lat' dir='ltr'>csse,</span> <span class='ocrx_word' id='word_1_237' title='bbox 335 1729 380 1769; x_wconf 90' lang='lat' dir='ltr'>in</span> <span class='ocrx_word' id='word_1_238' title='bbox 405 1744 547 1770; x_wconf 87' lang='lat' dir='ltr'>muros</span> <span class='ocrx_word' id='word_1_239' title='bbox 568 1744 643 1785; x_wconf 90' lang='lat' dir='ltr'>pro</span> <span class='ocrx_word' id='word_1_240' title='bbox 672 1744 715 1770; x_wconf 89' lang='lat' dir='ltr'>se</span> <span class='ocrx_word' id='word_1_241' title='bbox 737 1729 917 1785; x_wconf 86' lang='lat' dir='ltr'>quisquc</span> <span class='ocrx_word' id='word_1_242' title='bbox 939 1729 1087 1770; x_wconf 88' lang='lat' dir='ltr'>armati</span> <span class='ocrx_word' id='word_1_243' title='bbox 1113 1729 1379 1780; x_wconf 83' lang='lat' dir='ltr'>discurrunt3</span> <span class='ocrx_word' id='word_1_244' title='bbox 1414 1733 1614 1776; x_wconf 85' lang='lat' dir='ltr'>mirantes</span> 
     </span>
     <span class='ocr_line' id='line_1_30' title="bbox 209 1786 1614 1843; baseline 0.005 -16"><span class='ocrx_word' id='word_1_245' title='bbox 209 1786 412 1842; x_wconf 87' lang='lat' dir='ltr'>quidnam</span> <span class='ocrx_word' id='word_1_246' title='bbox 441 1787 486 1828; x_wconf 92' lang='lat' dir='ltr'>id</span> <span class='ocrx_word' id='word_1_247' title='bbox 519 1796 638 1836; x_wconf 86' lang='lat' dir='ltr'>essct,</span> <span class='ocrx_word' id='word_1_248' title='bbox 672 1787 800 1843; x_wconf 89' lang='lat' dir='ltr'>quod,</span> <span class='ocrx_word' id='word_1_249' title='bbox 834 1802 966 1843; x_wconf 89' lang='lat' dir='ltr'>quum</span> <span class='ocrx_word' id='word_1_250' title='bbox 1000 1795 1060 1828; x_wconf 89' lang='lat' dir='ltr'>tot</span> <span class='ocrx_word' id='word_1_251' title='bbox 1094 1802 1169 1843; x_wconf 90' lang='lat' dir='ltr'>per</span> <span class='ocrx_word' id='word_1_252' title='bbox 1202 1787 1292 1829; x_wconf 89' lang='lat' dir='ltr'>dies</span> <span class='ocrx_word' id='word_1_253' title='bbox 1325 1804 1451 1831; x_wconf 91' lang='lat' dir='ltr'>nemo</span> <span class='ocrx_word' id='word_1_254' title='bbox 1482 1807 1524 1832; x_wconf 88' lang='lat' dir='ltr'>se</span> <span class='ocrx_word' id='word_1_255' title='bbox 1562 1794 1614 1834; x_wconf 87' lang='lat' dir='ltr'>ab</span> 
     </span>
     <span class='ocr_line' id='line_1_31' title="bbox 209 1844 1613 1903; baseline 0.006 -19"><span class='ocrx_word' id='word_1_256' title='bbox 209 1844 458 1885; x_wconf 88' lang='lat' dir='ltr'>stationibus</span> <span class='ocrx_word' id='word_1_257' title='bbox 494 1844 698 1885; x_wconf 87' lang='lat' dir='ltr'>Romanis</span> <span class='ocrx_word' id='word_1_258' title='bbox 739 1844 948 1894; x_wconf 87' lang='lat' dir='ltr'>movisset,</span> <span class='ocrx_word' id='word_1_259' title='bbox 985 1853 1088 1894; x_wconf 89' lang='lat' dir='ltr'>tum,</span> <span class='ocrx_word' id='word_1_260' title='bbox 1126 1845 1241 1886; x_wconf 78' lang='lat' dir='ltr'>velut</span> <span class='ocrx_word' id='word_1_261' title='bbox 1277 1848 1501 1903; x_wconf 89' lang='lat' dir='ltr'>repentino</span> <span class='ocrx_word' id='word_1_262' title='bbox 1541 1850 1613 1892; x_wconf 90' lang='lat' dir='ltr'>icti</span> 
     </span>
     <span class='ocr_line' id='line_1_32' title="bbox 207 1901 1613 1958; baseline 0.005 -16"><span class='ocrx_word' id='word_1_263' title='bbox 207 1901 360 1951; x_wconf 82' lang='lat' dir='ltr'>furore,</span> <span class='ocrx_word' id='word_1_264' title='bbox 384 1902 608 1958; x_wconf 79' lang='lat' dir='ltr'>improvidi</span> <span class='ocrx_word' id='word_1_265' title='bbox 632 1911 848 1943; x_wconf 86' lang='lat' dir='ltr'>currerent</span> <span class='ocrx_word' id='word_1_266' title='bbox 869 1902 921 1943; x_wconf 88' lang='lat' dir='ltr'>ad</span> <span class='ocrx_word' id='word_1_267' title='bbox 949 1917 1100 1943; x_wconf 88' lang='lat' dir='ltr'>muros.</span> <span class='ocrx_word' id='word_1_268' title='bbox 1166 1902 1372 1945; x_wconf 85' lang='lat' dir='ltr'>Inseritur</span> <span class='ocrx_word' id='word_1_269' title='bbox 1399 1905 1498 1948; x_wconf 88' lang='lat' dir='ltr'>huic</span> <span class='ocrx_word' id='word_1_270' title='bbox 1520 1906 1613 1950; x_wconf 91' lang='lat' dir='ltr'>loco</span> 
     </span>
     <span class='ocr_line' id='line_1_33' title="bbox 208 1958 1613 2021; baseline 0.005 -22"><span class='ocrx_word' id='word_1_271' title='bbox 208 1958 372 2000; x_wconf 85' lang='lat' dir='ltr'>fabula:</span> <span class='ocrx_word' id='word_1_272' title='bbox 434 1959 679 2000; x_wconf 84' lang='lat' dir='ltr'>immolante</span> <span class='ocrx_word' id='word_1_273' title='bbox 732 1974 829 2013; x_wconf 79' lang='lat' dir='ltr'>rege</span> <span class='ocrx_word' id='word_1_274' title='bbox 878 1958 1139 2008; x_wconf 70' lang='lat' dir='ltr'>Veientium,</span> <span class='ocrx_word' id='word_1_275' title='bbox 1187 1976 1334 2002; x_wconf 72' lang='lat' dir='ltr'>vocem</span> <span class='ocrx_word' id='word_1_276' title='bbox 1382 1963 1613 2021; x_wconf 78' lang='lat' dir='ltr'>haruspicis</span> 
     </span>
     <span class='ocr_line' id='line_1_34' title="bbox 178 2016 1611 2072; baseline 0.005 -15"><span class='ocrx_word' id='word_1_277' title='bbox 178 2016 402 2065; x_wconf 87' lang='lat' dir='ltr'>4dicentis,</span> <span class='ocrx_word' id='word_1_278' title='bbox 437 2017 537 2072; x_wconf 87' lang='lat' dir='ltr'>‘qui</span> <span class='ocrx_word' id='word_1_279' title='bbox 569 2016 658 2056; x_wconf 86' lang='lat' dir='ltr'>eius</span> <span class='ocrx_word' id='word_1_280' title='bbox 689 2016 849 2056; x_wconf 82' lang='lat' dir='ltr'>hostiae</span> <span class='ocrx_word' id='word_1_281' title='bbox 881 2026 979 2056; x_wconf 86' lang='lat' dir='ltr'>exta</span> <span class='ocrx_word' id='word_1_282' title='bbox 1009 2017 1300 2071; x_wconf 88' lang='lat' dir='ltr'>prosecuisset,</span> <span class='ocrx_word' id='word_1_283' title='bbox 1327 2020 1365 2059; x_wconf 93' lang='lat' dir='ltr'>ci</span> <span class='ocrx_word' id='word_1_284' title='bbox 1396 2021 1611 2064; x_wconf 85' lang='lat' dir='ltr'>victoriam</span> 
     </span>
     <span class='ocr_line' id='line_1_35' title="bbox 211 2072 1610 2130; baseline 0.006 -17"><span class='ocrx_word' id='word_1_285' title='bbox 211 2080 221 2096; x_wconf 93' lang='lat'>‘</span> <span class='ocrx_word' id='word_1_286' title='bbox 238 2073 355 2121; x_wconf 83' lang='lat' dir='ltr'>dari,’</span> <span class='ocrx_word' id='word_1_287' title='bbox 371 2073 614 2114; x_wconf 81' lang='lat' dir='ltr'>exauditam</span> <span class='ocrx_word' id='word_1_288' title='bbox 638 2073 679 2112; x_wconf 92' lang='lat' dir='ltr'>in</span> <span class='ocrx_word' id='word_1_289' title='bbox 703 2072 912 2121; x_wconf 62' lang='lat' dir='ltr'>cimicum,</span> <span class='ocrx_word' id='word_1_290' title='bbox 936 2073 1111 2114; x_wconf 80' lang='lat' dir='ltr'>movisse</span> <span class='ocrx_word' id='word_1_291' title='bbox 1129 2073 1344 2116; x_wconf 86' lang='lat' dir='ltr'>Romanos</span> <span class='ocrx_word' id='word_1_292' title='bbox 1366 2077 1531 2128; x_wconf 81' lang='lat' dir='ltr'>milites,</span> <span class='ocrx_word' id='word_1_293' title='bbox 1551 2089 1610 2130; x_wconf 88' lang='lat' dir='ltr'>nt,</span> 
     </span>
     <span class='ocr_line' id='line_1_36' title="bbox 208 2130 1608 2185; baseline 0.006 -15"><span class='ocrx_word' id='word_1_294' title='bbox 208 2130 410 2185; x_wconf 80' lang='lat' dir='ltr'>adaperto</span> <span class='ocrx_word' id='word_1_295' title='bbox 432 2130 641 2179; x_wconf 85' lang='lat' dir='ltr'>cuniculo,</span> <span class='ocrx_word' id='word_1_296' title='bbox 665 2139 763 2171; x_wconf 87' lang='lat' dir='ltr'>exta</span> <span class='ocrx_word' id='word_1_297' title='bbox 794 2139 1002 2185; x_wconf 86' lang='lat' dir='ltr'>raperent,</span> <span class='ocrx_word' id='word_1_298' title='bbox 1027 2139 1069 2171; x_wconf 93' lang='lat' dir='ltr'>ct</span> <span class='ocrx_word' id='word_1_299' title='bbox 1090 2130 1142 2170; x_wconf 87' lang='lat' dir='ltr'>ad</span> <span class='ocrx_word' id='word_1_300' title='bbox 1172 2130 1419 2173; x_wconf 87' lang='lat' dir='ltr'>dictatorcm</span> <span class='ocrx_word' id='word_1_301' title='bbox 1441 2134 1608 2178; x_wconf 89' lang='lat' dir='ltr'>ferrent.</span> 
     </span>
     <span class='ocr_line' id='line_1_37' title="bbox 211 2187 1610 2250; baseline 0.005 -21"><span class='ocrx_word' id='word_1_302' title='bbox 211 2187 294 2229; x_wconf 85' lang='lat' dir='ltr'>Sed</span> <span class='ocrx_word' id='word_1_303' title='bbox 328 2188 371 2228; x_wconf 93' lang='lat' dir='ltr'>in</span> <span class='ocrx_word' id='word_1_304' title='bbox 403 2188 527 2228; x_wconf 81' lang='lat' dir='ltr'>rebus</span> <span class='ocrx_word' id='word_1_305' title='bbox 559 2197 641 2228; x_wconf 82' lang='lat' dir='ltr'>tam</span> <span class='ocrx_word' id='word_1_306' title='bbox 675 2187 873 2243; x_wconf 78' lang='lat' dir='ltr'>antiquiS,</span> <span class='ocrx_word' id='word_1_307' title='bbox 903 2188 949 2237; x_wconf 85' lang='lat' dir='ltr'>si,</span> <span class='ocrx_word' id='word_1_308' title='bbox 973 2203 1082 2243; x_wconf 82' lang='lat' dir='ltr'>quac</span> <span class='ocrx_word' id='word_1_309' title='bbox 1114 2188 1265 2229; x_wconf 87' lang='lat' dir='ltr'>similia</span> <span class='ocrx_word' id='word_1_310' title='bbox 1296 2190 1381 2231; x_wconf 82' lang='lat' dir='ltr'>veri</span> <span class='ocrx_word' id='word_1_311' title='bbox 1414 2192 1510 2243; x_wconf 86' lang='lat' dir='ltr'>sint,</span> <span class='ocrx_word' id='word_1_312' title='bbox 1533 2209 1610 2250; x_wconf 90' lang='lat' dir='ltr'>pro</span> 
     </span>
    </p>
   </div>
   <div class='ocr_carea' id='block_1_8' title="bbox 207 2337 886 2927">
    <p class='ocr_par' dir='ltr' id='par_1_9' title="bbox 207 2337 884 2461">
     <span class='ocr_line' id='line_1_38' title="bbox 256 2337 884 2376; baseline -0.002 -9"><span class='ocrx_word' id='word_1_313' title='bbox 256 2347 265 2367; x_wconf 86' lang='grc' dir='ltr'><em>ι</em></span> <span class='ocrx_word' id='word_1_314' title='bbox 294 2338 421 2376; x_wconf 67' lang='lat' dir='ltr'>Fuyere</span> <span class='ocrx_word' id='word_1_315' title='bbox 442 2337 597 2366; x_wconf 70' lang='lat' dir='ltr'>invidiam</span> <span class='ocrx_word' id='word_1_316' title='bbox 621 2348 661 2367; x_wconf 62' lang='lat' dir='ltr'>cnr</span> <span class='ocrx_word' id='word_1_317' title='bbox 680 2347 714 2366; x_wconf 74' lang='lat' dir='ltr'>eo</span> <span class='ocrx_word' id='word_1_318' title='bbox 733 2338 884 2366; x_wconf 73' lang='lat' dir='ltr'>crimina-</span> 
     </span>
     <span class='ocr_line' id='line_1_39' title="bbox 207 2379 884 2420; baseline -0.001 -11"><span class='ocrx_word' id='word_1_319' title='bbox 207 2382 285 2420; x_wconf 74' lang='lat' dir='ltr'>que]</span> <span class='ocrx_word' id='word_1_320' title='bbox 322 2380 435 2409; x_wconf 77' lang='lat' dir='ltr'>Vitare</span> <span class='ocrx_word' id='word_1_321' title='bbox 453 2380 547 2414; x_wconf 79' lang='lat' dir='ltr'>velle,</span> <span class='ocrx_word' id='word_1_322' title='bbox 564 2390 603 2409; x_wconf 87' lang='lat' dir='ltr'>ne</span> <span class='ocrx_word' id='word_1_323' title='bbox 620 2390 658 2409; x_wconf 83' lang='lat' dir='ltr'>ex</span> <span class='ocrx_word' id='word_1_324' title='bbox 676 2391 713 2409; x_wconf 81' lang='lat' dir='ltr'>eo</span> <span class='ocrx_word' id='word_1_325' title='bbox 730 2379 788 2408; x_wconf 65' lang='lat' dir='ltr'>sibi</span> <span class='ocrx_word' id='word_1_326' title='bbox 807 2379 884 2408; x_wconf 75' lang='lat' dir='ltr'>invi-</span> 
     </span>
     <span class='ocr_line' id='line_1_40' title="bbox 208 2422 884 2461; baseline 0.001 -10"><span class='ocrx_word' id='word_1_327' title='bbox 208 2422 261 2452; x_wconf 79' lang='lat' dir='ltr'>dia</span> <span class='ocrx_word' id='word_1_328' title='bbox 277 2422 581 2461; x_wconf 70' lang='lat' dir='ltr'>criminationesque</span> <span class='ocrx_word' id='word_1_329' title='bbox 599 2428 754 2452; x_wconf 79' lang='lat' dir='ltr'>creentur.</span> <span class='ocrx_word' id='word_1_330' title='bbox 780 2423 884 2452; x_wconf 49' lang='lat' dir='ltr'>(uu-zv.</span> 
     </span>
    </p>

    <p class='ocr_par' dir='ltr' id='par_1_10' title="bbox 208 2464 885 2589">
     <span class='ocr_line' id='line_1_41' title="bbox 258 2464 885 2504; baseline 0 -10"><span class='ocrx_word' id='word_1_331' title='bbox 258 2474 273 2494; x_wconf 75' lang='lat'><em>2</em></span> <span class='ocrx_word' id='word_1_332' title='bbox 306 2466 345 2495; x_wconf 83' lang='lat' dir='ltr'>ln</span> <span class='ocrx_word' id='word_1_333' title='bbox 374 2469 499 2504; x_wconf 72' lang='lat' dir='ltr'>partem</span> <span class='ocrx_word' id='word_1_334' title='bbox 530 2466 690 2503; x_wconf 75' lang='lat' dir='ltr'>prm-alne]</span> <span class='ocrx_word' id='word_1_335' title='bbox 730 2464 769 2494; x_wconf 79' lang='lat' dir='ltr'>ef.</span> <span class='ocrx_word' id='word_1_336' title='bbox 799 2464 885 2501; x_wconf 64' lang='lat' dir='ltr'>Vir-g.</span> 
     </span>
     <span class='ocr_line' id='line_1_42' title="bbox 211 2506 884 2546; baseline 0 -10"><span class='ocrx_word' id='word_1_337' title='bbox 211 2506 290 2536; x_wconf 78' lang='lat' dir='ltr'>Aen.</span> <span class='ocrx_word' id='word_1_338' title='bbox 304 2506 346 2536; x_wconf 86' lang='lat' dir='ltr'>iii.</span> <span class='ocrx_word' id='word_1_339' title='bbox 360 2516 429 2536; x_wconf 79' lang='lat'><em>222.</em></span> <span class='ocrx_word' id='word_1_340' title='bbox 447 2509 492 2537; x_wconf 63' lang='lat' dir='ltr'>la&#39;l</span> <span class='ocrx_word' id='word_1_341' title='bbox 504 2508 602 2537; x_wconf 71' lang='lat' dir='ltr'>Divos</span> <span class='ocrx_word' id='word_1_342' title='bbox 616 2508 731 2546; x_wconf 70' lang='lat' dir='ltr'>e&#39;psunu</span> <span class='ocrx_word' id='word_1_343' title='bbox 745 2518 783 2537; x_wconf 76' lang='lat' dir='ltr'>ue</span> <span class='ocrx_word' id='word_1_344' title='bbox 799 2518 884 2536; x_wconf 72' lang='lat' dir='ltr'>ruf-11-</span> 
     </span>
     <span class='ocr_line' id='line_1_43' title="bbox 208 2520 833 2589; baseline 0.002 -12"><span class='ocrx_word' id='word_1_345' title='bbox 208 2559 278 2578; x_wconf 76' lang='lat' dir='ltr'>mm</span> <span class='ocrx_word' id='word_1_346' title='bbox 295 2550 327 2578; x_wconf 80' lang='lat' dir='ltr'>in</span> <span class='ocrx_word' id='word_1_347' title='bbox 343 2554 466 2588; x_wconf 75' lang='lat' dir='ltr'>partem</span> <span class='ocrx_word' id='word_1_348' title='bbox 483 2551 700 2589; x_wconf 70' lang='lat' dir='ltr'>praedamque</span> <span class='ocrx_word' id='word_1_349' title='bbox 719 2520 833 2579; x_wconf 72' lang='lat' dir='ltr'>lor-em.</span> 
     </span>
    </p>

    <p class='ocr_par' dir='ltr' id='par_1_11' title="bbox 208 2590 886 2927">
     <span class='ocr_line' id='line_1_44' title="bbox 255 2590 882 2631; baseline 0 -10"><span class='ocrx_word' id='word_1_350' title='bbox 255 2601 271 2629; x_wconf 81' lang='grc'>3</span> <span class='ocrx_word' id='word_1_351' title='bbox 297 2593 321 2621; x_wconf 77' lang='grc' dir='ltr'><em>Α</em></span> <span class='ocrx_word' id='word_1_352' title='bbox 329 2592 386 2621; x_wconf 68' lang='lat' dir='ltr'>lios</span> <span class='ocrx_word' id='word_1_353' title='bbox 401 2590 512 2631; x_wconf 61' lang='lat' dir='ltr'>(deon)</span> <span class='ocrx_word' id='word_1_354' title='bbox 531 2593 608 2621; x_wconf 68' lang='lat' dir='ltr'>ratis</span> <span class='ocrx_word' id='word_1_355' title='bbox 625 2615 631 2621; x_wconf 93' lang='lat'>.</span> <span class='ocrx_word' id='word_1_356' title='bbox 649 2615 656 2622; x_wconf 87' lang='lat'><strong><em>.</em></strong></span> <span class='ocrx_word' id='word_1_357' title='bbox 674 2616 680 2622; x_wconf 95' lang='lat'>.</span> <span class='ocrx_word' id='word_1_358' title='bbox 699 2616 705 2622; x_wconf 93' lang='lat'>.</span> <span class='ocrx_word' id='word_1_359' title='bbox 723 2593 882 2629; x_wconf 67' lang='lat' dir='ltr'>eruentus]</span> 
     </span>
     <span class='ocr_line' id='line_1_45' title="bbox 212 2633 883 2674; baseline 0 -11"><span class='ocrx_word' id='word_1_360' title='bbox 212 2633 317 2663; x_wconf 72' lang='lat' dir='ltr'>Docet</span> <span class='ocrx_word' id='word_1_361' title='bbox 341 2634 482 2664; x_wconf 73' lang='lat' dir='ltr'>Muci-ob.</span> <span class='ocrx_word' id='word_1_362' title='bbox 507 2636 633 2663; x_wconf 69' lang='lat' dir='ltr'>Satur-n.</span> <span class='ocrx_word' id='word_1_363' title='bbox 652 2633 693 2664; x_wconf 87' lang='lat' dir='ltr'>iii.</span> <span class='ocrx_word' id='word_1_364' title='bbox 711 2645 740 2674; x_wconf 79' lang='lat' dir='ltr'>c).</span> <span class='ocrx_word' id='word_1_365' title='bbox 763 2644 883 2663; x_wconf 81' lang='lat' dir='ltr'>morem</span> 
     </span>
     <span class='ocr_line' id='line_1_46' title="bbox 211 2676 884 2714; baseline -0.001 -8"><span class='ocrx_word' id='word_1_366' title='bbox 211 2676 432 2706; x_wconf 73' lang='lat' dir='ltr'>Romanorum</span> <span class='ocrx_word' id='word_1_367' title='bbox 454 2686 607 2705; x_wconf 74' lang='lat' dir='ltr'>areanum</span> <span class='ocrx_word' id='word_1_368' title='bbox 624 2681 654 2705; x_wconf 83' lang='lat' dir='ltr'>et</span> <span class='ocrx_word' id='word_1_369' title='bbox 674 2676 784 2705; x_wconf 58' lang='lat' dir='ltr'>multia</span> <span class='ocrx_word' id='word_1_370' title='bbox 800 2676 884 2714; x_wconf 73' lang='lat' dir='ltr'>igno-</span> 
     </span>
     <span class='ocr_line' id='line_1_47' title="bbox 209 2718 884 2757; baseline -0.001 -9"><span class='ocrx_word' id='word_1_371' title='bbox 209 2723 276 2748; x_wconf 80' lang='lat' dir='ltr'>tum</span> <span class='ocrx_word' id='word_1_372' title='bbox 306 2719 413 2754; x_wconf 65' lang='lat' dir='ltr'>fuisse,</span> <span class='ocrx_word' id='word_1_373' title='bbox 438 2723 484 2754; x_wconf 79' lang='lat' dir='ltr'>ut,</span> <span class='ocrx_word' id='word_1_374' title='bbox 507 2728 606 2757; x_wconf 83' lang='lat' dir='ltr'>quum</span> <span class='ocrx_word' id='word_1_375' title='bbox 631 2718 811 2748; x_wconf 66' lang='lat' dir='ltr'>obsiderent</span> <span class='ocrx_word' id='word_1_376' title='bbox 838 2728 884 2747; x_wconf 86' lang='lat' dir='ltr'>ur-</span> 
     </span>
     <span class='ocr_line' id='line_1_48' title="bbox 209 2759 886 2799; baseline 0 -9"><span class='ocrx_word' id='word_1_377' title='bbox 209 2761 280 2791; x_wconf 85' lang='lat' dir='ltr'>bem</span> <span class='ocrx_word' id='word_1_378' title='bbox 301 2760 452 2795; x_wconf 59' lang='lat' dir='ltr'>hostium,</span> <span class='ocrx_word' id='word_1_379' title='bbox 468 2771 606 2799; x_wconf 79' lang='lat' dir='ltr'>eumque</span> <span class='ocrx_word' id='word_1_380' title='bbox 625 2759 687 2790; x_wconf 79' lang='lat' dir='ltr'>inin</span> <span class='ocrx_word' id='word_1_381' title='bbox 705 2760 776 2799; x_wconf 79' lang='lat' dir='ltr'>eupi</span> <span class='ocrx_word' id='word_1_382' title='bbox 796 2770 886 2799; x_wconf 63' lang='lat' dir='ltr'>poem·</span> 
     </span>
     <span class='ocr_line' id='line_1_49' title="bbox 208 2802 884 2838; baseline -0.001 -5"><span class='ocrx_word' id='word_1_383' title='bbox 208 2804 420 2838; x_wconf 72' lang='lat' dir='ltr'>confiderent,</span> <span class='ocrx_word' id='word_1_384' title='bbox 439 2808 526 2833; x_wconf 79' lang='lat' dir='ltr'>certo</span> <span class='ocrx_word' id='word_1_385' title='bbox 549 2802 691 2832; x_wconf 74' lang='lat' dir='ltr'>carmine</span> <span class='ocrx_word' id='word_1_386' title='bbox 714 2808 884 2832; x_wconf 67' lang='lat' dir='ltr'>evocarent</span> 
     </span>
     <span class='ocr_line' id='line_1_50' title="bbox 208 2845 883 2884; baseline -0.001 -8"><span class='ocrx_word' id='word_1_387' title='bbox 208 2847 361 2876; x_wconf 61' lang='lat' dir='ltr'>tutelares</span> <span class='ocrx_word' id='word_1_388' title='bbox 388 2846 485 2876; x_wconf 65' lang='lat' dir='ltr'>dmm:</span> <span class='ocrx_word' id='word_1_389' title='bbox 520 2846 605 2884; x_wconf 79' lang='lat' dir='ltr'>quod</span> <span class='ocrx_word' id='word_1_390' title='bbox 633 2850 688 2875; x_wconf 72' lang='lat' dir='ltr'>aut</span> <span class='ocrx_word' id='word_1_391' title='bbox 716 2845 810 2875; x_wconf 71' lang='lat' dir='ltr'>aliter</span> <span class='ocrx_word' id='word_1_392' title='bbox 837 2856 883 2875; x_wconf 83' lang='lat' dir='ltr'>ur-</span> 
     </span>
     <span class='ocr_line' id='line_1_51' title="bbox 210 2888 885 2927; baseline 0.003 -11"><span class='ocrx_word' id='word_1_393' title='bbox 210 2890 279 2918; x_wconf 74' lang='lat' dir='ltr'>bem</span> <span class='ocrx_word' id='word_1_394' title='bbox 310 2888 380 2927; x_wconf 72' lang='lat' dir='ltr'>capi</span> <span class='ocrx_word' id='word_1_395' title='bbox 410 2899 499 2927; x_wconf 56' lang='lat' dir='ltr'>posse</span> <span class='ocrx_word' id='word_1_396' title='bbox 527 2898 588 2918; x_wconf 91' lang='lat' dir='ltr'>non</span> <span class='ocrx_word' id='word_1_397' title='bbox 614 2888 792 2922; x_wconf 75' lang='lat' dir='ltr'>crederent,</span> <span class='ocrx_word' id='word_1_398' title='bbox 818 2893 885 2919; x_wconf 70' lang='lat' dir='ltr'>aut.</span> 
     </span>
    </p>
   </div>
   <div class='ocr_carea' id='block_1_9' title="bbox 930 2337 1609 2920">
    <p class='ocr_par' dir='ltr' id='par_1_12' title="bbox 930 2337 1609 2920">
     <span class='ocr_line' id='line_1_52' title="bbox 931 2337 1608 2376; baseline 0.015 -10"><span class='ocrx_word' id='word_1_399' title='bbox 931 2337 954 2366; x_wconf 77' lang='lat' dir='ltr'>si</span> <span class='ocrx_word' id='word_1_400' title='bbox 982 2342 1098 2376; x_wconf 63' lang='lat' dir='ltr'>posset,</span> <span class='ocrx_word' id='word_1_401' title='bbox 1117 2338 1205 2368; x_wconf 70' lang='lat' dir='ltr'>nefus</span> <span class='ocrx_word' id='word_1_402' title='bbox 1228 2339 1435 2372; x_wconf 51' lang='lat' dir='ltr'>aestimarent</span> <span class='ocrx_word' id='word_1_403' title='bbox 1455 2343 1532 2373; x_wconf 71' lang='lat' dir='ltr'>deos</span> <span class='ocrx_word' id='word_1_404' title='bbox 1555 2345 1608 2376; x_wconf 81' lang='lat' dir='ltr'>hn-</span> 
     </span>
     <span class='ocr_line' id='line_1_53' title="bbox 931 2381 1607 2419; baseline 0.016 -11"><span class='ocrx_word' id='word_1_405' title='bbox 931 2381 1004 2409; x_wconf 86' lang='lat' dir='ltr'>bere</span> <span class='ocrx_word' id='word_1_406' title='bbox 1043 2381 1196 2419; x_wconf 62' lang='lat' dir='ltr'>captivos.</span> <span class='ocrx_word' id='word_1_407' title='bbox 1263 2383 1462 2415; x_wconf 71' lang='lat' dir='ltr'>Numinibus</span> <span class='ocrx_word' id='word_1_408' title='bbox 1499 2393 1607 2419; x_wconf 83' lang='lat' dir='ltr'>nutem</span> 
     </span>
     <span class='ocr_line' id='line_1_54' title="bbox 931 2423 1608 2465; baseline 0.015 -14"><span class='ocrx_word' id='word_1_409' title='bbox 931 2423 1082 2458; x_wconf 54' lang='lat' dir='ltr'>emenus,</span> <span class='ocrx_word' id='word_1_410' title='bbox 1106 2424 1196 2453; x_wconf 70' lang='lat' dir='ltr'>urbes</span> <span class='ocrx_word' id='word_1_411' title='bbox 1220 2425 1443 2465; x_wconf 59' lang='lat' dir='ltr'>exeri-itusque</span> <span class='ocrx_word' id='word_1_412' title='bbox 1467 2428 1608 2461; x_wconf 70' lang='lat' dir='ltr'>hostium</span> 
     </span>
     <span class='ocr_line' id='line_1_55' title="bbox 931 2465 1609 2508; baseline 0.016 -16"><span class='ocrx_word' id='word_1_413' title='bbox 931 2465 1141 2495; x_wconf 73' lang='lat' dir='ltr'>devovebant.</span> <span class='ocrx_word' id='word_1_414' title='bbox 1191 2466 1373 2506; x_wconf 58' lang='lat' dir='ltr'>Utrumque</span> <span class='ocrx_word' id='word_1_415' title='bbox 1389 2480 1530 2508; x_wconf 77' lang='lat' dir='ltr'>cannen,</span> <span class='ocrx_word' id='word_1_416' title='bbox 1542 2473 1609 2504; x_wconf 66' lang='lat' dir='ltr'>sive</span> 
     </span>
     <span class='ocr_line' id='line_1_56' title="bbox 930 2507 1607 2545; baseline 0.012 -8"><span class='ocrx_word' id='word_1_417' title='bbox 930 2507 1102 2537; x_wconf 69' lang='lat' dir='ltr'>evocandi-⁴</span> <span class='ocrx_word' id='word_1_418' title='bbox 1123 2508 1194 2545; x_wconf 61' lang='lat' dir='ltr'>«liis,</span> <span class='ocrx_word' id='word_1_419' title='bbox 1215 2509 1255 2539; x_wconf 74' lang='lat' dir='ltr'>six</span> <span class='ocrx_word' id='word_1_420' title='bbox 1265 2522 1281 2539; x_wconf 93' lang='lat' dir='ltr'>e</span> <span class='ocrx_word' id='word_1_421' title='bbox 1305 2511 1502 2543; x_wconf 61' lang='lat' dir='ltr'>devorendis</span> <span class='ocrx_word' id='word_1_422' title='bbox 1525 2515 1607 2545; x_wconf 84' lang='lat' dir='ltr'>urbi-</span> 
     </span>
     <span class='ocr_line' id='line_1_57' title="bbox 932 2550 1607 2591; baseline 0.015 -13"><span class='ocrx_word' id='word_1_423' title='bbox 932 2550 990 2579; x_wconf 64' lang='lat' dir='ltr'>bus</span> <span class='ocrx_word' id='word_1_424' title='bbox 1020 2551 1279 2590; x_wconf 70' lang='lat' dir='ltr'>exercitibusque</span> <span class='ocrx_word' id='word_1_425' title='bbox 1308 2553 1460 2591; x_wconf 62' lang='lat' dir='ltr'>hostium,</span> <span class='ocrx_word' id='word_1_426' title='bbox 1488 2556 1607 2588; x_wconf 84' lang='lat' dir='ltr'>ibidem</span> 
     </span>
     <span class='ocr_line' id='line_1_58' title="bbox 931 2592 1607 2632; baseline 0.013 -11"><span class='ocrx_word' id='word_1_427' title='bbox 931 2592 1102 2623; x_wconf 72' lang='lat' dir='ltr'>recitatur:</span> <span class='ocrx_word' id='word_1_428' title='bbox 1135 2599 1232 2632; x_wconf 76' lang='lat' dir='ltr'>utque</span> <span class='ocrx_word' id='word_1_429' title='bbox 1261 2596 1334 2624; x_wconf 69' lang='lat' dir='ltr'>urbs</span> <span class='ocrx_word' id='word_1_430' title='bbox 1364 2597 1436 2627; x_wconf 74' lang='lat' dir='ltr'>Veii</span> <span class='ocrx_word' id='word_1_431' title='bbox 1465 2600 1607 2630; x_wconf 80' lang='lat' dir='ltr'>nomina-</span> 
     </span>
     <span class='ocr_line' id='line_1_59' title="bbox 931 2634 1606 2673; baseline 0.015 -10"><span class='ocrx_word' id='word_1_432' title='bbox 931 2635 987 2664; x_wconf 78' lang='lat' dir='ltr'>tim</span> <span class='ocrx_word' id='word_1_433' title='bbox 1016 2634 1074 2663; x_wconf 78' lang='lat' dir='ltr'>boe</span> <span class='ocrx_word' id='word_1_434' title='bbox 1100 2635 1160 2665; x_wconf 75' lang='lat' dir='ltr'>ritu</span> <span class='ocrx_word' id='word_1_435' title='bbox 1186 2637 1302 2667; x_wconf 69' lang='lat' dir='ltr'>demta</span> <span class='ocrx_word' id='word_1_436' title='bbox 1327 2638 1424 2669; x_wconf 72' lang='lat' dir='ltr'>fuisse</span> <span class='ocrx_word' id='word_1_437' title='bbox 1453 2651 1606 2673; x_wconf 77' lang='lat' dir='ltr'>memora-</span> 
     </span>
     <span class='ocr_line' id='line_1_60' title="bbox 931 2679 1592 2716; baseline 0.017 -11"><span class='ocrx_word' id='word_1_438' title='bbox 931 2681 991 2706; x_wconf 82' lang='lat' dir='ltr'>tur.</span> <span class='ocrx_word' id='word_1_439' title='bbox 1017 2679 1122 2708; x_wconf 54' lang='lat' dir='ltr'>(Hem.</span> <span class='ocrx_word' id='word_1_440' title='bbox 1155 2679 1193 2708; x_wconf 76' lang='lat' dir='ltr'>cs.</span> <span class='ocrx_word' id='word_1_441' title='bbox 1217 2679 1417 2712; x_wconf 76' lang='lat' dir='ltr'>1‘1in.11.N.</span> <span class='ocrx_word' id='word_1_442' title='bbox 1436 2684 1546 2715; x_wconf 76' lang='lat' dir='ltr'>xxviii.</span> <span class='ocrx_word' id='word_1_443' title='bbox 1565 2695 1592 2716; x_wconf 81' lang='lat'>2.</span> 
     </span>
     <span class='ocr_line' id='line_1_61' title="bbox 975 2721 1608 2763; baseline 0.017 -15"><span class='ocrx_word' id='word_1_444' title='bbox 975 2731 991 2757; x_wconf 70' lang='lat'>⁴</span> <span class='ocrx_word' id='word_1_445' title='bbox 1020 2721 1253 2759; x_wconf 61' lang='lat' dir='ltr'>l&#39;rasecm&#39;sxez]</span> <span class='ocrx_word' id='word_1_446' title='bbox 1297 2722 1466 2763; x_wconf 79' lang='lat' dir='ltr'>Proprium</span> <span class='ocrx_word' id='word_1_447' title='bbox 1491 2726 1523 2757; x_wconf 92' lang='lat' dir='ltr'>in</span> <span class='ocrx_word' id='word_1_448' title='bbox 1548 2727 1608 2759; x_wconf 80' lang='lat' dir='ltr'>hac</span> 
     </span>
     <span class='ocr_line' id='line_1_62' title="bbox 932 2762 1607 2808; baseline 0.018 -18"><span class='ocrx_word' id='word_1_449' title='bbox 932 2771 964 2790; x_wconf 86' lang='lat' dir='ltr'>re</span> <span class='ocrx_word' id='word_1_450' title='bbox 992 2762 1122 2792; x_wconf 65' lang='lat' dir='ltr'>verbum</span> <span class='ocrx_word' id='word_1_451' title='bbox 1151 2774 1219 2794; x_wconf 67' lang='lat' dir='ltr'>esse</span> <span class='ocrx_word' id='word_1_452' title='bbox 1247 2772 1379 2797; x_wconf 81' lang='lat' dir='ltr'>monent</span> <span class='ocrx_word' id='word_1_453' title='bbox 1407 2768 1607 2808; x_wconf 69' lang='lat' dir='ltr'>interpretes.</span> 
     </span>
     <span class='ocr_line' id='line_1_63' title="bbox 931 2804 1608 2851; baseline 0.016 -18"><span class='ocrx_word' id='word_1_454' title='bbox 931 2804 970 2834; x_wconf 77' lang='lat' dir='ltr'>cs.</span> <span class='ocrx_word' id='word_1_455' title='bbox 984 2804 1116 2851; x_wconf 67' lang='lat' dir='ltr'>Sin-ton.</span> <span class='ocrx_word' id='word_1_456' title='bbox 1127 2807 1206 2844; x_wconf 69' lang='lat' dir='ltr'>Aug.</span> <span class='ocrx_word' id='word_1_457' title='bbox 1220 2817 1243 2837; x_wconf 84' lang='grc' dir='ltr'>ι.</span> <span class='ocrx_word' id='word_1_458' title='bbox 1264 2807 1345 2840; x_wconf 84' lang='lat' dir='ltr'>Inde</span> <span class='ocrx_word' id='word_1_459' title='bbox 1353 2817 1497 2849; x_wconf 68' lang='lat' dir='ltr'>prosecta</span> <span class='ocrx_word' id='word_1_460' title='bbox 1512 2812 1608 2844; x_wconf 81' lang='lat' dir='ltr'>Ovid.</span> 
     </span>
     <span class='ocr_line' id='line_1_64' title="bbox 934 2846 1609 2919; baseline 0.019 -44"><span class='ocrx_word' id='word_1_461' title='bbox 934 2846 1012 2919; x_wconf 41' lang='lat' dir='ltr'>{Sciet</span> <span class='ocrx_word' id='word_1_462' title='bbox 1033 2847 1082 2878; x_wconf 73' lang='lat' dir='ltr'>ui.</span> <span class='ocrx_word' id='word_1_463' title='bbox 1102 2857 1168 2887; x_wconf 80' lang='lat'>271.</span> <span class='ocrx_word' id='word_1_464' title='bbox 1188 2849 1240 2880; x_wconf 82' lang='lat' dir='ltr'>xii.</span> <span class='ocrx_word' id='word_1_465' title='bbox 1259 2860 1324 2891; x_wconf 72' lang='lat'>¹53.</span> <span class='ocrx_word' id='word_1_466' title='bbox 1338 2858 1436 2893; x_wconf 75' lang='lat' dir='ltr'>atque</span> <span class='ocrx_word' id='word_1_467' title='bbox 1449 2856 1609 2894; x_wconf 58' lang='lat' dir='ltr'>prosu-iae</span> 
     </span>
     <span class='ocr_line' id='line_1_65' title="bbox 969 2899 1057 2920; baseline 0.011 -1"><span class='ocrx_word' id='word_1_468' title='bbox 969 2899 1057 2920; x_wconf 59' lang='lat' dir='ltr'>Assoi.</span> 
     </span>
    </p>
   </div>
  </div>
 </body>
</html>
