1934 3211
551 172 675 214 LIB.
713 171 834 212 VIII.
882 171 1030 213 CAP.
1066 177 1102 214 9.
1435 178 1515 216 461

123 262 290 304 ordines
310 262 464 303 turbati
485 275 572 302 non
592 268 744 310 essent,
763 260 1101 302 concurrendum
1119 260 1197 301 sibi
1214 275 1303 301 esse
1321 263 1518 304 sciebant.
1538 276 1581 307 U.
1598 277 1636 308 C.
1653 286 1725 316 4¹5·

123 319 223 360 Duo
253 317 454 374 primipili
485 333 538 358 ex
569 326 747 374 utraque
779 317 868 358 acie
904 317 1016 358 inter
1049 317 1212 358 triarios
1247 327 1391 359 erant:
1433 319 1522 361 Ro·
1536 320 1574 350 A.
1599 319 1636 350 C·
1655 327 1726 358 357·

122 389 269 417 manus
300 389 473 431 corpore
506 374 836 431 haudquaquam
869 375 968 415 satis
1000 374 1175 423 validus,
1204 383 1392 415 ceterum
1419 384 1524 418 stre-

121 446 230 474 nuus
250 431 314 472 vir
332 432 576 488 peritusque
598 432 772 474 militiae
790 448 799 472 :
834 431 1014 473 Latinus
1034 431 1192 473 viribus
1217 431 1367 488 ingens
1394 432 1524 474 bella-

89 498 270 545 5torque
311 489 472 545 primus
487 505 498 539 3
546 489 753 531 notissimi
799 489 910 530 inter
954 504 1012 538 se,
1054 489 1154 545 quia
1195 504 1317 545 pares
1358 504 1524 546 semper

119 545 289 588 ordines
309 546 530 588 duxerant.
588 546 798 596 Romano,
820 545 935 588 haud
957 546 1055 587 satis
1075 546 1226 588 fidenti
1245 546 1416 596 viribus,
1438 547 1522 588 iam

121 602 284 645 Romae
313 604 563 660 permissum
593 612 683 645 erat
710 605 762 646 ab
791 603 1045 653 consulibus,
1075 612 1123 645 ut
1149 604 1523 646 subcenturionem

119 660 212 710 sibi,
235 675 363 716 quem
384 661 524 712 vellet,
546 661 717 718 legeret,
740 662 814 718 qui
840 670 1047 703 tutaretur
1073 677 1171 703 eum
1200 663 1252 703 ab
1280 677 1366 703 uno
1394 662 1523 703 desti-

119 726 220 759 nato
251 718 397 760 hoste:
432 719 550 775 isque
584 720 761 769 iuvenis,
788 720 832 760 in
861 719 950 760 acie
984 719 1159 769 oblatus,
1186 734 1241 760 ex
1273 719 1521 760 centurione

87 774 276 816 6Latin0
306 776 522 818 victoriam
553 776 660 818 tulit.

90 841 107 875 7
119 833 238 874 cibus
259 832 435 874 Vesuvii
455 834 623 884 montis,
647 849 731 890 qua
749 835 817 875 via
836 834 891 875 ad
912 833 1105 875 Veserim
1125 835 1296 875 ferebat.

86 925 107 956 8
180 889 365 932 Romani
395 891 588 932 consules
618 892 745 947 prius,
773 906 900 947 quam
930 891 1162 932 educerent
1192 891 1236 932 in
1267 891 1414 942 aciem,
1444 892 1523 933 im-

87 977 107 1009 9
120 946 394 990 molaverunt.
438 948 575 990 Decio
591 957 718 1004 caput
738 948 934 990 iocinoris
955 964 979 989 a
999 948 1193 989 familiari
1213 958 1331 1005 parte
1353 964 1522 990 caesum

91 1020 104 1041 1
120 1004 331 1062 haruspex
351 1005 507 1047 dicitur
527 1005 757 1047 ostendisse
775 1021 785 1055 3
819 1005 977 1062 alioqui
1002 1014 1220 1062 acceptam
1241 1005 1321 1046 diis
1341 1006 1522 1047 hostiam

120 1077 208 1104 esse
225 1079 235 1104 ε
269 1062 482 1104 Manlium
503 1063 671 1119 egregie
691 1063 842 1104 litasse.
893 1069 904 1087 ‘
917 1062 1056 1119 Atqui
1076 1063 1185 1105 bene
1206 1063 1361 1113 habet,’
1381 1064 1523 1120 inquit

121 1118 294 1170 Decius,
328 1120 389 1161 ‘si
417 1121 469 1161 ab
498 1120 660 1177 collega
685 1120 854 1162 litatum
881 1121 969 1162 est.’
1030 1120 1264 1171 Instructis,
1287 1121 1395 1162 sicut
1425 1129 1522 1162 ante

119 1176 282 1218 dictum
302 1186 377 1228 est,
396 1177 626 1228 ordinibus,
643 1193 880 1234 processere
902 1178 946 1219 in
963 1178 1108 1220 aciem.
1153 1178 1341 1219 Manlius
1357 1178 1521 1228 dextro,

121 1232 282 1276 Decius
302 1235 421 1277 laevo
442 1250 574 1277 cornu
594 1245 794 1292 praeerat.
857 1235 1001 1277 Primo
1023 1236 1235 1293 utrimque
1257 1236 1403 1292 aequis
1423 1236 1522 1276 viri-

119 1291 211 1342 bus,
245 1292 397 1334 eodem
427 1293 575 1335 ardore
609 1294 844 1334 animorum
878 1294 1102 1349 gerebatur
1140 1308 1231 1335 res:
1277 1293 1433 1334 deinde
1469 1294 1521 1335 ab

124 1348 243 1390 laevo
276 1365 409 1391 cornu
444 1350 597 1392 hastati
635 1350 833 1400 Romani,
867 1366 953 1392 non
983 1351 1166 1392 ferentes
1201 1351 1521 1407 impressionem

122 1405 386 1457 Latinorum,
409 1422 452 1449 se
474 1408 527 1449 ad
552 1408 764 1464 principes
788 1423 995 1464 recepere.

722 777 965 833 Pugnatum
996 785 1059 818 est
1089 776 1204 818 haud
1234 776 1382 833 procul
1411 776 1522 817 radi-
1536 784 1739 858 ἷὲιὲτῐιιιὶιςοιιιη

1621 892 1659 930 9.

1060 1408 1110 1449 In
1136 1408 1214 1450 hac
1240 1408 1520 1465 trepidatione
1536 1415 1658 1447 Decius
1672 1427 1706 1447 se

123 1463 284 1506 Decius
309 1465 455 1506 consul
477 1465 540 1506 M.
559 1465 775 1506 Valerium
805 1481 957 1522 magna
984 1481 1085 1507 voce
1117 1466 1340 1507 inclamat:
1378 1466 1522 1507 ‘Deo-
1534 1460 1681 1490 devovet.

124 1527 135 1545 ‘
152 1523 272 1571 rum,’
297 1522 450 1578 inquit,
484 1528 605 1578 ‘ope,
629 1522 786 1572 Valeri,
815 1538 919 1579 opus
947 1532 1021 1564 est.
1085 1523 1299 1578 Agedum,
1329 1523 1522 1579 pontifex

124 1579 346 1635 ‘publicus
375 1579 519 1636 populi
545 1580 741 1629 Romani,
771 1581 885 1636 praei
911 1581 1050 1630 verba,
1073 1577 1226 1636 quibus
1257 1595 1324 1621 me
1355 1596 1432 1637 pro
1462 1580 1523 1622 le-

123 1636 346 1692 ‘gionibus
381 1637 637 1678 devoveam.’
708 1637 908 1678 Pontifex
943 1652 1041 1678 eum
1077 1647 1218 1694 togam
1258 1646 1522 1695 praetextam

120 1708 284 1735 sumere
321 1694 451 1744 iussit,
489 1703 543 1744 et,
581 1695 718 1736 velato
754 1695 905 1751 capite,
943 1710 1074 1736 manu
1108 1696 1253 1737 subter
1292 1704 1433 1753 togam
1469 1696 1524 1737 ad

121 1760 312 1793 mentum
344 1761 519 1801 exserta,
546 1767 593 1793 su
627 1767 673 1793 er
703 1752 834 1793 telum
865 1752 1102 1794 subiectum
1132 1753 1310 1809 pedibus
1341 1762 1522 1795 stantem

120 1808 180 1850 sic
210 1808 377 1852 dicere:
413 1809 556 1859 ‘Iane‚
586 1767 637 1850 liii
669 1809 761 1860 iter,
792 1809 909 1851 Mars
939 1819 1072 1866 pater,
1104 1810 1299 1861 Quirine,
1330 1810 1521 1861 Bellona,

90 1865 294 1917 2‘Lares,
326 1866 410 1908 divi
450 1825 714 1917 Novensiles,
752 1867 812 1908 dii
849 1867 1078 1924 Indigetes,
1112 1868 1212 1919 divi,
1247 1884 1428 1925 quorum
1461 1878 1524 1910 est

166 1993 184 2024 5
209 1986 296 2023 Quia
316 1995 414 2025 pares
436 1996 560 2025 semper
575 1987 703 2017 ordines
718 1987 798 2017 (Ιαπ-

122 2030 234 2066 erant]
267 2027 465 2067 Tarquinius
486 2038 572 2067 supr.
595 2028 613 2058 i.
637 2037 686 2066 52.
711 2029 799 2058 Lati-

843 1986 890 2016 rio
911 1985 1029 2017 fluvius
1050 1986 1148 2017 fuisse
1172 1986 1308 2023 videtur,
1330 1987 1524 2018 auctoritate

845 2029 922 2058 Aur.
950 2028 1073 2059 Victor.
1098 2029 1138 2059 de
1163 2029 1231 2058 Vir.
1261 2030 1314 2059 111.
1342 2029 1373 2059 in
1403 2029 1521 2059 Manlii

123 2080 238 2100 norum
258 2074 288 2101 et
305 2071 520 2100 Romanorum
541 2071 714 2108 yeminatis
734 2081 798 2100 ma-

123 2113 248 2151 niputis
275 2112 478 2143 centuriones
506 2112 673 2142 Romanos
699 2112 799 2151 impo-

123 2154 202 2185 suit:
228 2155 283 2185 sed
299 2154 331 2185 in
347 2165 451 2194 aequo
467 2155 595 2185 foedere
612 2155 697 2193 quod
714 2164 799 2194 supr.

126 2197 177 2228 vii.
206 2207 252 2228 η.
280 2202 468 2228 renovatum
497 2202 704 2234 memoratur,
729 2207 800 2227 cen-

124 2240 267 2270 turiones
284 2240 469 2270 Romanum
486 2244 517 2270 et
533 2239 684 2270 Latinum
706 2240 800 2270 alter-

125 2282 174 2313 nis
193 2282 286 2313 annin
298 2284 441 2323 primum
456 2283 559 2322 pilum
576 2282 706 2313 duxisse
727 2293 798 2312 cen-

123 2329 172 2355 set
190 2325 325 2355 Niebhr.
342 2324 385 2356 iii.
405 2336 435 2365 p.
457 2335 525 2363 ¹04·

166 2366 187 2399 6
210 2369 401 2407 l’uynatnm
429 2369 491 2405 est]
545 2367 643 2398 Hanc
667 2367 799 2407 legionis

125 2410 296 2441 Romanae
325 2410 573 2450 descriptionem
611 2411 726 2450 partim
760 2421 798 2440 ex

126 2453 214 2483 libris
222 2453 404 2489 annalibus,
414 2453 444 2483 in
457 2453 584 2492 quibus,
599 2463 663 2492 qua
674 2452 798 2483 ratione

125 2495 232 2525 adhuc
248 2495 402 2526 inusitata
419 2495 564 2526 Manlius
585 2495 615 2525 in
634 2506 741 2535 pugna
756 2496 796 2525 ad

128 2537 306 2568 Vesuvium
332 2543 475 2568 montem
500 2549 648 2569 necemus
677 2539 716 2568 ab
745 2549 796 2568 ηο-

125 2581 254 2611 m'uima
287 2582 356 2611 acie
393 2585 468 2612 ante
504 2582 597 2620 signa
629 2582 801 2620 procedere

125 2624 232 2659 imsit,
247 2627 409 2653 narratum
426 2627 485 2659 eat,
503 2623 617 2662 partim
635 2634 674 2653 ex
695 2633 727 2653 re
743 2623 800 2653 mi-

129 2665 211 2695 litari
228 2665 275 2695 nui
294 2665 447 2705 temporis
468 2670 575 2695 noster
591 2665 800 2705 deprompsit.

128 2708 351 2747 Quapropter,
378 2718 477 2747 quum
507 2718 569 2738 non
594 2707 716 2747 optime
742 2707 799 2737 sibi

128 2754 253 2780 constet
296 2750 448 2787 narratio,
489 2749 619 2780 licentia
660 2750 799 2788 quadum

128 2792 318 2823 coniiciendi
355 2802 438 2832 opus
471 2797 530 2827 eat,
562 2797 594 2822 ut
626 2792 803 2822 obscuritas

128 2835 370 2875 quodammodo
388 2835 575 2866 illustretur.

174 2887 190 2918 7
222 2879 375 2915 Veserim]
412 2877 593 2914 Ambigitur
615 2881 721 2907 utrum
746 2887 801 2917 op-

130 2920 240 2960 pidum
260 2921 418 2951 fluviimne
433 2920 471 2950 sit
494 2920 629 2951 Veneris.
671 2921 800 2950 Crame-

845 2070 1001 2109 Torquati
1020 2070 1104 2106 vita;
1127 2070 1280 2101 Cluverio
1300 2075 1408 2101 autem
1430 2071 1522 2110 oppi-

846 2112 934 2143 dum.
960 2113 998 2142 cf.
1017 2112 1156 2151 Topogr.
1176 2113 1251 2143 Ant.
1269 2112 1312 2143 iii.
1332 2123 1361 2152 p.
1380 2122 1451 2151 543.

889 2155 907 2184 8
924 2155 1031 2194 Caput
1046 2156 1212 2192 iocinoris]
1233 2154 1323 2190 Quid
1338 2155 1368 2184 in
1384 2155 1524 2185 iocinore

845 2202 944 2237 capul
966 2197 1215 2236 appellaverint,
1239 2196 1324 2227 haud
1349 2197 1425 2227 satis
1449 2207 1523 2227 con-

846 2244 919 2270 stat.
962 2240 1109 2269 Fortasse
1125 2249 1284 2269 summam
1302 2239 1370 2269 eius
1387 2244 1523 2279 partem.

845 2292 927 2321 quae
950 2286 982 2312 et
1006 2292 1150 2312 convexa
1169 2286 1228 2319 est,
1243 2286 1275 2311 et
1291 2282 1454 2321 angustior
1477 2283 1522 2312 in-

845 2325 931 2355 fima.
991 2326 1191 2363 Quanquam
1231 2324 1282 2354 vix
1322 2324 1523 2363 intelligitur,

844 2368 1006 2406 quomodo
1022 2367 1101 2397 haec
1120 2377 1191 2406 pars
1209 2367 1346 2406 potuerit
1361 2367 1521 2397 interdum

844 2411 966 2446 abesse,
982 2410 1067 2449 quod
1085 2410 1125 2440 (le
1141 2409 1247 2448 cupite
1267 2409 1414 2439 iocinoris
1435 2409 1522 2440 haud

843 2463 912 2482 raro
929 2457 1057 2482 narrant
1075 2452 1253 2491 scriptores.
1278 2453 1385 2482 (c'nlzv.

885 2505 905 2536 9
928 2496 1100 2525 l-'amiliari
1114 2496 1225 2534 purte]
1266 2494 1304 2524 In
1322 2494 1462 2524 iocinore
1478 2494 1521 2524 sn-

844 2537 1001 2568 miliurem
1035 2543 1172 2576 purtem,
1203 2542 1234 2567 et
1265 2536 1428 2573 hostilem,
1457 2537 1523 2567 sive

846 2584 969 2619 partem
1009 2579 1128 2610 inimici
1167 2579 1416 2617 distinguebant.
1471 2579 1521 2610 Ex

847 2623 903 2652 illa
919 2626 1053 2652 eventus
1068 2633 1152 2655 κιιωκ.
1165 2633 1202 2652 ex
1223 2622 1282 2652 huc
1300 2622 1439 2652 hostium
1457 2622 1524 2653 {itta

847 2665 1052 2702 colligebant.
1077 2666 1183 2695 Cur—:xz

894 2717 903 2737 ι
932 2708 1085 2745 Caesam]
1120 2707 1181 2737 Vel
1207 2706 1354 2742 incisum,
1377 2712 1524 2744 nectum3

848 2750 895 2779 vel
924 2749 1079 2786 decisum,
1103 2748 1147 2779 itu
1172 2754 1205 2779 ut
1234 2749 1366 2779 omnino
1389 2750 1523 2781 abesset.

850 2791 1039 2822 narduinus
1055 2791 1085 2821 in
1104 2790 1187 2821 notis
1202 2792 1241 2822 ud
1263 2792 1346 2822 l'lin.
1364 2791 1407 2823 H.
1423 2792 1465 2823 N.
1480 2792 1522 2824 xi.

849 2843 897 2874 37.
912 2834 1151 2873 interpretatur,
1163 2833 1331 2865 victinmrii
1348 2834 1451 2865 cultro
1469 2844 1525 2875 per

848 2876 1098 2916 imprudentiam
1118 2877 1250 2908 laesum.
1274 2878 1381 2908 Ciuzv.

897 2929 911 2949 2
945 2921 1022 2949 Diu-n·
1051 2921 1256 2957 Non-cnsileal
1300 2919 1375 2950 Divi
1407 2930 1521 2951 novem
