1934 3211
496 194 623 235 LIB.
658 192 759 234 VII.
809 192 955 234 CAP.
991 197 1058 234 20.
1403 198 1486 236 419

91 297 186 331 octo
205 285 370 335 delecti,
388 283 669 325 nobilissimus
685 283 878 339 quisque,
897 282 971 338 qui
991 282 1172 324 Romam
1194 284 1483 326 mitterentur:
1503 293 1546 324 U.
1563 292 1602 324 C.
1620 301 1692 329 401.

90 345 239 401 vulgus
267 341 382 384 aliud
411 339 678 382 trucidatum.
742 338 836 381 Nec
866 339 1049 396 populus
1078 339 1124 380 in
1153 354 1238 389 eos,
1270 341 1344 396 qui
1374 342 1488 382 missi
1503 338 1541 367 A.
1565 336 1603 366 C·
1622 344 1694 374 351·

91 402 274 444 Romam
308 407 440 448 erant,
471 398 613 439 mitior
642 397 732 439 fuit.
797 396 946 439 Medio
981 397 1026 438 in
1061 396 1151 439 foro
1187 412 1334 438 omnes
1364 398 1489 454 virgis
1501 380 1682 460 Ξῖζίξᾶῗξ

89 458 198 501 caesi
228 472 276 498 ac
306 456 442 498 securi
471 455 667 512 percussi.
730 454 782 496 Id
816 468 893 511 pro
927 454 1152 495 immolatis
1187 454 1232 495 in
1263 454 1353 496 foro
1385 454 1490 495 Tar·
1502 463 1671 502 Tarquini-

90 514 377 572 quiniensium
414 512 620 554 Romanis
660 527 821 569 poenae
862 511 1052 553 hostibus
1092 511 1317 553 redditum.
1403 511 1490 552 Res
1503 506 1641 577 ensigus.

89 571 200 615 bello
219 572 328 613 bene
353 579 507 628 gestae,
529 578 578 611 ut
601 569 810 611 Samnites
831 584 1000 626 quoque
1029 569 1256 610 amicitiam
1283 578 1488 625 peterent,
1504 548 1577 621 {iffi
1595 559 1683 621 ἔξω-

89 630 332 672 effecerunt.
395 628 566 684 Legatis
591 642 736 669 eorum
757 627 933 668 comiter
959 627 1012 668 ab
1039 635 1188 668 senatu
1214 641 1462 683 responsum
1479 642 1488 667 :
1504 632 1633 663 nitibus.

89 686 258 729 foedere
280 686 325 727 in
345 686 588 727 societatem
609 684 782 741 accepti.

150 742 254 786 Non
281 743 431 785 eadem
459 742 586 792 domi,
610 757 718 799 quae
747 741 934 791 militiae,
956 741 1124 783 fortuna
1151 750 1240 783 erat
1266 741 1381 798 plebi
1403 741 1493 783 Ro-

91 816 252 844 manae.
316 800 429 842 Nam
451 801 542 850 etsi,
565 799 752 841 unciario
773 798 916 840 fenore
937 799 1060 848 facto,
1082 798 1219 840 levata
1243 814 1370 840 usura
1390 808 1491 849 erat,

59 874 78 904 5
91 868 201 902 sorte
223 859 313 915 ipsa
333 858 618 900 obruebantur
638 857 798 913 inopes,
820 871 1065 912 nexumque
1087 856 1262 898 inibant.
1328 855 1392 897 Eo
1412 871 1491 898 nec

121 916 288 959 atricios
328 916 451 957 ambo
487 914 693 964 consules,
737 929 876 970 neque
912 914 1180 955 comitiorum
1217 928 1374 963 curam,
1412 929 1492 969 pu-

121 974 252 1016 licave
279 973 418 1015 studia
477 987 545 1014 rac
574 972 744 1029 privatis
771 971 1050 1013 incommodis
1080 970 1197 1027 plebs
1222 971 1276 1012 ad
1303 971 1489 1012 animum

91 1031 350 1073 admittebat.
429 988 686 1071 &onsulatus
726 1037 902 1085 uterque
944 1028 1058 1085 apud
1099 1028 1294 1084 patricios
1335 1037 1489 1069 manet.

95 1088 303 1131 Consules
330 1087 459 1130 creati
487 1086 537 1129 C.
560 1086 771 1143 Sulpicius
793 1086 964 1128 Peticus
985 1095 1194 1142 quartum,
1219 1085 1281 1127 M.
1298 1085 1493 1127 Valerius
1507 1095 1550 1128 U.
1569 1097 1606 1128 C.
1624 1106 1697 1135 40².

91 1145 312 1188 Publicola
329 1145 494 1187 iterum.
1506 1140 1545 1170 A.
1570 1140 1608 1171 C.
1627 1148 1699 1187 359·

150 1202 203 1245 In
230 1202 389 1244 bellum
416 1202 642 1244 Etruscum
670 1202 877 1243 intentam
905 1201 1131 1250 civitatem,
1155 1201 1255 1257 quia
1278 1200 1492 1242 Caeritem
1505 1182 1713 1256 gfff-'¹32

91 1260 297 1326 populum
357 1260 640 1302 misericordia
689 1259 1064 1315 consanguinitatis
1115 1258 1493 1315 Tarquiniensibus
1506 1268 1585 1298 1en‘o
1603 1268 1652 1299 11.

92 1318 338 1360 adiunctum
381 1318 491 1359 fama
528 1318 699 1367 ferebat,
737 1316 863 1372 legati
900 1316 1043 1357 Latini
1083 1315 1137 1357 ad
1177 1315 1352 1357 Volscos
1393 1331 1494 1357 con-
1506 1311 1596 1342 0⁰⁸⁸·

93 1388 270 1426 vertere,
305 1375 561 1424 nuntiantes,
603 1374 837 1416 exercitum
877 1373 1038 1415 conseri
1071 1383 1161 1415 tum
1202 1383 1493 1429 armatumque

93 1433 177 1474 iam
204 1433 289 1474 suis
321 1433 475 1474 finibus
508 1432 754 1474 imminere:
789 1430 888 1472 inde
921 1389 1244 1487 populabundos
1272 1430 1317 1471 in
1348 1444 1495 1486 agrum

97 1490 339 1532 Romanum
360 1499 558 1532 venturos
579 1505 678 1531 esse.
745 1488 924 1530 Censuit
949 1489 1077 1544 igitur
1097 1496 1278 1537 senatus,
1301 1497 1493 1529 neutram

97 1547 394 1614 negligendam
416 1562 502 1589 rem
520 1562 631 1588 esse:
655 1556 833 1602 utroque
856 1545 1042 1601 legiones
1061 1545 1199 1595 scribi,
1217 1544 1493 1601 consulesque

93 1605 231 1647 sortin
252 1605 486 1662 provincias
508 1604 635 1646 iussit.
681 1603 904 1645 Inclinavit
924 1602 1080 1644 deinde
1102 1617 1196 1658 pars
1217 1602 1350 1643 maior
1370 1616 1493 1644 curae

95 1663 140 1704 in
174 1662 398 1704 Etruscum
431 1661 615 1710 bellum;
660 1670 884 1718 postquam
917 1659 1046 1701 literis
1087 1659 1263 1716 Sulpicii
1296 1659 1493 1707 consulis,

94 1720 164 1762 cui
196 1719 419 1776 Tarquinii
451 1719 666 1775 provincia
699 1726 908 1767 evenerat,
943 1718 1159 1774 cognitum
1193 1726 1268 1767 est,
1303 1717 1494 1773 depopu-

95 1777 225 1819 latum
245 1791 393 1833 agrum
413 1776 524 1818 circa
546 1776 759 1817 Romanas
783 1775 946 1825 salinas,
999 1774 1234 1831 raedaeque
1262 1784 1424 1831 partem
1451 1775 1494 1814 in

95 1834 316 1877 Caeritum
351 1834 456 1876 fines
491 1842 692 1883 avectam,
726 1842 769 1874 et
803 1832 918 1874 haud
979 1833 1075 1874 ubic
1109 1832 1373 1874 iuventutem
1404 1832 1495 1873 eius

94 1906 151 1949 po
182 1891 241 1934 uli
280 1892 390 1934 inter
428 1891 696 1948 praedatores
735 1890 873 1932 fuisse.
948 1889 1098 1946 Itaque
1135 1889 1353 1930 Valerium
1394 1903 1496 1930 con-

94 1965 115 1991 s
160 1964 242 1999 em,
265 1949 430 1991 Volscis
451 1949 703 2005 oppositum,
727 1956 944 2004 castraque
973 1947 1026 1988 ad
1052 1947 1181 1988 finem
1204 1946 1494 1988 Tusculanum

95 2006 335 2054 habentem,
358 2015 598 2047 revocatum
620 2005 718 2046 inde
740 2014 908 2045 senatus
929 2004 1176 2045 dictatorem
1198 2003 1337 2045 dicere
1363 2004 1493 2044 iussit.

97 2063 149 2105 T.
166 2062 378 2104 Manlium
401 2063 449 2103 L.
467 2062 600 2103 filium
623 2061 740 2103 dixit.
789 2060 842 2109 Is,
861 2075 993 2116 quum
1014 2061 1092 2101 sibi
1115 2060 1360 2116 magistrum
1376 2060 1496 2115 equi·
1509 2069 1548 2100 T.
1562 2069 1707 2101 Manlius

97 2129 189 2162 tum
212 2120 265 2161 A.
283 2119 530 2161 Cornelium
556 2118 735 2160 Cossum
757 2118 944 2167 dixisset,
962 2116 1168 2158 consulari
1190 2117 1379 2157 exercitu
1395 2131 1496 2158 con·
1509 2112 1655 2143 ‘limam'-

98 2186 253 2226 tentae,
262 2191 314 2218 ex
324 2176 569 2218 anctoritate
580 2175 751 2217 Petrum
761 2190 807 2216 ac
822 2174 965 2231 populi
976 2172 1496 2215 iussuCaeritibusbellum

99 2234 264 2276 indixit.
313 2233 426 2275 Tum
449 2234 629 2290 primum
650 2233 851 2281 Caerite&
871 2242 1071 2288 tanquam
1092 2231 1136 2272 in
1154 2230 1290 2272 verbis
1310 2230 1495 2272 hostium
1580 2235 1646 2271 20.

98 2292 160 2333 vis
184 2292 317 2333 maior
337 2291 390 2332 ad
411 2290 566 2332 bellum
589 2289 925 2346 significandum,
948 2303 1075 2345 quam
1098 2288 1141 2329 in
1163 2288 1247 2329 suis
1271 2287 1403 2337 factis,
1420 2288 1493 2344 qui

98 2362 175 2405 per
204 2348 518 2406 populationem
557 2347 768 2389 Romanos
800 2347 1077 2395 lacessierunt,
1104 2355 1223 2393 esset,
1247 2359 1369 2386 verus
1395 2344 1494 2386 belli

145 2486 162 2517 5
187 2478 378 2518 Nes-nmque
395 2477 538 2513 inibant]
575 2477 701 2506 ,Varum
718 2479 774 2508 αἱ.

101 2519 147 2551 ait
157 2519 275 2551 Gallu·
292 2519 415 2556 Aelium.
426 2519 637 2559 quodcunque
650 2528 709 2556 per
721 2527 775 2547 nea

101 2567 132 2593 ot
147 2562 261 2592 libram
281 2563 421 2600 aeritur,
436 2562 530 2601 idque
546 2561 628 2591 necti
645 2561 775 2592 dicitur.

101 2615 164 2644 quo
187 2605 221 2633 in
241 2614 358 2641 {lenc-re
381 2607 456 2632 mn!
473 2603 571 2632 hnc-c:
596 2602 774 2632 tentamenti

95 2647 213 2685 saceio,
251 2646 325 2674 nes-⁸⁸
366 2646 464 2680 datio,
503 2646 577 2675 neti
619 2645 776 2673 liberatio.

102 2690 237 2719 Nea-uae
260 2686 324 2716 nim
350 2686 420 2725 quin
443 2685 590 2716 credituri
616 2685 777 2723 mancipio

102 2740 137 2761 ne
149 2730 258 2763 dabat,
270 2734 302 2758 et
318 2727 365 2758 aui
384 2728 459 2758 iuria
474 2738 542 2757 ense
556 2727 665 2757 desiit:
684 2727 774 2766 quip-

105 2782 146 2813 pe
171 2775 206 2802 ut
230 2771 333 2801 Vmo
355 2771 396 2800 de
422 2769 457 2800 L.
476 2769 512 2800 1..
531 2769 581 2799 vii.
606 2778 633 2808 5.
658 2768 777 2805 scribit,

102 2815 185 2846 liber
212 2815 268 2855 qui
293 2823 369 2842 man
394 2822 507 2852 operm
533 2813 569 2841 in
594 2813 778 2841 servientem

101 2866 163 2897 pro
176 2856 316 2896 pecunia
332 2864 427 2895 quam
443 2854 584 2890 debebat,
594 2854 691 2883 dabat
702 2854 778 2883 dum

103 2900 249 2932 solome.
272 2907 375 2928 nea-m
398 2901 540 2928 vocatur.
588 2896 702 2926 Nexun
724 2904 778 2925 au-

105 2946 183 2974 tem.
199 2951 274 2975 non.
293 2939 423 2979 perinde
441 2944 538 2977 atquo
554 2939 711 2973 addictus.
726 2938 779 2967 de-

820 2474 963 2504 minutus
979 2471 1084 2513 capite
1103 2472 1210 2506 fiebat,
1226 2470 1347 2510 quippo
1363 2479 1403 2500 ex
1426 2470 1495 2507 lege

822 2526 883 2546 xu.
901 2516 982 2546 Tan.
1001 2525 1081 2546 ἰω-ο
1095 2515 1258 2554 solutoque
1275 2514 1354 2544 idem
1377 2514 1428 2542 due
1448 2522 1494 2542 en-

820 2568 852 2588 se
868 2558 1027 2588 sancitum
1044 2562 1109 2587 ent:
1136 2557 1159 2585 si
1177 2555 1248 2594 quin
1262 2555 1348 2585 enim
1374 2564 1492 2584 nexum

819 2600 947 2630 solverit
972 2605 1068 2637 atque
1091 2608 1164 2628 acre
1187 2603 1218 2628 et
1245 2597 1324 2627 libra
1342 2597 1495 2626 liberatus

820 2642 926 2677 suerit,
944 2647 1013 2671 tum
1038 2640 1115 2671 civia
1139 2640 1252 2670 iteruin
1277 2639 1402 2678 optimo
1426 2639 1493 2668 iure

821 2689 898 2714 emt.
948 2683 1034 2713 Hinc
1058 2682 1219 2712 debitores
1242 2681 1301 2718 illi,
1319 2681 1373 2720 qui
1399 2690 1494 2720 pecu—

823 2726 907 2757 niam
945 2725 1099 2755 creditum
1141 2724 1264 2754 »solvere
1306 2721 1495 2762 nequibant,

821 2779 937 2798 nexum
956 2769 1040 2798 ultro
1052 2767 1190 2802 inibant,
1203 2776 1242 2797 ne
1255 2765 1389 2796 foi-tend
1406 2774 1495 2804 prae·

822 2816 922 2840 torem
941 2809 1023 2849 rupti
1040 2815 1071 2839 et
1087 2809 1298 2839 creditoribus
1312 2808 1353 2838 ab
1369 2807 1426 2838 illo
1440 2808 1495 2838 ad-

822 2854 909 2889 dicei,
925 2851 1090 2883 deterioris
1113 2851 1189 2882 iuri·
1208 2851 1329 2882 flerent.
1352 2850 1392 2881 cs.
1409 2858 1496 2889 supr.

824 2905 855 2927 u.
874 2904 923 2934 ²3.

1150 2981 1266 3017 1302
