1934 3211
568 169 693 212 LIB.
738 169 1097 211 11.CAP.23.
1474 172 1524 213 97
1571 167 1576 170 ’

141 261 424 318 invidiamque
457 276 563 311 eam,
599 276 675 302 sua
707 269 855 318 sponte
891 260 1151 318 gliscentem,
1187 261 1362 317 insignis
1401 265 1584 310 uniusu.
1601 280 1638 310 0.
1657 289 1727 321 ²59

110 319 349 362 zcalamitas
391 319 594 362 accendit.
658 318 819 375 Magno
851 329 954 360 natu
987 319 1159 375 quidam
1199 333 1296 360 cum
1336 322 1577 364 omnium-‘³-
1601 323 1639 353 C
1656 333 1727 364 493-

140 376 343 419 malorum
371 393 540 419 suorum
571 377 804 433 insignibus
824 391 867 418 se
896 376 941 417 in
960 376 1098 418 forum
1125 376 1312 433 proiecit.
1378 378 1527 422 Obsita

137 442 227 477 erat
265 435 457 491 squalore
490 435 627 484 vestis,
661 434 822 476 foedior
857 434 1040 490 corporis
1079 434 1248 476 habitus
1287 434 1443 490 pallore
1477 453 1524 479 ac

105 491 268 536 3macie
289 493 508 559 perempti.
571 492 645 534 Ad
665 492 758 542 hoc,
780 492 982 549 promissa
1006 492 1134 534 barba
1153 500 1196 533 et
1216 492 1357 548 capilli
1378 494 1525 536 effera-

134 558 282 591 verant
308 551 492 607 speciem
519 551 612 593 oris.
676 549 977 592 Noscitabatur
1004 558 1145 591 tamen
1172 550 1217 590 in
1245 559 1360 592 tanta
1388 551 1525 594 defor-

101 607 292 659 4mitate,
315 617 358 650 et
386 609 554 651 ordines
581 609 749 650 duxisse
775 607 956 658 aiebant,
979 607 1142 664 aliaque
1171 607 1345 650 militiae
1374 608 1526 653 decora

132 665 272 723 vulgo,
294 667 539 709 miserantes
559 682 670 716 eum,
693 666 912 708 iactabant.
976 665 1084 722 Ipse,
1107 675 1233 708 testes
1253 666 1525 710 honestarum

131 722 292 780 aliquot
317 724 417 766 locis
437 740 687 782 pugnarum,
710 724 923 766 cicatrices
943 723 1115 766 adverso
1142 733 1311 781 pectore
1341 734 1524 768 ostenta-

131 782 216 823 bat.
281 781 648 832 Sciscitantibus,‘
662 782 774 824 unde
791 782 860 823 ille
881 782 1081 824 habitus?
1111 782 1224 823 unde
1246 782 1524 826 deformitas?'

131 853 263 896 quum
291 841 543 882 circumfusa
567 842 691 883 turba
719 850 827 882 esset
853 855 983 897 prope
1012 841 1056 881 in
1089 841 1302 882 concionis
1334 841 1520 894 modum,

133 897 321 941 ‘Sabino
352 899 488 950 bello,'
519 900 588 948 ait,
624 904 689 940 ‘se
722 898 985 947 militantem,
1019 899 1118 955 quia
1147 908 1319 955 propter
1348 901 1523 965 popula-

132 956 293 999 ‘tiones
328 957 416 1013 agri
450 973 536 999 non
567 957 708 998 fructu
737 956 864 997 modo
898 957 1090 1006 caruerit,
1122 957 1196 998 sed
1225 957 1323 998 villa
1352 973 1523 1000 mcensa

133 1013 295 1065 ‘fuerit,
317 1015 482 1072 direpta
507 1015 659 1065 omnia,
682 1030 835 1071 pecora
862 1016 1021 1064 abacta,
1044 1014 1281 1057 tributum
1271 1016 1417 1072 miquo
1445 1032 1520 1059 suo

132 1077 345 1138 ‘tempore
374 1073 637 1130 imperatum,
667 1088 735 1114 aes
763 1072 946 1114 alienum
978 1073 1146 1114 fecisse:
1181 1072 1238 1122 id,
1261 1074 1520 1116 cumulatum

131 1131 303 1181 ‘usuris,
335 1146 470 1187 prlmo
506 1147 549 1173 se
581 1147 679 1188 aglo
715 1140 889 1187 paterno
927 1131 1121 1187 avitoque
1155 1131 1331 1181 exuisse,
1364 1132 1519 1174 deinde

129 1187 331 1230 ‘fortunis
344 1189 457 1230 aliis.
491 1198 714 1246 postremo,
732 1187 847 1229 velut
863 1190 1017 1237 tabem,
1035 1189 1272 1253 pervenisse
1289 1189 1343 1230 ad
1356 1205 1517 1247 corpus.

130 1250 142 1269 ‘
156 1245 345 1288 Duetum
366 1262 408 1288 se
431 1250 484 1289 ab
506 1247 725 1296 creditore,
748 1261 832 1287 non
856 1247 899 1287 in
925 1247 1152 1296 servitium,
1175 1246 1280 1287 sed
1269 1262 1313 1287 m
1334 1258 1520 1303 ergastu-

129 1302 242 1344 ‘lum
264 1314 307 1346 et
327 1305 611 1346 carnificinam
633 1319 733 1346 esse.
739 1305 748 1322 ⁹
807 1303 913 1345 Inde
931 1313 1137 1345 ostentare
1156 1313 1333 1360 tergum,
1348 1306 1518 1347 foedum

128 1362 365 1404 recentibus
397 1363 581 1419 vestigiis
621 1363 852 1404 verberum.
916 1361 988 1402 Ad
1027 1361 1130 1402 haec
1170 1362 1258 1403 visa
1291 1363 1519 1428 auditaque

127 1418 313 1462 clamor
303 1435 451 1477 m‘rens
472 1421 613 1462 oritur.
677 1419 809 1461 Non
799 1434 881 1461 lam
902 1419 992 1460 foro
1020 1434 1062 1460 se
1084 1419 1288 1461 tumultus
1316 1421 1518 1471 continet,

96 1476 201 1523 ssed
228 1479 380 1535 passim
401 1486 531 1520 totam
559 1479 708 1519 urbem
730 1476 932 1542 pervadit.
997 1476 1128 1518 Nexu
1153 1477 1283 1518 vincti
1308 1478 1517 1535 solutique

126 1549 170 1577 se
201 1535 390 1593 undique
422 1536 465 1577 in
495 1535 710 1592 publicum
742 1535 991 1592 proripiunt,
1024 1534 1251 1591 implorant
1285 1535 1518 1585 Quiritium

127 1592 266 1635 fldem.
336 1593 467 1635 Nullo
507 1593 599 1635 loco
640 1593 758 1635 deest
799 1593 1015 1634 seditionis
1054 1592 1313 1635 voluntarius
1353 1609 1514 1637 comes:

125 1651 266 1693 multis
296 1652 448 1718 passim
474 1651 710 1708 agminibus
738 1666 813 1708 per
840 1666 986 1693 omnes
1017 1651 1103 1692 vias
1133 1666 1230 1692 cum
1260 1651 1440 1695 elamore
1473 1654 1515 1695 in

122 1708 259 1751 forum
276 1710 465 1752 curritur.
529 1709 690 1765 Magno
706 1725 802 1751 cum
819 1709 1006 1766 periculo
1022 1725 1110 1759 suo,
1126 1710 1199 1766 qui
1215 1710 1321 1752 forte
1340 1710 1513 1753 Patrum

123 1767 167 1809 in
186 1766 276 1810 foro
297 1777 428 1818 erant,
452 1768 495 1809 in
523 1783 614 1809 eam
605 1743 804 1809 oturbam
833 1767 1095 1811 inciderunt:
1131 1783 1209 1809 nee
1236 1777 1513 1825 temperatum

123 1826 317 1868 manibus
356 1826 474 1876 foret,
509 1826 553 1866 ni
589 1841 765 1884 propere
797 1825 1001 1876 consules,
1035 1825 1082 1867 P.
1119 1825 1319 1868 Servilius
1351 1836 1394 1869 et
1428 1827 1467 1868 A

125 1882 343 1934 Claudius,
361 1884 414 1925 ad
427 1884 785 1940 comprimendam
800 1884 1049 1926 seditionem
1066 1884 1398 1926 intervenissent.
1463 1843 1513 1927 lii

122 1955 193 1983 eos
217 1942 442 1984 multitudo
463 1957 592 1991 versa,
610 1950 819 1983 ostentare
840 1942 1007 1983 vincula
1027 1957 1101 1983 sua
1117 1942 1511 2000 deformitatemque

122 1999 256 2041 aliam.
301 2000 420 2042 Haec
442 2009 484 2042 se
507 2000 677 2041 meritos
697 2000 851 2049 dicere,
874 2000 1174 2056 exprobrantes
1195 2015 1311 2042 suam
1334 2002 1512 2058 quisque

123 2056 227 2098 alius
268 2058 365 2099 alibi
407 2058 612 2100 militiam.
676 2057 891 2098 Postulare
935 2057 1066 2098 multo
1108 2058 1327 2100 minaciter
1366 2074 1510 2124 magis,

153 2130 249 2156 uam
285 2115 541 2180 suppliciter,
575 2125 620 2156 ut
654 2124 845 2156 senatum
877 2126 1099 2156 vzocarent
1143 2116 1400 2172 curiamque,
1435 2117 1510 2173 ipsi

122 2129 249 2214 ‹finturi
271 2173 415 2216 arbitri
439 2173 803 2228 moderatoresque
821 2172 975 2229 publici
994 2173 1168 2222 consilii,
1187 2174 1508 2215 circumsistunt.

164 2341 181 2363 ἰ
206 2332 330 2370 Λίσρηο
352 2336 430 2361 natu
454 2331 600 2372 quidam]
629 2330 791 2361 Narratio-

122 2383 194 2406 nem
225 2373 309 2404 hanc
340 2373 474 2404 totidem
503 2374 567 2403 scre
596 2373 697 2404 verbis
721 2373 791 2403 infr.

123 2416 391 2456 vi.14.1egimus.

165 2468 183 2498 3
206 2460 387 2500 Per-empti]
409 2458 793 2499 Porcmptonimiiis.1ta

122 2500 235 2532 Cicero
249 2502 386 2542 saepiun,
394 2503 486 2540 fiune
501 2503 617 2542 nitique
632 2503 742 2532 enecti.

165 2555 184 2582 4
211 2545 347 2576 Ordines
376 2546 520 2583 ἀυτὴ-κε]
561 2545 791 2575 (ὀηῑιιῐὶυιιοῐη

123 2584 227 2617 misse.
266 2587 387 2627 Viginti
404 2592 435 2618 ct
451 2593 524 2618 octo
547 2587 706 2627 stipendia
730 2598 792 2617 mc-

123 2628 232 2665 ruime,
247 2639 290 2661 nc.
305 2640 345 2661 ex
361 2631 539 2661 iunioribus
556 2630 669 2661 exime
685 2641 717 2660 nc
722 2630 791 2660 ribit

124 2670 222 2702 Dion.
241 2672 279 2703 xi.
298 2671 346 2703 26.

166 2723 183 2753 5
208 2716 304 2745 Ncsu
322 2716 418 2745 vincti
434 2717 607 2756 noluitque]
646 2716 718 2746 110(-
734 2721 792 2752 ent,

122 2767 206 2787 nexu
234 2757 329 2788 vincti
359 2762 391 2788 ct
418 2768 501 2788 nexu
529 2758 634 2789 minti.
680 2760 793 2790 Nea-us

120 2800 242 2840 quippe
263 2800 426 2838 obligatio,
441 2811 504 2840 qun
519 2801 644 2831 debitor
659 2812 692 2831 w
709 2802 793 2831 ultro

120 2842 268 2874 creditori
295 2843 438 2874 devinxit
465 2843 504 2873 ud
531 2843 698 2883 pecuniam
725 2854 790 2874 niu-

120 2890 208 2916 tuam
241 2896 337 2925 opem
367 2897 423 2916 nnn
454 2886 557 2916 servili
596 2886 792 2917 min-ndum.

120 2929 281 2960 “Noa-um
301 2929 385 2960 enim
404 2935 462 2964 ent.
478 2930 521 2959 ait
537 2930 654 2959 Gallim
672 2929 793 2966 ΛοΙὶιικ,

179 2984 273 3012 VOL.
298 2985 323 3012 1.

836 2332 1050 2370 quodcunque
1069 2341 1124 2371 per
1138 2341 1192 2362 nes
1204 2337 1235 2362 et
1254 2332 1364 2363 libram
1382 2333 1511 2371 geritur.

837 2374 933 2413 idque
947 2374 1030 2404 necti
1044 2375 1193 2405 dicitur.”
1212 2375 1334 2406 Festus.
1380 2377 1401 2391 “
1417 2376 1512 2407 Liber

837 2416 890 2455 qui
908 2427 980 2447 suas
996 2428 1109 2457 operas
1131 2417 1160 2447 iu
1181 2418 1365 2448 servitutem
1385 2429 1440 2458 pro
1458 2430 1508 2459 pc-

837 2459 932 2490 cunin
948 2470 1043 2499 qutun
1064 2461 1326 2496 ‹lem-bnt,‹1almt
1350 2462 1426 2492 duni
1451 2463 1509 2492 sol-

839 2508 935 2538 vcret,
959 2513 1060 2533 nexus
1086 2509 1225 2539 vocatur,
1241 2509 1274 2533 ut
1298 2504 1339 2533 ab
1361 2515 1434 2534 aere
1457 2506 1509 2534 ob-

837 2548 998 2576 acmtusst'
1032 2546 1134 2576 varro
1160 2546 1200 2576 dc
1231 2546 1264 2577 1..
1296 2546 1331 2577 ¹¹-
1361 2547 1410 2578 vii.
1443 2558 1510 2580 10¹.

838 2590 958 2618 Contra
982 2589 1127 2619 addictus
1152 2589 1247 2618 fiebat
1272 2589 1407 2625 debitor,
1422 2591 1475 2630 qui
1493 2602 1511 2622 n

839 2636 983 2670 prm-tore
1005 2632 1035 2661 in
1059 2631 1257 2666 servitutem,
1273 2643 1370 2671 qutun
1388 2634 1510 2665 solven—

836 2674 878 2703 do
903 2684 963 2704 nou
981 2679 1074 2709 esset,
1090 2674 1237 2704 creditori
1257 2675 1508 2709 adiudicnbntur.

838 2719 950 2747 ,Varus
961 2717 1089 2756 quidem
1105 2717 1266 2747 civitatem
1285 2718 1416 2749 minime
1431 2720 1508 2751 nmi-

837 2759 888 2794 μὴ,
915 2760 1060 2790 vulda-tua
1092 2770 1164 2790 vcro
1193 2761 1298 2801 capita
1326 2762 1510 2794 derninums

837 2807 895 2836 ent,
911 2803 994 2841 quud
1009 2802 1116 2833 “liber
1130 2803 1222 2834 alteri
1238 2804 1399 2844 mancipio
1415 2806 1510 2836 «huus

836 2847 953 2875 υκαι-ιβ’
983 2845 1022 2876 cs.
1048 2845 1183 2877 Niebhr.
1200 2846 1219 2877 i.
1237 2856 1267 2886 p.
1285 2845 1356 2886 567.
1382 2848 1450 2880 (fic.
1467 2850 1507 2880 de

843 2887 922 2926 step.
942 2888 971 2919 ii.
991 2898 1038 2927 3⁴-

1248 2989 1273 3017 ΙΙ
