1934 3211
560 186 686 229 LIB.
722 186 798 228 IV.
842 186 988 228 CAP.
1022 192 1091 229 48.
1445 192 1528 233 273

96 281 108 302 ¹
124 284 169 319 et
181 275 229 318 P.
245 275 445 318 Lucretio
462 274 729 332 Tricipitino,
744 276 898 318 iterum
915 276 1111 318 omnibus
1124 276 1202 326 his,
1217 286 1260 318 et
1276 276 1346 333 Sp.
1365 277 1528 320 Rutilio
1544 289 1586 321 U.
1604 290 1642 322 c.
1660 298 1733 331 339·

92 323 109 344 ²
128 333 292 383 Crasse,
309 340 353 375 et
373 333 624 389 insequente
641 348 754 375 anno
779 333 831 375 A.
850 333 1101 390 Sempronio
1125 333 1323 375 Atratino
1341 335 1525 384 tertium,
1542 332 1580 363 A.
1605 333 1643 365 C.
1660 341 1734 372 4¹3·

124 398 168 433 et
203 389 370 432 duobus
405 390 559 432 iterum
597 390 659 432 M.
688 391 859 447 Papirio
893 391 1146 447 Mugillano,
1180 400 1223 432 et
1265 391 1336 448 sp.
1366 391 1527 434 Nautio
1539 375 1748 448 355321122‘21

126 446 288 497 Rutilo,
317 448 538 489 biennium
567 448 819 504 tranquillae
847 457 1048 490 externae
1077 463 1155 497 res,
1178 448 1388 490 discordia
1411 449 1595 490 domiTr.
1614 459 1687 490 Mil.

91 521 110 552 3
125 519 179 546 ex
219 505 389 560 agrariis
423 505 589 561 legibus
621 506 712 547 fuit.
776 505 1034 547 Turbatores
1070 506 1186 562 vulgi
1223 515 1343 547 erant
1386 506 1528 563 Spurii
1609 505 1690 563 48⁶.

124 560 351 604 Maecilius
391 571 588 619 quartum
629 572 672 604 et
721 562 914 604 Metilius
956 564 1125 604 tertium
1174 564 1331 604 tribuni
1378 564 1526 620 plebis,
1542 558 1714 616 Dfsc⁰rd¹5²

123 620 248 661 ambo
264 620 457 662 absentes
473 620 615 662 creati.
680 620 737 662 Et
753 635 886 676 quum
900 621 1161 677 rogationem
1177 621 1526 677 promulgassent,
1540 610 1726 682 legg-grurus

91 685 172 722 4ut
193 692 292 733 ager
319 693 373 719 ex
398 678 588 719 hostibus
609 687 756 733 captus
783 678 940 719 viritim
968 678 1240 728 divideretur,
1262 694 1527 735 magnaeque

92 748 110 780 5
126 735 256 790 partis
283 735 489 777 nobilium
511 751 562 776 eo
587 735 808 791 plebiscito
836 736 1152 791 publicarentur
1177 736 1394 785 fortunae3
1428 736 1528 793 (nec

125 792 240 833 enim
253 792 383 834 ferme
399 793 626 848 quicquam
641 793 743 848 agri,
759 802 806 834 ut
827 794 871 833 in
887 794 990 834 urbe
1012 790 1150 835 alieno
1172 793 1261 835 solo
1277 794 1425 850 posita,
1441 809 1528 836 non

91 849 249 890 oarmis
279 859 449 906 partum
478 860 594 899 erat3
633 866 725 900 nec,
755 851 871 906 quod
899 851 1083 892 venisset
1109 851 1418 907 assignatumve
1449 867 1529 908 pu-

94 906 232 950 7blice
263 916 385 957 esset,
407 917 703 964 praeterquam
732 908 851 964 plebs
882 908 1084 964 habebat)
1104 917 1224 949 atrox
1254 908 1368 965 plebi
1391 909 1528 950 Patri-

123 964 287 1021 busque
302 965 563 1021 propositum
577 965 798 1007 videbatur
810 974 1041 1007 certamen:
1066 981 1145 1007 nec
1159 966 1317 1008 tribuni
1331 966 1528 1017 militum,

125 1037 240 1063 nunc
262 1022 306 1063 in
328 1030 489 1072 senatu,
512 1038 627 1064 nune
648 1023 692 1063 in
714 1023 902 1064 conciliis
923 1024 1093 1080 privatis
1114 1023 1353 1080 principum
1374 1039 1529 1081 cogen-

122 1079 203 1130 dis,
224 1080 336 1122 viam
357 1080 520 1121 consilii
549 1080 849 1129 inveniebant3
881 1096 1015 1137 quum
1044 1082 1128 1138 Ap.
1155 1080 1374 1132 Claudius,
1397 1097 1529 1138 nepos

120 1137 216 1178 eius
235 1137 311 1193 qui
342 1137 556 1179 decemvir
582 1137 746 1193 legibus
767 1138 998 1180 scribendis
1027 1139 1175 1189 fuerat,
1197 1138 1398 1180 minimus
1425 1148 1529 1181 natu

122 1209 179 1236 ex
200 1194 375 1236 Patrum
403 1195 597 1245 coneilio,
621 1195 776 1236 dicitur
796 1196 966 1246 dixisse,
990 1201 1002 1220 ‘
1019 1196 1155 1238 Vetus
1183 1211 1226 1238 se
1249 1212 1297 1238 ac
1324 1197 1527 1238 familiare

91 1251 374 1294 s‘consilium
403 1252 530 1293 domo
559 1253 730 1294 afferre:
765 1269 967 1309 proavum
997 1254 1111 1295 enim
1140 1269 1264 1295 suum
1294 1255 1377 1311 Ap.
1397 1254 1528 1296 Clau·
1542 1263 1642 1312 Appii
1659 1274 1732 1295 con-

125 1309 269 1351 ‘djum
297 1310 529 1352 ostendisse
558 1310 753 1352 Patribus
781 1311 892 1352 viam
920 1327 1048 1352 unam
1077 1311 1367 1353 dissolvendae
1398 1313 1529 1353 tribu·
1541 1307 1706 1379 ³³¹¹¹¹¹¹¹IS¹⁰

126 1367 289 1409 ‘niciae
320 1368 539 1423 potestatis
571 1383 648 1424 per
677 1368 933 1424 collegarum
964 1369 1321 1410 intercessionem.
1387 1369 1526 1410 Facile
1541 1359 1726 1422 ,ᾟΓζζῗζζξο

90 1440 111 1470 9
126 1430 137 1448 ‘
150 1424 343 1466 homines
364 1441 494 1466 novos
515 1426 763 1467 auctoritate
785 1426 1026 1482 principum
1048 1426 1101 1467 de
1124 1426 1334 1467 sententia
1357 1426 1525 1476 deduci,
1540 1434 1636 1465 ribus.

126 1482 183 1523 ‘si
217 1491 456 1539 temporum
489 1483 705 1524 interdum
741 1483 893 1539 potius,
926 1498 1054 1539 quam
1090 1483 1330 1533 maiestatis,
1368 1498 1529 1525 memor

176 1626 188 1647 1
214 1618 339 1648 Iterum
353 1618 499 1648 omnibus
514 1617 581 1655 his]
611 1617 658 1648 Ut
674 1617 735 1647 hoc
755 1627 804 1648 ve-

850 1618 929 1649 blice
951 1619 1048 1657 esset]
1100 1619 1328 1650 Vendebantur
1351 1619 1438 1659 capti
1462 1620 1528 1659 agri

122 1669 195 1690 rum
213 1659 265 1697 sit,
280 1669 410 1690 necesse
428 1663 477 1690 est
497 1669 537 1690 ex
556 1659 740 1690 coniectura
757 1659 803 1690 Si-

848 1660 1000 1691 auctione
1043 1660 1231 1699 constituta,
1273 1664 1529 1701 assiquabantur

119 1701 211 1743 gonii
228 1703 265 1733 L.
284 1703 459 1733 Servilium
482 1712 568 1742 supr.
594 1712 644 1741 42.
669 1713 803 1741 repona-

124 1754 207 1782 mus,
229 1744 285 1775 sed
310 1744 475 1775 Glareano
503 1745 611 1785 placet
640 1746 718 1776 Chio
746 1755 804 1785 pro

123 1788 226 1818 Lucio
241 1787 303 1817 hoc
321 1787 392 1817 loco
408 1788 524 1827 legere.

171 1839 190 1860 2
214 1830 270 1869 Sp.
295 1831 437 1869 Rutilio]
475 1830 665 1870 Legendum
694 1834 804 1861 censet

122 1871 274 1912 Sigonius
288 1873 345 1912 Sp.
369 1874 498 1904 Veturio
514 1884 553 1903 ex
574 1873 718 1903 Diodoro
735 1873 801 1904 xiii.

123 1925 156 1954 p.
170 1924 243 1954 334,
256 1915 342 1954 quod
358 1916 478 1946 Rutilii
496 1915 613 1955 plebeii
630 1919 733 1952 erant,
749 1915 802 1945 hie

125 1968 199 1988 vero
212 1957 384 1997 patricium
395 1958 587 1997 quaerimus,
623 1958 716 1988 Idem
731 1962 804 1998 post

121 2001 179 2040 Sp.
186 2001 311 2031 Nautio
322 2002 433 2031 Rue-‘co
444 2010 538 2031 voces
546 2006 576 2032 et
587 2002 624 2038 Q.
635 2002 736 2031 Fabio
754 2002 803 2031 Vi-

124 2043 243 2073 hulam
259 2042 458 2073 intercidisse
482 2047 585 2082 putat.
633 2043 699 2073 Hic
715 2043 801 2072 enim

123 2085 166 2115 ab
193 2085 379 2115 auctoribus
401 2085 598 2124 Capitolinis
625 2089 657 2114 et
680 2094 699 2114 a
725 2084 802 2114 Dio-

124 2127 204 2157 doro
215 2126 282 2157 xiii.
296 2137 327 2166 p.
343 2136 413 2166 335.
430 2127 462 2157 in
478 2127 565 2157 hunc
581 2136 703 2157 annum
720 2126 804 2156 inter

125 2169 272 2200 tribunos
287 2169 353 2200 mil.
371 2169 487 2200 editur.

176 2221 194 2251 3
215 2212 329 2251 Spurii
357 2212 533 2242 Alaea-ilius
557 2235 563 2242 .
582 2234 588 2241 .
608 2235 614 2242 .
632 2234 639 2241 .
660 2216 689 2241 et
706 2212 803 2241 Meti-

124 2255 207 2292 lius]
231 2255 338 2284 Ambo
350 2253 501 2284 nimirum
516 2264 693 2293 cognomen
708 2253 803 2284 babe-

127 2297 205 2327 bant
213 2297 365 2336 Spurius.
400 2297 570 2327 Hactenus
582 2297 739 2326 edebatur
747 2297 802 2335 Sp.

125 2340 212 2378 quod
229 2343 314 2369 recte
330 2338 422 2369 nobis
437 2338 638 2378 interpretari
659 2338 743 2369 visus
758 2343 805 2368 est

126 2381 277 2421 Sigonius
291 2382 426 2422 Spurii:
455 2386 554 2421 atque
578 2381 622 2411 ita
645 2381 806 2417 dedimus,

128 2427 164 2454 ut
179 2423 374 2464 ambiguitas
388 2424 566 2454 tolleretur.
591 2424 697 2454 Cuuv.

170 2478 190 2505 4
211 2468 302 2506 Λρω·
321 2478 362 2498 ει·
381 2467 521 2497 hostibus
539 2467 672 2506 captus]
699 2465 803 2501 Quid-

127 2508 205 2548 quid
220 2508 286 2547 agri
302 2509 344 2539 ab
360 2509 438 2539 urbe
454 2508 586 2539 condita
601 2519 640 2539 ex
661 2508 805 2538 hostibus

127 2555 260 2590 captum
274 2555 354 2588 erat,
367 2555 494 2590 praeter
508 2551 539 2581 id
552 2552 637 2590 quod
653 2550 805 2587 venierat,

126 2592 366 2631 assignaturum
397 2593 527 2633 publice
550 2598 630 2630 erut,
651 2598 687 2624 ut
716 2598 806 2633 patet

127 2645 168 2665 ex
184 2634 402 2674 sequentibus.
427 2636 534 2666 Cum.

178 2686 195 2716 5
225 2678 481 2707 Pam-'curentur
502 2678 680 2716 fortunae]
729 2678 805 2708 For-

127 2724 229 2750 tunae
251 2729 295 2750 sc.
315 2719 413 2749 annui
440 2719 572 2755 reditus,
601 2721 804 2758 publicaren-

128 2761 233 2798 ἐπα-,ἰῇ
249 2761 413 2801 publicum
429 2767 621 2800 resumptae.
652 2761 807 2791 Similiter

128 2815 215 2844 supr.
233 2804 276 2835 iii.
297 2813 348 2843 30.
372 2805 411 2834 (le
430 2805 592 2834 Aventino
612 2804 807 2842 publicando

142 2857 182 2878 ex
216 2847 281 2877 latu
311 2851 368 2877 ent.
405 2845 539 2876 Niebhr.
572 2845 602 2876 ii.
635 2850 701 2876 not.
734 2845 805 2884 6⁸5.

179 2889 301 2920 ucham.
321 2899 350 2928 p.
368 2898 439 2927 235.
458 2893 523 2919 not.
542 2891 592 2927 58.

171 2932 192 2962 6
213 2933 306 2969 Quod
328 2934 464 2962 veniae!
485 2932 725 2968 assiyraatnnme
748 2941 805 2969 pu-

186 2987 285 3013 VOL.
312 2986 336 3013 ¹.

848 1703 983 1742 publica
997 1703 1190 1735 auctoritate
1205 1704 1255 1734 vel
1271 1705 1430 1735 militibus
1445 1705 1527 1736 bene

849 1746 889 1776 de
912 1746 1081 1786 republica
1103 1746 1236 1785 meritis,
1255 1747 1305 1778 vel
1329 1748 1528 1779 deducendis

848 1787 881 1818 in
898 1799 953 1819 eos
969 1788 1113 1821 coloniis.
1139 1789 1249 1820 DOER.

895 1839 911 1870 7
934 1833 1173 1872 Praeterquam
1193 1833 1283 1871 plebs
1305 1833 1458 1871 habehat]
1493 1833 1525 1865 Si

848 1873 1024 1914 Doeringio
1037 1879 1092 1905 aut
1106 1874 1254 1914 Ruperto
1266 1875 1448 1913 audiamus,
1458 1887 1526 1906 sen-

847 1926 901 1947 sus
921 1920 980 1954 est,
997 1927 1054 1948 nec
1076 1918 1248 1958 quicquam
1270 1918 1406 1948 habebat
1425 1919 1527 1958 plebs,

847 1960 912 1989 nisi
935 1960 1020 2000 quod
1037 1960 1203 1991 venditum
1219 1961 1482 2001 assimzatumque
1498 1963 1528 1992 ei

873 2003 976 2032 ublice
992 2007 1093 2033 esset.-
1117 2003 1174 2033 sed
1196 2002 1268 2033 aliis
1290 2002 1359 2033 iure
1378 2003 1527 2042 displicet

859 2054 928 2074 iaec
946 2043 1061 2074 versio:
1084 2054 1184 2083 quum
1202 2045 1287 2074 enim
1313 2045 1393 2075 haec
1413 2055 1525 2084 parcn-

847 2085 968 2116 thetice
1001 2085 1164 2122 dicuntur,
1193 2091 1229 2116 ut
1261 2087 1379 2117 clarius
1414 2091 1525 2126 pateat

847 2127 1009 2166 quomodo
1033 2128 1152 2164 evenit,
1168 2132 1203 2158 ut
1220 2128 1368 2158 fortunae
1391 2138 1526 2166 magnae

848 2169 948 2208 partis
981 2169 1137 2200 nobilium
1179 2170 1363 2209 publicatae
1397 2171 1526 2206 fuerint.

850 2217 957 2242 noster
995 2212 1077 2242 velle
1116 2211 1242 2242 videtur
1284 2213 1402 2249 dicere,
1439 2215 1523 2253 quod

849 2255 932 2284 nulli
945 2259 1173 2295 praeterquam
1196 2256 1325 2294 pla-beii,
1342 2256 1372 2286 b.
1390 2267 1416 2286 υ.
1436 2257 1527 2295 plebs

848 2297 928 2333 sola,
950 2308 1044 2336 ayrns
1068 2299 1209 2327 venditos
1231 2300 1448 2337 assi-(malaeve
1470 2300 1524 2328 ha-

850 2341 947 2376 beret,
980 2339 1034 2379 qui
1069 2341 1232 2379 publicari
1269 2341 1448 2380 nequirent.
1485 2342 1525 2372 cf.

853 2382 1023 2412 &Van-bam.
1042 2392 1071 2421 p.
1092 2381 1161 2421 236.

893 2425 912 2453 8
936 2426 1099 2454 l’rmwmn
1122 2449 1128 2455 .
1145 2448 1152 2455 .
1171 2448 1178 2455 .
1196 2448 1203 2455 .
1224 2436 1317 2454 suum
1342 2427 1406 2465 Ap.
1431 2426 1525 2456 (flau-

848 2467 955 2504 dium]
975 2468 1084 2502 Quem
1099 2468 1238 2497 cundem
1253 2478 1325 2497 cum
1342 2469 1418 2497 Atto
1429 2469 1526 2499 Clau-

849 2519 884 2537 so
908 2509 1004 2539 fuisse
1028 2515 1136 2539 censet
1164 2509 1298 2540 Niebbr.
1322 2510 1352 2540 ii.
1371 2515 1436 2541 not.
1458 2518 1526 2549 754.

852 2551 904 2581 Dc
920 2552 981 2581 hoc
1000 2556 1106 2581 vetere
1122 2551 1267 2589 consilio,
1278 2552 1318 2582 cs.
1330 2563 1415 2592 supr.
1428 2552 1458 2582 ii.
1471 2565 1521 2591 44.

898 2604 918 2634 s)
945 2595 1102 2624 Homines
1133 2596 1244 2633 novos]
1292 2595 1329 2624 Ιη
1360 2595 1527 2625 tribunatu

851 2637 1032 2666 exercendo
1048 2647 1142 2667 noi-os
1161 2637 1226 2666 vult
1247 2637 1343 2668 noer.
1379 2638 1441 2667 Sed
1462 2637 1526 2667 ficri

853 2683 958 2717 potest
980 2683 1014 2708 ut
1035 2679 1176 2709 laomim-s
1200 2681 1272 2708 noo-e·
1297 2679 1349 2708 hic
1373 2680 1528 2709 ›enbitilmx

849 2726 1068 2759 opponantur.
1093 2731 1196 2760 neque
1219 2721 1351 2751 difficile
1378 2727 1444 2752 erut
1474 2722 1527 2751 lim

852 2763 954 2792 minen
971 2773 1069 2792 novos
1088 2764 1280 2794 auctoritate
1301 2764 1469 2798 nobilium,
1485 2774 1526 2794 sc.

850 2804 876 2833 ni
893 2815 912 2834 a
929 2804 1090 2835 nobilibus
1114 2806 1367 2844 prensitarcntur
1382 2811 1413 2837 et
1431 2806 1526 2836 emni-

852 2852 900 2876 ter
926 2847 1188 2883 millii-inuentum
1215 2849 1255 2878 ‹le
1285 2849 1444 2880 sententia
1475 2850 1527 2878 ‹le-

852 2889 936 2919 duci.

1273 2989 1298 3015 Ἰ,
