1934 3211
191 1170 290 1199 Senes
306 1178 387 1197 mor-

190 1215 255 1240 tem
264 1220 395 1248 exspec-

191 1257 261 1282 tant
278 1252 374 1284 domi.

403 176 486 213 332

923 171 1071 213 TITI
1113 170 1293 212 LIVII

366 289 373 296 ·
402 277 612 303 sacrorum
634 276 775 302 secum
795 261 979 311 ferenda,
1003 277 1124 317 quae,
1147 262 1247 316 quia
1268 262 1373 301 vires
1394 260 1446 300 ad
1468 260 1609 300 omnia
1628 259 1800 300 ferenda

367 330 377 340 ²
404 319 590 368 deerant,
617 318 898 374 relinquenda
928 328 1078 368 essent,
1101 318 1398 366 consultanteS,
1426 317 1570 372 quisve
1606 331 1656 357 ea
1684 315 1800 357 locus

404 376 519 417 fideli
540 385 819 416 asservaturus
841 376 1031 416 custodia
1050 385 1180 423 esset3
1215 375 1420 431 optimum
1442 374 1616 422 ducunt,
1631 372 1800 414 condita

404 434 450 474 in
470 432 636 474 doliolis
660 432 810 474 sacello
830 433 1022 488 proximo
1051 433 1223 473 aedibus
1251 431 1430 472 flaminis
1462 430 1704 479 Quirinalis,
1726 429 1834 474 ubi4

404 506 519 531 nunc
551 490 700 546 despui
732 489 878 545 religio
911 498 986 538 est,
1024 489 1243 530 defodere:
1288 497 1426 529 cetera
1456 488 1566 528 inter
1597 503 1640 528 se
1673 501 1800 527 onere

431 620 457 645 n

436 548 558 588 artito
584 547 727 587 ferunt
746 547 824 595 via,
848 561 954 601 quae
977 546 1151 586 sublicio
1179 554 1309 601 ponte
1331 545 1448 585 ducit
1468 545 1522 585 ad
1550 543 1798 585 Ianiculum.

404 563 433 645 i)
481 620 531 645 eo
552 604 659 645 clivo
680 619 748 644 eas
770 618 902 657 quum
924 602 972 642 L.
994 602 1205 651 Albinius,
1227 602 1279 642 de
1301 602 1422 657 plebe
1445 601 1640 642 Romana
1660 601 1799 650 homo,
1816 616 1833 648 5

406 661 702 717 conspexisset,
744 660 927 715 plaustro
968 659 1191 713 coniugem
1226 674 1273 699 ac
1313 658 1464 698 liberos
1495 658 1653 698 vehens
1692 658 1804 698 inter

408 728 590 759 ceteram
619 717 796 765 turbam,
819 731 927 770 quae
956 715 1116 755 inutilis
1144 715 1254 755 bello
1276 715 1377 755 urbe
1403 714 1655 755 excedebat:
1689 714 1835 756 salvo6

408 776 535 816 etiam
572 782 661 814 tum
697 772 937 813 discrimine
974 772 1210 812 divinarum
1246 772 1611 826 humanarumque
1647 786 1800 820 rerum,

408 831 685 885 irreligiosum
729 838 853 878 ratus,
896 829 1129 869 sacerdotes
1176 828 1364 884 publicos
1412 843 1609 883 sacraque
1656 827 1804 883 populi

410 888 594 929 Romani
619 887 798 942 pedibus
823 887 896 935 irc,
918 886 1125 941 ferrique3
1159 901 1201 926 sc
1224 902 1270 927 ac
1300 901 1395 926 suos
1416 886 1460 925 in
1480 884 1673 926 vehiculo
1701 900 1803 925 con-

408 945 533 1001 spici:
568 944 823 985 descendere
838 958 1012 983 uxorem
1030 959 1076 983 ac
1093 958 1244 999 pueros
1261 943 1391 992 iussit,
1407 942 1587 997 virgines
1604 956 1803 997 sacraque

408 1002 453 1042 in
473 1002 705 1058 plaustrum
727 1001 939 1056 imposuit,
955 1009 997 1041 et
1021 1000 1168 1049 Caere,
1193 1016 1277 1055 quo
1299 1000 1378 1040 iter
1398 999 1680 1040 sacerdotibus
1701 1007 1802 1048 erat,

408 1059 609 1114 pervexit.

469 1116 630 1157 Romae
652 1116 833 1164 interim,
856 1115 953 1156 satis
974 1115 1056 1155 iam
1078 1115 1284 1164 omnibus,
1307 1122 1354 1155 ut
1374 1114 1419 1154 in
1441 1114 1511 1155 tali
1533 1129 1589 1163 re,
1605 1113 1662 1154 ad
1682 1121 1805 1154 tuen-

410 1173 507 1214 dam
543 1188 681 1214 arcem
714 1173 967 1228 compositis,
1001 1173 1123 1213 turba
1162 1172 1386 1220 seniorum,
1422 1171 1567 1212 domos
1607 1185 1803 1226 regressa,

409 1231 637 1271 adventum
659 1230 843 1270 hostium
860 1230 1068 1270 obstinato
1090 1229 1143 1269 ad
1164 1236 1339 1269 mortem
1362 1228 1502 1269 animo
1523 1227 1802 1283 exspectabat.

413 1288 500 1342 Qui
531 1303 676 1328 eorum
707 1286 872 1328 curules
901 1295 1114 1342 gesserant
1154 1285 1429 1341 magistratus,
1462 1294 1509 1325 ut
1538 1284 1584 1325 in
1613 1284 1804 1325 fortunae

409 1345 606 1401 pristinae
638 1344 931 1399 honorumque
963 1352 1036 1383 aut
1064 1343 1229 1383 virtutis
1266 1342 1500 1398 insignibus
1530 1349 1804 1390 morerentur,

411 1417 519 1456 quae
550 1401 842 1457 augustissima
861 1400 986 1441 vestis
1012 1408 1074 1441 est
1102 1409 1239 1441 tensas
1268 1399 1518 1440 ducentibus
1543 1398 1806 1454 triumphan-
1822 1407 1839 1440 7

410 1459 584 1507 tibusve,
601 1474 650 1499 ea
658 1458 796 1498 vestiti
810 1457 949 1498 medio
963 1457 1131 1497 aedium
1145 1457 1339 1498 eburneis
1353 1456 1462 1497 sellis
1476 1455 1631 1496 sedere.
1683 1455 1804 1505 Sunt,
1820 1462 1839 1492 8

412 1515 498 1570 qui,
515 1514 576 1555 M.
594 1515 723 1555 Fabio
744 1515 943 1570 pontifice
959 1515 1143 1554 maximo
1160 1514 1373 1569 praefante
1392 1528 1573 1562 carmen,
1592 1512 1805 1553 devovisse

411 1587 481 1612 cos
502 1587 544 1612 se
566 1587 641 1627 pro
662 1572 796 1626 patria
812 1571 1132 1625 Quiritibusque
1151 1571 1364 1619 Romanis,
1381 1570 1556 1611 tradant.

1621 1569 1746 1618 Galli,
1765 1577 1808 1609 et

412 1629 511 1684 quia
545 1628 792 1683 interposita
830 1636 953 1667 nocte
991 1643 1014 1667 a
1050 1628 1320 1668 contentione
1353 1642 1519 1682 pugnae
1561 1626 1840 1670 remiserant9

412 1686 585 1734 animos,
614 1694 656 1725 et
688 1684 801 1740 quod
835 1699 913 1724 nec
944 1684 988 1723 in
1019 1684 1106 1724 acie
1137 1684 1310 1738 ancipiti
1341 1699 1518 1738 usquam
1549 1691 1808 1723 certaverant

412 1742 583 1798 proelio,
605 1757 682 1782 nec
715 1750 805 1781 tum
835 1740 996 1795 impetu
1017 1750 1089 1780 aut
1109 1741 1148 1779 vi
1180 1740 1400 1794 capiebant
1431 1741 1589 1788 urbem,
1612 1739 1700 1779 sine
1732 1738 1806 1788 ira,

413 1799 501 1839 sine
531 1798 677 1839 ardore
709 1798 945 1838 animorum
967 1796 1139 1851 ingressi
1170 1805 1336 1851 postero
1362 1796 1429 1836 die
1458 1797 1605 1836 urbem
1636 1804 1806 1850 patente

417 1855 586 1896 Collina
614 1864 746 1910 porta,
774 1855 819 1894 in
843 1854 979 1894 forum
1011 1854 1274 1908 perveniunt,
1301 1853 1640 1893 circumferentcs
1665 1852 1807 1893 oculos

414 1912 466 1953 ad
496 1912 651 1968 templa
675 1912 802 1952 deum
828 1926 1063 1965 arcemque,
1087 1910 1215 1951 solam
1247 1910 1344 1950 belli
1373 1910 1554 1965 speciem
1577 1918 1805 1950 tenentem.

458 2068 477 2093 4
503 2057 563 2087 Ubi
587 2056 690 2093 nunc]
729 2055 899 2093 Tanquam
924 2054 956 2084 in
980 2055 1087 2084 locum

415 2097 460 2126 ita
486 2101 659 2133 sacratum,
684 2097 728 2126 ibi
755 2098 867 2136 despui
894 2098 1006 2135 relissio
1032 2101 1089 2133 est,

415 2140 500 2177 qnod
523 2144 554 2170 et
575 2140 707 2169 tradunt
724 2140 839 2169 Festus
856 2150 883 2169 v.
900 2140 1041 2174 Doliola,
1058 2143 1089 2168 et

416 2182 518 2212 Varro
531 2183 571 2211 de
586 2182 621 2212 L.
635 2182 671 2211 L.
687 2181 726 2212 iv.
745 2192 775 2220 p.
795 2189 843 2219 37.
887 2181 940 2210 De
956 2182 1089 2211 sublicio

411 2229 508 2263 ponte
525 2225 564 2254 cf.
583 2234 668 2262 supr.
686 2223 705 2253 i.
725 2233 772 2262 33.
799 2224 884 2253 Rrr.

458 2274 474 2305 5
499 2268 535 2296 L.
552 2267 721 2304 Albinius]
747 2267 891 2301 Albinio,
912 2265 966 2303 qui
990 2264 1087 2294 tribu-

414 2319 474 2338 nus
500 2308 640 2337 milituln
666 2318 717 2337 an.
743 2306 812 2346 376.
841 2307 882 2337 U.
901 2308 937 2337 C.
965 2311 1090 2336 creatus

415 2354 474 2387 est,
490 2352 624 2380 Lucium
644 2359 839 2389 praenomen
856 2360 874 2378 a
889 2349 1020 2378 Diodor.
1036 2359 1087 2379 xv.

417 2402 465 2431 51.
483 2393 622 2422 inditum
639 2396 694 2422 est.
736 2391 824 2421 Hinc
840 2391 933 2420 illum
950 2391 1088 2420 eundem

415 2439 513 2473 atque
529 2434 626 2470 hunc„
640 2435 680 2464 de
692 2444 755 2472 quo
771 2444 856 2462 nunc
869 2433 984 2471 agitur,
993 2433 1089 2462 fuisse

415 2476 597 2515 suspicatur
613 2476 748 2506 Niebhr.
766 2475 798 2505 ii.
815 2486 845 2505 n.
868 2484 956 2504 1201.

466 2518 485 2548 6
513 2519 608 2548 Salvo
645 2519 740 2548 eciam
780 2522 846 2547 tum
887 2518 1085 2554 discrimine]

417 2561 530 2595 Quum
551 2560 648 2590 etiam
672 2560 704 2589 in
725 2563 816 2589 tanto
839 2559 937 2595 malo,
954 2568 1089 2588 servare-

416 2607 469 2632 tur
508 2602 679 2632 discrimen
716 2601 897 2631 divinarum
935 2601 1089 2630 humana-

417 2655 552 2682 rumque
583 2654 700 2680 rerum,
725 2647 757 2673 et
783 2643 945 2672 humanae.
976 2641 1091 2671 divinis

418 2687 530 2716 cedere
550 2686 745 2716 iuberentur.
792 2685 988 2723 Plerumque
1004 2684 1088 2714 enim

418 2738 534 2766 magna
560 2728 727 2758 calamitas
751 2726 860 2757 divina
883 2727 1090 2765 humanaque

419 2770 527 2799 omnia
542 2770 719 2800 confundit.
743 2770 848 2800 CnEv.

465 2818 480 2848 7
500 2813 616 2841 Tem-as
632 2812 835 2849 ducentibus]
866 2811 992 2840 Tensue
1016 2814 1090 2840 sunt

419 2862 508 2880 sacra
524 2853 682 2889 vehicula,
698 2853 813 2891 quibus
829 2852 1001 2882 simulacra
1017 2853 1089 2882 deo-

420 2903 490 2922 rum
514 2893 598 2923 ludis
616 2895 820 2924 Circensibus
842 2894 874 2924 in
895 2895 1025 2925 Circum
1049 2895 1090 2924 ad

1135 2053 1285 2092 pulvinar
1314 2054 1548 2084 deferebantur.
1606 2053 1692 2083 Ante
1722 2052 1809 2091 ipsas

1134 2097 1202 2125 lora
1222 2096 1448 2132 tendebantur,
1464 2105 1546 2134 quae
1562 2095 1694 2125 fortasse
1709 2104 1808 2125 manu

1134 2139 1287 2167 tenebant
1319 2138 1479 2176 principes
1511 2137 1579 2174 viri,
1608 2140 1706 2175 atque
1735 2136 1809 2167 ideo

1134 2181 1250 2210 ducere
1272 2191 1325 2209 eas
1344 2180 1541 2210 dicebantur.
1578 2179 1654 2209 Vid.
1667 2179 1809 2209 Pseudo—

1134 2223 1250 2252 Ascon.
1267 2222 1299 2251 in
1317 2222 1385 2253 Cic.
1403 2226 1513 2252 contra
1530 2222 1621 2251 Verr.
1638 2221 1669 2251 ii.
1687 2221 1704 2258 ἓ
1725 2229 1795 2260 154.

1182 2265 1200 2294 S
1225 2265 1336 2294 Aledio
1360 2265 1504 2302 aedium]
1551 2263 1724 2302 Octoginta
1750 2273 1808 2292 nu-

1134 2317 1221 2336 mero
1241 2307 1421 2336 sacerdotes
1442 2310 1474 2336 ct
1498 2305 1648 2344 patricios
1671 2305 1810 2335 seniores

1133 2348 1165 2377 in
1189 2350 1256 2378 foro
1279 2349 1428 2378 Romano
1452 2348 1547 2377 sellas
1570 2346 1713 2386 posuisse
1735 2346 1808 2376 scri-

1134 2390 1181 2419 bit
1198 2391 1313 2420 Zonar.
1331 2390 1382 2419 vii.
1401 2400 1462 2426 21„
1479 2389 1532 2427 qui
1548 2388 1701 2427 religione
1721 2388 1808 2418 haud

1133 2431 1287 2462 inusitata
1313 2431 1374 2461 Dis
1394 2432 1548 2461 Manibus
1571 2435 1603 2461 et
1626 2430 1751 2460 Telluri
1775 2440 1808 2460 se

1134 2474 1338 2508 devoverant,
1354 2477 1390 2502 nt
1407 2474 1505 2503 caede
1521 2484 1579 2503 sua
1598 2473 1645 2502 ira
1663 2473 1809 2502 Deorum

1133 2515 1165 2545 in
1177 2516 1285 2554 capita
1295 2515 1434 2545 hostium
1447 2519 1652 2546 averteretur.
1671 2515 1710 2545 cf.
1721 2515 1808 2546 Plut.

1134 2558 1167 2587 in
1184 2559 1276 2588 Cam.
1296 2567 1344 2587 21.

1178 2610 1197 2639 9
1220 2601 1415 2638 Interposita
1437 2601 1542 2637 nocte]
1572 2600 1603 2630 h.
1621 2609 1646 2629 e.
1666 2599 1730 2629 Die
1749 2602 1808 2628 ter-

1135 2641 1180 2671 tio
1194 2645 1264 2680 post
1281 2652 1422 2680 pugnam
1435 2641 1625 2678 Alliensem,
1636 2644 1672 2670 ut
1688 2641 1808 2671 Roma—

1135 2684 1183 2713 nis
1199 2683 1388 2713 numerandi
1404 2694 1473 2713 mos
1489 2687 1556 2713 erat
1571 2694 1577 2713 z
1606 2693 1670 2713 uno
1687 2681 1808 2712 scilicet

1135 2725 1187 2756 die
1202 2725 1401 2764 interposito,
1429 2726 1468 2755 cf.
1486 2726 1525 2755 A.
1545 2725 1631 2755 Gell.
1646 2735 1673 2755 v.
1691 2732 1736 2762 17.
1753 2723 1807 2762 qui

1130 2773 1202 2807 post
1232 2769 1314 2798 diem
1345 2769 1474 2798 tertium
1503 2769 1572 2797 eins
1602 2768 1664 2797 (liei
1696 2766 1807 2795 urbem

1131 2815 1263 2849 praeter
1279 2810 1471 2848 (hpitolium
1491 2813 1615 2847 captam
1632 2818 1708 2841 esse,
1724 2805 1805 2836 scili-

1135 2856 1185 2881 cet
1201 2853 1251 2882 (lie
1267 2853 1359 2882 tertio
1376 2857 1447 2890 post
1466 2860 1618 2890 pugnam,
1635 2859 1674 2879 cx
1693 2847 1808 2878 Verrio

1136 2894 1254 2923 Flacco
1270 2894 1374 2923 refert.
