1934 3211
191 247 234 279 U·
251 248 289 278 C
307 256 378 287 457·

190 292 227 321 Α.
252 291 378 331 C..295

253 875 318 912 31.

189 929 314 961 Etrusci
330 933 361 960 et

187 973 347 1003 Samnites

187 1016 308 1046 bellurn
324 1026 369 1047 re-

188 1062 309 1096 parant.

406 156 487 194 592
910 155 1055 196 TITI
1097 154 1271 197 IIVII

405 244 548 294 citum,
585 245 629 285 in
664 245 881 287 Tifeinum
918 256 1102 288 montem
1136 247 1406 303 compulsum,
1441 262 1525 287 non
1561 246 1781 289 deterritus

405 301 625 357 iniquitate
646 303 738 352 loci,
760 303 898 345 fundit
917 304 1127 370 fugatque.

466 359 518 408 Q.
538 359 701 411 Fabius,
724 336 912 403 ⁵Deciano
943 363 1130 403 exercitu
1160 362 1340 403 relicto
1331 378 1374 402 m
1403 361 1581 412 Etruria,
1610 362 1693 404 suis
1722 362 1780 404 le-

403 417 595 473 gionibus
636 418 825 460 deductis
866 419 918 460 ad
958 420 1115 469 urbem,
1157 420 1209 460 de
1253 419 1384 460 Gallis
1425 419 1693 476 Etruscisque
1733 435 1780 461 ac

407 475 661 517 Samnitibus
683 476 972 531 triumphavit:
1003 477 1154 517 milites
1174 476 1499 532 triumphantem
1520 477 1647 518 secuti
1670 486 1776 519 sunt.

408 532 629 575 Celebrata
655 534 879 574 inconditis
906 534 1155 574 carminibus
1182 533 1425 574 militaribus
1454 549 1538 575 non
1570 535 1699 591 magis
1718 535 1780 576 vi-

406 590 536 632 ctoria
558 591 611 639 Q.
630 590 759 640 Fabii,
782 606 907 646 quam
935 605 1043 631 mors
1070 590 1279 646 praeclara
1299 590 1344 631 P.
1362 590 1486 632 Decii
1506 600 1592 633 est:
1625 569 1812 638 comita-7

405 656 530 704 taque
552 647 750 689 memoria
769 648 961 703 parentis,
984 656 1160 703 aequata
1180 656 1333 688 eventu
1352 647 1530 713 publico·
1538 649 1779 715 privatoque

405 706 480 746 filii
518 705 720 746 laudibus.
793 705 906 745 Data
944 720 996 746 ex
1031 705 1185 770 praeda
1219 705 1416 746 militibus
1451 705 1554 746 aeris
1588 708 1780 763 octogeni

405 763 505 812 bini,
527 777 705 818 sagaque
731 771 772 803 et
799 763 990 811 tunicae3
1022 762 1205 818 praemia
1235 762 1305 803 illa
1335 770 1578 819 tempestate
1608 764 1778 806 militiae

404 819 728 884 haudquaquam
749 820 992 885 spernenda.

462 877 542 918 His
581 877 640 918 ita
678 878 799 918 rebus
839 878 975 933 gestiS,
1016 893 1094 919 nec
1133 877 1176 918 in
1222 877 1475 919 Samnitibus
1513 877 1662 928 adhuc,
1702 894 1780 921 nec

403 935 447 976 in
489 934 655 976 Etruria
700 950 782 991 pax
829 943 926 976 erat.
1008 935 1120 976 Nam
1165 944 1219 985 et,
1267 935 1479 976 Perusinis
1531 936 1778 986 auctoribus,

403 1001 495 1049 post
529 992 758 1033 deductum
793 993 843 1033 ab
879 993 1046 1034 consule
1082 993 1311 1034 exercitum
1343 993 1587 1034 rebellatum
1617 993 1776 1035 fuerat:

405 1058 447 1091 et
499 1049 705 1092 Samnites
753 1051 998 1107 praedatum
1047 1051 1090 1091 in
1135 1066 1279 1106 agrum
1319 1050 1547 1092 Vescinum
1597 1051 1779 1092 Formia-

403 1123 603 1164 numque,
626 1116 668 1149 et
694 1117 809 1164 parte
841 1108 958 1149 alia
948 1123 992 1148 111
1021 1108 1315 1158 Aeserninum,
1348 1123 1537 1164 quaeque
1569 1108 1810 1153 Vulturnos

402 1165 593 1207 adiacent
627 1165 802 1215 flumini,
839 1165 1102 1207 descendere
1179 1166 1391 1207 Adversus
1431 1181 1500 1207 eos
1534 1166 1615 1222 Ap.
1650 1165 1774 1207 Clau-

401 1223 494 1264 dius
528 1231 692 1279 praetor
731 1239 826 1264 cum
866 1224 1052 1265 exeicitu
1088 1223 1278 1264 Deciano
1319 1223 1474 1264 missus.
1550 1223 1700 1264 Fabius
1733 1224 1778 1264 in

403 1279 571 1322 Etruria
610 1280 836 1322 rebellante
872 1281 1012 1323 denuo
1051 1289 1247 1337 quattuor
1285 1281 1414 1322 millia
1451 1289 1494 1326 et
1529 1281 1778 1337 quingentos

402 1337 699 1379 Perusinorum
728 1338 905 1380 occidit:
939 1339 1049 1395 cepit
1079 1339 1132 1379 ad
1160 1338 1270 1380 mille
1299 1339 1582 1395 septingentos
1602 1339 1779 1394 quadra-

399 1395 540 1451 ginta:
574 1396 645 1452 qui
667 1396 873 1453 redempti
894 1396 1047 1452 singuli
1067 1397 1172 1438 aeris
1192 1397 1387 1437 trecentis
1408 1396 1564 1438 decem.
1616 1396 1808 1445 Praeda9

400 1453 479 1494 alia
498 1469 632 1494 omnis
657 1453 856 1495 militibus
883 1469 1085 1495 concessa.
1151 1453 1399 1495 Samnitium
1427 1454 1624 1510 legioneS,
1647 1469 1778 1510 quum

399 1510 550 1565 partim
591 1510 673 1566 Ap.
699 1510 903 1552 Claudius
941 1520 1117 1567 praetor,
1158 1511 1308 1567 partim
1344 1511 1393 1552 L.
1412 1511 1663 1552 Volumnius
1701 1526 1777 1568 pro

399 1567 566 1608 consule
594 1577 847 1623 sequeretur,
870 1569 913 1609 in
942 1584 1085 1624 agrum
1116 1568 1329 1610 Stellatem
1354 1569 1776 1611 convene1unt.1bi

399 1633 442 1665 et
474 1624 722 1666 Samnitium
755 1641 900 1666 omnes
932 1626 1167 1675 considunt,
1192 1635 1235 1666 et
1255 1627 1419 1682 Appius
1440 1626 1774 1691 Volumniusque

399 1691 530 1723 castra
561 1682 831 1738 coniungunt.
895 1682 1133 1738 Pugnatum
1166 1683 1438 1724 infestissimis
1470 1683 1644 1732 animis;
1676 1683 1773 1724 hinc

398 1739 458 1780 ira
487 1717 742 1782 stimulanteU
754 1740 947 1781 adveisus
976 1739 1221 1781 rebellantes
1248 1740 1381 1788 toties,
1410 1739 1523 1780 illinc
1551 1740 1602 1780 ab
1629 1739 1775 1781 ultima

398 1797 480 1837 iam
513 1797 804 1838 dimicantibus
837 1812 920 1853 spe.
986 1796 1118 1838 Caesa
1149 1812 1247 1853 ergo
1282 1796 1531 1837 Samnitium
1563 1797 1772 1838 sexdecim

398 1854 528 1895 millia
557 1855 744 1904 trecenti,
770 1864 891 1910 capta
920 1854 1003 1895 duo
1034 1854 1163 1894 millia
1193 1854 1471 1918 septingenti:
1504 1869 1557 1895 ex
1580 1854 1773 1896 Romano

398 1912 583 1952 exercitu
604 1911 790 1953 cecidere
812 1911 895 1952 duo
917 1911 1045 1952 millia
1064 1911 1327 1967 septingenti.
1390 1910 1508 1952 Felix
1533 1926 1666 1953 annus
1684 1912 1773 1954 bel-

397 1968 485 2009 licis
505 1969 639 2018 rebus,
661 1968 899 2024 pestilentia
918 1969 1064 2025 gravis,
1086 1983 1135 2024 pl
1137 1968 1368 2025 od1g11sque
1390 1968 1598 2010 sollicitus.
1646 1969 1771 2020 Nam,

441 2088 457 2120 7
476 2083 690 2122 Eoecz'tataque
704 2082 869 2119 memoria]
896 2081 1064 2111 Renovata

398 2128 446 2154 est
468 2123 621 2154 memoria
643 2124 752 2163 patris,
767 2133 862 2163 quam
879 2122 936 2153 filii
953 2123 1064 2153 laudes

397 2170 611 2206 aequaverant
627 2171 658 2197 et
674 2170 791 2197 eventu
814 2165 955 2205 publico,
976 2176 1062 2204 prae-

398 2210 484 2240 clara
498 2219 615 2248 nempe
633 2209 744 2248 populi
762 2208 902 2239 Romani
919 2207 1064 2244 victoria3

397 2256 429 2281 et
458 2254 574 2282 eventu
607 2251 743 2291 privato,
772 2250 906 2290 gloriosa
943 2250 1063 2280 scilicet

397 2298 508 2325 morte.
532 2294 637 2325 CREv.

444 2337 462 2367 8
492 2338 643 2377 Quaeque
694 2337 850 2366 Vulturno
897 2336 1059 2373 adiacent]

398 2380 549 2419 Quaeque
564 2379 650 2417 quod
671 2378 722 2408 hic
744 2388 800 2417 pro
817 2387 894 2408 voce
915 2388 998 2418 quae
1017 2387 1062 2407 re-

398 2421 503 2460 posuit
514 2421 654 2451 Gronov.
665 2421 794 2451 omnino
806 2421 917 2460 probat
929 2419 1062 2450 Niebhr.

398 2463 451 2502 qui
463 2465 678 2495 Aeserninum
693 2473 757 2493 non
772 2463 811 2493 ad
827 2463 1016 2494 Aeserniam
1031 2462 1063 2491 in

398 2506 539 2543 Samnio,
564 2506 620 2536 sed
649 2506 690 2536 ad
720 2505 874 2545 oppidum
900 2505 1061 2544 quoddam

396 2549 428 2578 in
456 2548 596 2579 Sidicino
618 2558 691 2588 agro
711 2548 909 2578 referendum
933 2550 1059 2577 censet:

397 2601 500 2638 neque
522 2594 630 2621 tamen
648 2591 863 2621 Aeserninum
885 2590 951 2620 sine
974 2589 1062 2619 dubi-

397 2633 518 2663 tatione
533 2633 672 2680 quadam
694 2633 727 2663 in
749 2636 874 2663 textum
893 2631 1063 2662 admitten—

399 2676 486 2712 dum,
502 2675 622 2722 quippe
641 2685 758 2706 nomen
774 2675 878 2705 illud
870 2685 902 2705 m
919 2674 1063 2713 pluribus

400 2718 491 2748 codd.
507 2718 587 2748 adeo
609 2717 766 2748 incuriose
787 2717 938 2764 scriptum
955 2727 1061 2747 occur-

398 2759 450 2795 rit,
466 2764 499 2789 ut
515 2760 565 2790 vel
580 2761 788 2797 Eserninum,
804 2760 852 2789 vel
868 2759 964 2789 etiam
980 2760 1062 2789 Sidi-

399 2802 503 2831 einum
525 2802 584 2839 legi
606 2803 714 2840 possit.
745 2802 783 2833 cf.
809 2801 942 2832 Niebhr.
966 2800 1008 2832 iii.
1030 2812 1060 2831 n.

399 2842 469 2882 649.

1155 2090 1174 2121 9
1202 2081 1329 2119 Sinyulz'
1359 2081 1443 2111 aeris
1475 2081 1623 2112 trecentis
1650 2082 1770 2120 decem]

1110 2122 1217 2153 Pretio
1231 2122 1387 2162 imprimis
1402 2122 1539 2160 modico,
1553 2122 1703 2162 quoniam
1720 2123 1772 2154 vix

1108 2165 1233 2195 tertiam
1250 2165 1377 2195 Atticae
1395 2164 1500 2195 minae
1516 2169 1638 2204 partem
1654 2165 1771 2197 efficit:

1108 2212 1217 2237 contra
1247 2207 1421 2247 Dionysius
1454 2207 1574 2247 primus
1603 2208 1772 2247 Syracusa-

1107 2260 1176 2280 rum
1195 2254 1349 2290 tyrannus
1367 2250 1509 2289 captivos
1528 2249 1667 2290 singulos
1684 2251 1772 2282 mina

1106 2292 1306 2323 redimendos
1318 2292 1472 2332 Rheginis
1484 2292 1648 2331 concessit,
1656 2292 1681 2323 si
1692 2293 1770 2324 Dio-

1107 2335 1172 2365 dor.
1197 2335 1260 2365 xiv.
1287 2344 1312 2373 3.
1339 2334 1417 2364 fides
1442 2334 1621 2373 adhibetur,
1645 2335 1671 2366 si
1697 2345 1771 2366 vero

1107 2377 1202 2408 Arist.
1222 2378 1341 2408 000011.
1364 2377 1396 2407 11.
1421 2387 1469 2407 21.
1491 2377 1650 2415 audimus,
1671 2377 1772 2409 tribus

1107 2419 1210 2450 minis.
1245 2419 1432 2455 Quinetiam
1449 2418 1552 2459 primo
1566 2420 1690 2451 Punico
1704 2421 1770 2451 bel-

1108 2462 1139 2491 lo
1164 2462 1330 2492 Hannibal
1356 2461 1499 2501 captivos
1521 2462 1685 2493 Romanos
1709 2467 1769 2493 ter-

1107 2504 1156 2535 nis
1171 2504 1265 2535 minis
1278 2504 1466 2534 aestimavit.
1509 2504 1593 2535 Fieri
1608 2508 1725 2544 potest,
1734 2509 1770 2536 ut

1105 2546 1166 2576 hoc
1192 2550 1336 2586 tempore
1360 2546 1527 2584 Romanis,
1550 2551 1585 2578 ut
1611 2547 1664 2586 qui
1691 2548 1769 2588 agri—

1107 2589 1250 2620 culturae
1265 2589 1324 2628 ipsi
1340 2598 1468 2628 operam
1481 2590 1591 2620 darent
1606 2593 1702 2629 atque
1716 2590 1770 2621 sti-

1107 2631 1225 2670 pendia
1254 2631 1388 2670 pedibus
1415 2636 1621 2670 mererentur,
1647 2632 1770 2663 viliores

1107 2679 1210 2704 essent
1239 2674 1330 2711 servi,
1356 2683 1450 2713 quam
1478 2674 1609 2704 Graecis
1635 2679 1667 2704 et
1693 2675 1769 2706 Car-

1106 2716 1365 2755 thaginiensibus,
1388 2716 1440 2755 qui
1461 2716 1522 2746 hoc
1547 2727 1646 2756 genus
1668 2716 1769 2747 homi-

1106 2768 1182 2788 num
1209 2758 1240 2788 in
1268 2758 1398 2798 remigio
1423 2759 1625 2796 exercebant,
1646 2763 1702 2789 aut
1727 2759 1767 2789 ad

1106 2810 1237 2831 munera
1260 2805 1457 2832 mercaturae
1483 2801 1654 2832 sordidiora
1679 2801 1766 2831 adhi-

1105 2843 1231 2873 bebant.

1910 2485 1934 2517 Η.
