1934 3211
591 436 669 498 T.
733 436 1009 500 LIVII
1074 438 1592 502 PATAVlNl

850 630 1192 682 LIBER
1274 631 1346 683 X.

185 991 229 1023 U,
247 992 284 1023 C.
302 1001 373 1031 450-
573 975 876 1026 GENUCIO‚
907 975 992 1018 Ser.
1015 975 1215 1018 Cornelio
1246 976 1496 1027 consulibus,
1526 978 1576 1019 ab
1607 978 1790 1021 externis

183 1036 224 1065 A.
248 1035 285 1066 C·
305 1044 373 1082 503-
521 1065 540 1085 ,
579 1034 708 1076 ferme
730 1034 851 1076 bellis
873 1035 1005 1075 otium
1025 1034 1115 1075 fuit.
1181 1034 1326 1076 Soram
1351 1043 1476 1090 atque
1502 1034 1653 1077 Albam
1678 1036 1790 1078 colo·
1805 1056 1818 1077 1

184 1077 390 1151 {efffissffeo
402 1093 496 1134 niae
530 1092 747 1134 deductae.
811 1092 966 1134 Albam
998 1092 1043 1132 in
1076 1092 1250 1149 Aequos
1283 1107 1356 1133 sex
1389 1092 1521 1134 millia
1547 1093 1820 1135 colonorumz

184 1163 228 1193 lio
241 1145 329 1194 Coss.
402 1151 563 1207 scripta.
611 1150 713 1192 Sora
733 1150 819 1206 agri
837 1150 980 1192 Volsci
1000 1150 1159 1199 fuerat3
1182 1150 1255 1191 sed
1275 1150 1547 1207 possederant
1569 1151 1787 1194 Samnites.

404 1208 468 1250 Eo
490 1217 687 1265 quattuor
707 1208 837 1249 millia
856 1208 1077 1249 hominum
1098 1208 1231 1249 missa.
1296 1207 1459 1250 Eodem
1480 1224 1590 1250 anno
1607 1209 1790 1266 Arpina·
1804 1224 1822 1254 3

401 1267 512 1308 tibus
541 1266 876 1322 Trebulanisque
911 1266 1054 1307 civitas
1082 1265 1189 1307 data.
1251 1265 1489 1307 Frusinates
1522 1267 1644 1308 tertia
1674 1277 1790 1324 parte

402 1325 489 1381 agri
511 1324 711 1375 damnati,
734 1324 850 1381 quod
872 1323 1081 1365 Hernicos
1102 1324 1152 1365 ab
1174 1324 1223 1365 iis
1244 1323 1484 1366 sollicitatos
1504 1334 1788 1381 compertum:

402 1382 622 1439 capitaque
657 1382 955 1424 coniurationis
988 1382 1090 1432 eius,
1117 1382 1360 1438 quaestione
1391 1382 1442 1424 ab
1467 1383 1706 1424 consulibus
1737 1399 1791 1424 ex

402 1440 762 1482 senatusconsulto
802 1440 956 1490 habita,
998 1439 1124 1496 virgis
1168 1440 1277 1481 caesi
1322 1455 1369 1481 ac
1414 1441 1548 1482 securi
1593 1441 1788 1497 percussi.

404 1497 580 1547 Tamen,
603 1514 656 1539 ne
685 1513 852 1554 prorsus
879 1497 1092 1539 imbellem
1121 1505 1293 1554 agerent
1320 1513 1490 1548 annum,
1512 1514 1638 1555 parva
1663 1514 1791 1556 expe-

188 1565 344 1595 Latrones
359 1564 391 1595 in
403 1555 507 1596 ditio
535 1555 580 1595 in
602 1555 779 1596 Umbria
798 1556 906 1596 facta
936 1565 1023 1604 est3
1058 1556 1171 1611 quod
1200 1556 1483 1606 nuntiabatur,
1512 1572 1566 1597 ex
1593 1556 1793 1613 spelunca

187 1608 343 1661 spelunca
404 1612 586 1669 quadam
621 1612 890 1654 excursiones
925 1621 1179 1654 armatorum
1214 1613 1259 1654 in
1295 1629 1413 1670 agros
1445 1614 1548 1656 fieri.
1611 1614 1663 1655 In
1698 1629 1791 1656 eam

188 1660 341 1690 oppreSSJ.
404 1670 645 1727 speluncam
676 1678 941 1726 penetratum
972 1685 1068 1710 cum
1099 1670 1226 1726 signis
1252 1680 1338 1711 est:
1373 1679 1416 1711 et
1440 1687 1493 1712 ex
1518 1687 1568 1712 eo
1594 1671 1687 1713 loco
1717 1672 1791 1713 ob-

404 1743 524 1769 scuro
559 1727 692 1769 multa
725 1727 898 1768 vulnera
932 1736 1114 1783 accepta,
1152 1728 1418 1784 maximeque
1453 1728 1640 1785 lapidum
1675 1729 1787 1778 ictu3

404 1785 552 1835 donec,
575 1785 704 1827 altero
735 1800 882 1842 specus
912 1785 1001 1826 eius
1032 1800 1101 1826 ore
1130 1784 1247 1840 (nam
1277 1785 1442 1841 pervius
1469 1785 1578 1842 erat)
1603 1786 1789 1837 invento,

404 1852 606 1899 utraeque
622 1843 762 1884 fauces
783 1843 990 1899 congestis
1006 1842 1129 1898 lignis
1145 1858 1341 1884 accensae
1359 1859 1368 1883 ε
1402 1843 1460 1884 ita
1478 1843 1591 1885 intus
1606 1843 1721 1885 fumo
1742 1860 1790 1886 ac

403 1916 556 1957 vapore
578 1901 631 1942 ad
652 1901 736 1942 duo
758 1900 889 1941 millia
908 1908 1173 1950 armatorum,
1196 1900 1361 1941 ruentia
1376 1901 1596 1943 novissime
1617 1901 1663 1942 in
1681 1901 1791 1959 ipsas

405 1959 604 2008 flammas,
621 1958 722 1999 dum
744 1957 918 1999 evadere
943 1957 1134 2007 tendunt,
1157 1958 1387 2014 absumpta.

282 2035 377 2065 -451·
463 2015 620 2058 Marcis
641 2016 763 2057 Livio
789 2015 952 2056 Dentre
981 2024 1024 2056 et
1045 2015 1229 2056 Aemilio
1257 2015 1508 2066 consulibus,
1534 2016 1823 2074 redintegra-4

305 2078 377 2107 30¹·
405 2083 495 2116 tum
517 2074 758 2130 Aequicum
788 2073 956 2115 bellum.
1023 2071 1257 2123 Coloniam,
1290 2088 1410 2130 aegre
1441 2074 1649 2130 patientes
1677 2074 1822 2122 velut5

189 2026 228 2099 a:

227 2025 287 2100 ςέο

454 2234 465 2254 1
498 2225 609 2255 Soram
642 2228 738 2264 atque
768 2224 884 2253 Albam
917 2223 1073 2260 coloniae]
1121 2223 1239 2252 Albam
1266 2223 1372 2253 adhuc
1399 2223 1586 2262 Aequorum
1611 2224 1717 2256 fuisse.
1751 2225 1790 2256 cf.

381 2281 386 2286 ·
405 2268 498 2306 Supr.
514 2267 557 2297 ix.
575 2276 623 2306 23.
669 2267 747 2297 Sora
769 2265 834 2296 iam
856 2270 925 2295 tum
950 2265 1077 2295 colonia
1121 2275 1205 2304 supr.
1218 2265 1258 2295 iv.
1271 2273 1319 2304 57.
1333 2265 1388 2296 ubi
1400 2266 1440 2296 de
1453 2267 1584 2297 castello
1598 2266 1791 2298 Volscorum

405 2311 556 2340 Romana
585 2319 653 2339 esse
682 2308 808 2339 dicitur.
866 2309 982 2347 Itaque
1012 2318 1075 2338 non
1120 2308 1162 2338 ad
1192 2308 1298 2338 lacum
1325 2308 1485 2339 Fucinum
1515 2309 1626 2349 agitur.
1654 2310 1687 2340 N
1690 2310 1791 2342 iebhr.

405 2363 490 2383 nunc
507 2352 647 2392 primum
660 2350 828 2382 deducitur
844 2351 923 2381 hacc
941 2350 1076 2388 colonia,
1121 2349 1163 2380 iii.
1181 2361 1211 2381 n.
1230 2349 1301 2389 460.

405 2396 461 2426 sed
477 2395 654 2434 suppletur.
681 2394 786 2425 CRssv.
1164 2401 1181 2431 3
1205 2395 1438 2432 Arpinatibus]
1468 2394 1627 2434 Arpinum
1654 2394 1686 2426 in
1711 2395 1790 2426 Vol-

450 2448 466 2468 2
493 2439 609 2468 Albam
631 2438 667 2467 in
691 2437 836 2476 Aequos]
867 2436 985 2466 Albam
1013 2435 1075 2465 Fu-
1122 2435 1181 2465 scis
1210 2436 1313 2475 patria
1342 2436 1402 2466 fuit
1432 2437 1528 2468 Marii
1558 2441 1590 2467 et
1616 2437 1790 2470 Ciceronis.

407 2481 507 2511 centis
516 2479 672 2520 intellige,
687 2489 706 2509 a
724 2479 967 2518 septentrionali
978 2479 1077 2508 latere
1121 2478 1226 2509 CREv.

407 2525 496 2554 lacus
512 2522 628 2553 Fucini
644 2522 715 2558 sita,
731 2522 816 2551 unde
828 2522 976 2552 Albensz's
989 2532 1077 2560 ayer,
1164 2533 1183 2559 4
1203 2522 1330 2552 Marcis
1344 2523 1436 2552 Livio
1452 2523 1576 2553 Dentre
1590 2527 1620 2553 et
1635 2524 1787 2562 Aemilio]

406 2566 476 2597 infr.
489 2566 575 2596 xxvi.
593 2575 640 2595 11.
687 2564 771 2594 Eam
786 2565 897 2594 urbem
913 2563 945 2593 in
963 2564 1078 2594 Marsis
1123 2563 1262 2602 Utrique
1274 2574 1468 2602 praenomen
1481 2569 1548 2595 erat
1557 2566 1704 2597 Alsarcus.
1737 2566 1790 2597 Li-

406 2609 502 2639 fuisse
525 2607 727 2638 consentiunt
751 2617 870 2637 omnes.
916 2605 1026 2636 Livius
1044 2606 1075 2636 in
1120 2606 1166 2636 bri
1194 2606 1315 2636 habent
1337 2608 1388 2637 M.
1413 2608 1498 2646 quod
1525 2608 1696 2647 legendum
1722 2618 1789 2639 esse

408 2651 528 2691 Aequis
546 2660 616 2681 eam
640 2649 757 2689 posuit,
773 2648 798 2679 si
815 2648 1006 2680 Douiatium
1022 2659 1075 2679 au·
1120 2650 1246 2679 Asara-is
1271 2653 1356 2680 recte
1386 2654 1495 2680 monet
1522 2650 1721 2682 Gronovius:
1752 2654 1790 2681 ut

408 2694 543 2731 diamus,
580 2692 676 2723 simili
710 2702 825 2729 errore,
855 2701 918 2730 quo
948 2691 1018 2721 infr.
1048 2701 1075 2730 3.
1121 2702 1205 2730 supr.
1221 2691 1261 2721 iv.
1279 2692 1328 2730 48.
1345 2693 1457 2732 Spurii
1473 2694 1648 2724 Maecilius
1667 2698 1698 2725 et
1716 2695 1787 2724 Me-

408 2736 585 2770 Carseolos,
612 2735 666 2774 qui
696 2735 881 2773 Aequorum
912 2737 1013 2771 erant,
1041 2738 1077 2764 ut
1121 2735 1218 2765 tilius.
1242 2734 1348 2765 (ἷκεν.

408 2778 475 2817 ipse
491 2777 631 2817 agnoscit
648 2777 716 2808 infr.
733 2787 778 2816 13.
790 2777 906 2808 Marsis
921 2776 1077 2807 ascribere
1164 2785 1180 2816 5
1201 2779 1308 2815 Aeyre
1320 2778 1495 2816 patientes]
1514 2778 1741 2809 Nominativus
1753 2777 1786 2808 in

410 2820 541 2850 xidetnr.
569 2820 653 2850 Fieri
666 2825 774 2850 tamen
788 2819 1075 2858 potest‚11tvicino-
1122 2819 1334 2858 praecedente
1352 2831 1426 2850 voce
1441 2822 1620 2861 Aequicum
1637 2821 1724 2851 latet.
1742 2830 1784 2851 sc.

408 2872 476 2891 rum
490 2863 680 2900 populorum
688 2863 767 2892 fines
775 2862 861 2891 bello
872 2862 999 2900 saepius
1009 2871 1075 2891 mn-
1121 2864 1146 2891 A
1153 2863 1235 2902 eqni.

407 2903 465 2933 tati
489 2904 613 2934 fuerint.
659 2905 721 2933 Sed
740 2903 918 2933 Niebuhrio
940 2904 1075 2940 videtur,
