1934 3211
557 188 683 230 LIB.
717 187 798 229 III.
846 188 993 230 CAP.
1027 191 1094 232 67.
1447 191 1527 234 217

136 294 252 321 mum
273 293 418 335 agrum
443 279 709 335 perpopulati
733 286 858 320 sunt:
891 278 1047 320 deinde
1072 285 1296 334 postquam
1321 279 1379 320 ibi
1405 295 1531 321 nemo
1547 289 1590 320 U.
1608 288 1646 320 C.
1665 298 1736 330 309-

134 336 291 378 vindex
311 337 568 386 occurrebat,
587 345 678 377 tum
698 351 809 385 vero,
832 335 1140 377 exsultantibus
1156 335 1256 376 belli
1277 337 1529 386 auctoribus,
1546 332 1597 403 ᾗ
1609 331 1648 362 C.
1664 340 1738 393 45³3·

135 393 190 434 ad
209 393 377 434 moenia
396 393 486 449 ipsa
508 393 670 435 Romae
692 392 984 450 populabundi
1009 392 1181 448 regione
1209 401 1354 448 portae
1377 392 1533 449 Esqui-
1545 382 1752 453 ἰρῃᾟᾟζζιῖ

135 449 245 491 linae
267 465 490 500 accessere,
507 451 783 492 vastationem
805 465 1000 507 agrorum
1021 465 1096 506 per
1116 449 1417 490 contumeliam
1439 451 1533 490 urbi
1547 457 1719 487 accedunt.

136 514 405 549 ostentantes.
490 508 618 549 Unde
659 517 882 564 postquam
923 507 1061 556 inulti,
1102 507 1301 562 praedam
1342 522 1441 562 prae
1489 522 1532 547 sc

135 572 321 620 agentes,
338 573 450 606 retro
472 565 526 606 ad
545 565 804 606 Corbionem
826 565 993 620 agmine
1016 564 1115 613 fere,
1138 563 1366 612 Quinctius
1387 563 1534 604 consul

135 621 190 662 ad
217 622 465 663 concionem
490 622 693 678 populum
728 623 902 663 vocavit.
966 620 1030 662 Ibi
1062 621 1106 661 in
1138 621 1248 662 hanc
1280 621 1533 662 sententiam
1613 622 1680 662 67.

135 676 325 719 locutum
350 679 535 735 accipio:
572 685 583 703 ‘
601 679 692 721 Etsi
717 679 822 720 mihi
850 678 1006 719 nullius
1034 693 1168 720 noxae
1195 678 1398 728 conscius,
1426 678 1534 726 Qui·
1548 677 1586 707 T.
1605 677 1753 725 Quinctii

139 735 278 784 ‘rites,
301 751 407 786 sum,
431 745 572 777 tamen
601 752 698 778 cum
726 736 888 792 pudore
914 750 1078 776 summo
1104 736 1148 776 in
1174 736 1423 777 concionem
1443 750 1534 776 ves·
1548 721 1718 801 ssssssffiu‘ssf}

138 796 272 833 ‘tram
307 794 501 849 processi.
566 793 662 835 Hoc
703 808 775 834 vos
815 793 933 842 scire,
971 793 1051 833 hoc
1082 792 1268 848 'posteris
1308 793 1533 834 memoriae

138 853 151 872 ‘
166 849 367 891 traditum
389 851 453 900 iri,
476 851 649 907 Aequos
674 860 717 892 et
733 850 921 899 Volscos,
940 850 1010 890 vix
1034 849 1233 890 Hernicis
1254 849 1380 891 modo
1401 864 1533 905 pares,

139 906 219 947 ‘T.
247 906 451 955 Quinctio
485 918 681 964 quartum
715 907 899 955 consule,
934 907 987 947 ad
1022 907 1190 947 moenia
1222 907 1336 947 urbis
1372 906 1534 948 Romae

138 963 339 1020 ‘impune
361 974 540 1006 armatos
565 965 738 1006 venisse.
803 964 928 1005 Hanc
960 979 1038 1019 ego
1070 964 1358 1019 ignominiam,
1381 963 1536 1020 (quan-

139 1025 152 1044 ‘
167 1035 295 1076 quam
317 1021 399 1062 iam
421 1022 496 1063 diu
518 1023 575 1063 ita
595 1022 762 1071 vivitur,
781 1022 814 1062 is
835 1030 965 1062 status
987 1036 1125 1061 rerum
1147 1030 1222 1070 est,
1241 1030 1287 1062 ut
1307 1021 1414 1061 nihil
1435 1021 1535 1062 boni

140 1082 152 1101 ‘
167 1077 330 1119 divinet
357 1079 557 1133 animus,)
581 1079 614 1119 si
646 1079 745 1120 huie
770 1078 1034 1135 potissimum
1063 1078 1283 1133 imminere
1305 1093 1416 1119 anno
1438 1078 1537 1119 scis-

140 1140 152 1158 ‘
167 1149 269 1184 scm,
292 1135 358 1177 vel
380 1136 543 1186 exsilio,
566 1136 632 1177 vel
654 1145 802 1185 morte,
826 1136 858 1176 si
881 1135 960 1176 alia
981 1135 1080 1191 fuga
1107 1135 1279 1176 honoris
1303 1151 1389 1176 non
1415 1144 1536 1185 esset,

140 1192 374 1234 ‘vitassem.
439 1193 565 1247 Ergo,
603 1193 636 1233 si
672 1194 748 1234 viri
790 1208 905 1233 arma
945 1191 1016 1232 illa
1055 1192 1310 1241 habuissent,
1348 1208 1455 1248 quae
1492 1193 1538 1232 in

140 1250 299 1346 ‘portis
323 1250 440 1291 fuere
466 1247 630 1300 nostris,
658 1251 751 1306 capi
778 1250 917 1291 Roma
944 1264 1010 1290 mc
1040 1249 1210 1290 consule
1235 1250 1409 1305 potuit?
1439 1249 1538 1290 satis

141 1311 153 1330 ‘
200 1322 391 1357 onorum,
434 1308 532 1348 satis
574 1322 784 1364 superque
831 1308 940 1348 vitae
991 1315 1080 1347 erat
1101 1322 1110 1347 z
1164 1307 1270 1347 mori
1320 1306 1537 1348 consulem

141 1369 154 1387 ‘
171 1364 342 1404 tertium
383 1365 580 1420 oportuit„
654 1364 795 1412 Quem
838 1364 1008 1405 tandem
1051 1363 1307 1404 ignavissimi
1353 1363 1536 1404 hostium

142 1426 153 1444 ‘
169 1423 493 1477 contempsere?
524 1437 600 1463 nos
628 1421 846 1470 consules;
879 1436 933 1461 au
960 1435 1033 1460 vos
1058 1398 1278 1467 Quirites?
1341 1419 1385 1461 Si
1414 1419 1539 1476 culpa

142 1477 214 1518 ‘in
246 1478 366 1519 nobis
396 1488 471 1528 est,
499 1479 657 1520 auferte
688 1479 912 1534 imperium
938 1477 1147 1533 indignis3
1180 1486 1234 1527 et,
1258 1477 1291 1517 si
1320 1477 1365 1517 id
1389 1492 1538 1533 parum

143 1541 154 1559 ‘
171 1544 247 1583 est,
270 1535 440 1591 insuper
468 1551 624 1592 poenas
652 1536 851 1591 expetite.
918 1534 962 1575 Si
990 1535 1035 1574 in
1056 1534 1185 1583 vobis,
1208 1549 1334 1575 nemo
1359 1534 1537 1575 deorum

143 1598 249 1633 ‘nec
282 1592 501 1634 hominum
538 1593 603 1642 sit,
637 1593 711 1648 qui
746 1601 883 1633 vestra
916 1592 1066 1648 puniat
1098 1601 1283 1646 peccata,
1322 1590 1535 1640 Quirites3

143 1656 154 1673 ‘
170 1658 330 1690 vosmet
353 1659 515 1691 tantum
538 1665 684 1691 eorum
709 1649 937 1706 poeniteat.
1003 1648 1106 1689 Non
1133 1648 1194 1689 illi
1216 1656 1395 1690 vestram
1424 1649 1542 1704 igna-

143 1707 279 1747 ‘viam
305 1716 609 1764 contempsere,
639 1722 718 1748 nec
746 1722 845 1748 suae
875 1706 1019 1747 virtuti
1050 1706 1197 1747 confisi
1227 1714 1348 1754 sunt3
1383 1706 1541 1762 quippe

143 1763 294 1805 ‘toties
338 1764 417 1805 susi
464 1765 694 1821 fugatique,
736 1764 880 1805 castris
925 1763 1056 1812 exuti,
1099 1778 1198 1819 agro
1244 1762 1423 1812 multati,
1466 1764 1542 1804 sub

143 1821 316 1877 ‘iugum
340 1822 465 1872 missi,
488 1830 531 1863 et
555 1838 598 1863 sc
621 1830 664 1862 et
684 1838 756 1863 vos
777 1836 944 1863 novere.
1009 1820 1234 1861 Discordia
1254 1820 1451 1861 ordinum
1480 1829 1544 1861 est

143 1884 156 1903 ‘
171 1893 381 1920 vencnum
408 1880 522 1920 urbis
547 1880 699 1928 huius;
732 1879 907 1920 Patrum
939 1894 986 1919 ac
1015 1878 1149 1934 plebis
1174 1878 1416 1927 certamina,
1440 1877 1542 1918 dum

144 1941 250 1977 ‘nec
281 1937 402 1977 nobis
433 1937 611 1992 imperii,
644 1952 722 1977 nec
754 1936 871 1977 vobis
907 1935 1111 1977 libertatis
1146 1944 1209 1976 est
1245 1934 1407 1984 modus,
1440 1935 1543 1975 dum

145 1993 315 2034 ‘taedet
354 2008 428 2033 vos
468 1994 753 2048 patriciorum,
792 1993 867 2033 hos
907 1992 1169 2048 plebeiorum
1211 1992 1542 2045 magistratuum,

145 2055 157 2072 ‘
173 2049 376 2090 sustulere
399 2050 479 2089 illis
501 2050 672 2090 animos.
717 2050 800 2090 Pro
822 2049 951 2090 deum
974 2049 1116 2096 fidem,
1135 2048 1239 2102 quid
1257 2048 1373 2088 vobis
1389 2048 1544 2088 vultis?

147 2105 388 2146 ‘Tribunos
423 2106 557 2161 plebis
593 2122 727 2147 conen
749 2106 874 2146 ›istisz
923 2104 1172 2145 concordiae
1209 2120 1333 2145 causa
1373 2119 1545 2145 conces-

147 2168 157 2186 ‘
174 2162 314 2203 simus.
394 2163 668 2203 Decemviros
713 2122 1003 2203 desiderastis:
1058 2161 1187 2201 creari
1234 2161 1341 2216 passi
1387 2176 1542 2202 sumus.

147 2219 523 2260 ‘Dcccmvirorum
559 2235 630 2259 vos
664 2229 900 2284 pertaesum
935 2228 1022 2259 cst:
1063 2218 1278 2272 coegimus
1311 2218 1423 2258 abire
1459 2233 1546 2258 ma-

147 2276 360 2331 ‘gistratm
426 2276 630 2317 Mancute
667 2292 707 2316 m
742 2276 910 2317 eosdem
948 2275 1129 2331 privatos
1167 2275 1226 2315 ira
1259 2285 1405 2324 vestra,
1439 2275 1543 2315 mori

147 2339 301 2389 ‘atque
331 2333 521 2374 exsulare
548 2333 826 2374 nobilissimos
852 2333 959 2372 viros
986 2332 1411 2386 honoratissimosque
1437 2332 1545 2386 passi

147 2396 158 2414 ‘
174 2405 328 2432 sumus.
393 2391 605 2431 Tribunos
627 2390 761 2446 plebis
781 2405 921 2430 creare
946 2390 1095 2430 iterum
1119 2388 1330 2428 voluistis:
1362 2389 1542 2430 creastis.

147 2447 386 2488 ‘Consules
422 2448 558 2488 facero
593 2456 821 2488 vestrarum
859 2446 1055 2501 partium,
1090 2446 1165 2485 etsi
1203 2445 1397 2485 Patribus
1430 2444 1545 2485 vide-

149 2510 160 2527 ‘
177 2504 322 2544 bamus
364 2505 581 2560 iniquum3
627 2504 848 2559 patricium
891 2518 1060 2558 quoque
1104 2502 1389 2555 magistratum
1432 2501 1544 2556 plebi

149 2560 335 2601 ‘donum
380 2562 469 2601 lieri
507 2561 697 2601 vidimus.
765 2559 983 2600 Auxilium
1027 2559 1312 2605 tribunicium,
1348 2573 1545 2613 provoca-

150 2624 159 2640 ‘
179 2617 336 2657 tionem
370 2617 423 2658 ad
457 2617 674 2673 populum,
708 2617 811 2658 scita
844 2616 976 2672 plebis
1010 2615 1197 2655 iniuncta
1227 2615 1433 2663 Patribus,
1467 2616 1544 2656 sul)

192 2754 209 2783 5
235 2745 321 2781 Quid
338 2746 421 2774 vohis
438 2746 551 2782 nullia]
574 2744 685 2774 Brevis
701 2749 731 2774 et
750 2755 822 2774 etm-
869 2745 952 2783 quod
980 2744 1010 2774 in
1033 2744 1102 2774 cml.
1123 2744 1240 2774 Latinii
1260 2744 1399 2784 Ncnpol.
1418 2744 1544 2783 legitur,

149 2786 245 2817 cinna
268 2787 467 2816 enumeratio
490 2787 652 2825 «mommio
677 2787 767 2825 plebe«
792 2786 823 2816 in
871 2787 983 2825 proluit
1018 2786 1152 2816 Nil-hm.
1187 2786 1217 2816 ii.
1249 2791 1314 2817 not.
1350 2795 1418 2827 793.
1479 2788 1542 2819 Sed

151 2833 274 2868 purtem
304 2828 500 2867 reipublicae
524 2828 640 2858 sennim
665 2839 698 2858 ne
724 2827 822 2858 vindi·
866 2829 951 2867 ple-M
970 2838 1026 2867 pro
1043 2829 1158 2867 plebei,
1173 2828 1314 2865 genitivo
1330 2839 1405 2859 cusu
1429 2828 1459 2858 in
1486 2839 1543 2860 usu

151 2870 279 2904 caverit.
870 2869 964 2900 suim-
982 2870 1113 2900 vomi-1⁵
1129 2870 1160 2900 in
1175 2871 1357 2903 Grammat.
1371 2870 1412 2902 iv.
1431 2881 1478 2911 19,
1494 2881 1544 2904 ιο.

202 2912 221 2942 6
252 2913 342 2943 I’Icln'
373 2914 508 2950 donum}
561 2913 667 2942 l'lchin
697 2913 826 2947 dunum,
870 2912 975 2942 «locet.
