1934 3211
258 259 301 290 U.
319 260 357 290 C.
376 259 446 290 260.

256 303 296 333 A.
319 303 357 334 C.
374 312 446 344 49²·

320 1190 385 1228 33.

256 1246 355 1275 Plebs
370 1257 415 1276 re-

253 1289 362 1320 ducta.

479 173 556 210 108
984 172 1140 214 TITI
1181 174 1358 216 LIVII

473 261 641 317 plebem
672 262 782 303 mitti
814 262 1067 304 Menenium
1099 264 1346 322 Agrippam,
1377 265 1605 306 facundum
1639 265 1776 307 virum
1805 273 1893 316 et,8

475 319 589 375 quod
616 319 715 361 inde
745 320 946 362 oriundus
974 331 1072 371 erat,
1099 322 1210 378 plebi
1237 338 1392 364 earum.
1456 322 1509 373 Is,
1532 323 1792 365 intromissus
1815 323 1892 369 in9

474 385 617 427 castra,
639 377 774 433 prisco
796 377 867 419 illo
883 378 1054 420 dicendi
1076 390 1119 420 et
1138 380 1307 421 horrido
1328 381 1453 422 modo
1466 381 1571 422 nihil
1593 381 1720 430 aliud,
1735 396 1862 438 quam

474 434 566 484 hoc,
599 450 783 476 narrasse
814 435 971 476 fertur:
1009 437 1258 494 ⁶Tempore,
1291 454 1374 494 quo
1407 439 1452 479 in
1482 438 1652 481 homine
1683 454 1782 488 non,
1813 446 1862 480 ut

476 498 486 515 ⁶
503 508 628 542 nunc,
653 493 793 533 omnia
812 493 857 533 in
878 509 1010 534 unum
1030 496 1359 545 consentiebant,
1383 496 1456 537 sed
1476 496 1649 552 singulis
1665 495 1862 537 membris

476 556 486 573 ⁶
503 565 626 590 suum
646 551 798 606 cuique
816 551 1049 601 consilium,
1067 567 1165 593 suus
1186 568 1320 594 sermo
1341 553 1489 603 fuerat,
1507 553 1744 610 indignatas
1764 553 1862 595 reli-

475 613 486 630 ⁶
500 623 602 664 quas
618 617 768 663 partes,
783 623 857 648 sua
878 624 988 658 cura,
1011 624 1086 650 suo
1101 610 1240 651 labore
1258 626 1304 651 ac
1326 611 1557 652 ministerio
1573 611 1709 652 ventri
1722 611 1863 652 omnia

475 671 486 688 ⁶
500 666 667 720 quaeri:
711 674 913 716 ventrem,
948 666 992 706 in
1023 667 1163 708 medio
1195 668 1399 723 quietum,
1433 668 1539 709 nihil
1572 667 1700 718 aliud,
1733 683 1861 725 quam

475 728 486 746 ⁶
500 723 607 763 datis
623 722 904 778 voluptatibus
924 722 1018 764 frui.
1083 724 1354 782 Conspirasse
1371 725 1484 776 inde,
1506 741 1560 767 ne
1577 741 1725 767 manus
1745 726 1799 767 ad
1815 741 1861 768 os

475 786 486 803 ⁶
499 780 640 821 cibum
660 780 828 829 ferrent,
851 795 929 821 nee
950 796 994 822 os
1015 782 1220 838 acciperet
1241 783 1399 832 datum,
1416 799 1495 825 nec
1516 783 1665 825 dentes
1680 783 1862 825 confice-

475 843 603 878 ‘rent.
667 836 761 878 Hac
789 837 861 887 ira,
890 838 993 879 dum
1016 848 1205 881 ventrem
1232 841 1340 882 fame
1369 841 1538 883 domare
1569 841 1742 892 vellent,
1771 841 1862 898 ipsa

476 901 487 918 ⁶
501 910 585 935 una
605 895 792 936 membra
807 903 1026 952 totumque
1043 912 1193 953 corpus
1209 898 1263 939 ad
1279 907 1509 940 extremam
1527 900 1667 940 tabem
1682 899 1857 940 venisse.

474 958 485 975 ⁶
502 952 606 993 Inde
633 953 882 1008 apparuisse,
908 955 1064 995 ventris
1092 971 1261 1012 quoque
1290 956 1403 997 haud
1431 972 1557 1012 segne
1583 957 1860 998 ministerium

473 1016 483 1033 ⁶
500 1025 610 1051 esse:
644 1025 722 1051 nec
741 1011 870 1066 magis
891 1011 957 1060 ali,
976 1027 1103 1067 quam
1123 1012 1231 1054 alere
1254 1029 1363 1064 eum,
1381 1014 1628 1055 reddentem
1649 1014 1695 1054 in
1715 1029 1860 1056 omnes
1874 1029 1888 1050 1

472 1074 482 1090 ⁶
500 1068 681 1123 corporis
713 1078 849 1123 partes
882 1068 1009 1118 hunc,
1044 1086 1128 1125 quo
1163 1071 1339 1112 vivimus
1366 1072 1651 1128 vigemusque,
1679 1071 1860 1113 divisum

472 1132 482 1148 ⁶
499 1126 652 1181 pariter
690 1126 734 1166 in
782 1141 907 1167 venas
947 1136 1169 1176 maturum,
1211 1129 1400 1170 confecto
1441 1130 1547 1180 cibo,
1588 1129 1861 1186 sanguinem?

474 1183 768 1239 Comparando
799 1183 909 1233 hinc,
943 1199 1068 1239 quam
1099 1185 1296 1226 intestina
1325 1187 1506 1243 corporis
1536 1187 1686 1228 seditio
1716 1187 1860 1229 similis

471 1251 579 1282 esset
600 1241 682 1282 irae
704 1241 836 1297 plebis
858 1242 901 1282 in
923 1241 1079 1292 Patres,
1102 1243 1264 1284 flexisse
1291 1253 1452 1285 mentes
1480 1244 1710 1286 hominum.
1773 1245 1890 1301 Agi2

471 1299 624 1340 deinde
642 1299 694 1340 de
716 1299 937 1340 concordia
952 1308 1160 1355 coeptum,
1176 1316 1503 1358 concessumque
1521 1302 1566 1343 in
1585 1302 1858 1352 conditiones,
1873 1317 1892 1347 3

474 1366 519 1398 ut
548 1356 660 1412 plebi
690 1357 754 1397 sui
784 1357 1044 1413 magistratus
1074 1368 1211 1400 essent
1241 1360 1501 1410 sacrosancti,
1535 1360 1686 1416 quibus
1716 1360 1892 1403 auxffii4

515 1485 534 1515 8
559 1485 724 1516 Oratorem
739 1486 782 1515 ad
792 1486 931 1525 plebem]
951 1486 1061 1516 Alium
1075 1486 1143 1525 qui-

471 1528 547 1557 dem
570 1533 726 1557 memorat
750 1527 862 1559 Cicero
884 1529 923 1558 de
943 1528 1048 1559 Claris
1066 1530 1142 1560 Ora-

472 1575 530 1600 tor.
552 1580 597 1608 14.
622 1572 641 1585 ‘⁶
655 1570 812 1600 Videmus
828 1570 905 1601 item
928 1571 1038 1610 paucis
1053 1572 1145 1602 annis

473 1616 544 1652 post
559 1623 647 1652 reges
663 1617 802 1650 exactos,
819 1624 892 1643 curn
915 1614 1025 1653 plebes
1045 1624 1144 1654 prope

471 1655 572 1694 ripam
591 1656 724 1686 Anienis
746 1657 788 1686 ad
809 1656 938 1686 tertium
954 1656 1141 1687 milliarium

470 1698 674 1735 consedisset,
691 1708 829 1737 eumque
845 1704 1000 1736 montem,
1016 1699 1070 1738 qui
1087 1699 1140 1730 Sa-

471 1751 524 1771 cer
549 1741 732 1780 appellatus
757 1746 815 1778 est,
839 1741 1068 1781 occupavisset,
1092 1743 1140 1772 M.

474 1784 642 1813 Valerium
673 1782 749 1823 (Μ’.
778 1783 921 1824 Ernest.)
953 1784 1141 1815 dictatorem

470 1826 607 1856 dicendo
623 1826 780 1857 sedavisse
795 1826 977 1864 discordias,
993 1827 1086 1866 eique
1102 1828 1141 1857 ob

471 1879 542 1899 eam
566 1879 633 1899 rem
656 1869 792 1899 honores
813 1870 1028 1909 amplissimos
1054 1869 1141 1900 habi-

470 1916 530 1947 tos,
546 1916 577 1942 et
593 1922 666 1942 eum
690 1912 829 1951 primum
853 1913 893 1942 ob
916 1923 987 1942 eam
1012 1922 1140 1942 causam

471 1955 654 1984 Maximum
666 1965 732 1985 esse
742 1955 978 1994 appellatum.”
994 1956 1033 1986 cf.
1043 1955 1139 1985 Dion.

472 1997 511 2028 vi.
528 1996 577 2038 69.
602 1997 656 2036 qui
680 1998 790 2028 decem
814 1999 946 2037 legatos,
962 2008 1073 2028 omnes
1098 1997 1140 2027 vi-

470 2050 520 2069 ros
536 2040 728 2077 consulares,
745 2041 785 2070 ad
802 2041 930 2080 plebem
947 2040 1058 2070 missos
1075 2050 1142 2070 esse

470 2082 590 2120 scribit,
601 2093 735 2121 quorum
749 2083 909 2113 maximus
920 2087 998 2113 natu
1014 2083 1142 2114 MzVa-

474 2125 567 2155 lerius
585 2125 687 2164 plebis
702 2125 949 2155 studiosissimus
963 2129 1040 2156 erat.
1089 2125 1142 2156 Ci-

471 2178 543 2198 cero
566 2167 657 2205 alios,
681 2172 778 2207 atque
806 2168 916 2199 Livius
941 2168 1074 2198 annales
1097 2178 1142 2198 se-

471 2210 587 2249 quitur.
612 2211 651 2241 cf.
667 2210 738 2241 infr.
752 2210 815 2242 viii.
833 2212 879 2242 18.
907 2212 927 2226 ‘⁶
938 2211 1140 2242 memoria...

471 2253 619 2292 repetita,
648 2253 682 2283 in
715 2253 945 2284 secessionibus
978 2254 1141 2292 quondam

473 2296 577 2335 plebis
592 2296 719 2326 clavum
735 2297 776 2326 ab
792 2296 948 2326 dictatore
964 2297 1099 2326 fixum.”

513 2349 532 2379 9
555 2340 652 2376 Inde]
681 2339 845 2369 Nimirum
870 2349 910 2370 ex
934 2339 1039 2378 plebe.
1086 2339 1141 2368 At-

471 2382 525 2420 qui
549 2385 658 2412 tamen
682 2382 885 2421 consulatum
919 2385 1069 2421 gesserat,
1092 2391 1141 2411 su-

474 2434 530 2463 pra
561 2423 606 2454 16.
634 2425 721 2454 unde
755 2428 841 2455 certo
876 2424 1037 2464 colligitur
1066 2433 1140 2453 eum

472 2467 642 2505 patricium
658 2467 762 2497 fuisse.
804 2466 887 2497 Solis
898 2467 983 2496 enim
1000 2471 1069 2496 tum
1086 2476 1140 2505 pa-

471 2509 569 2539 triciis
596 2511 726 2549 patebat
750 2510 943 2540 consulatus.
990 2510 1033 2539 At
1055 2513 1141 2539 recte

471 2553 618 2582 observat
640 2552 813 2582 Douiatius
837 2562 911 2582 eum
935 2551 1075 2592 potuisse
1099 2561 1140 2582 ex

471 2604 580 2624 eorum
604 2605 670 2625 esse
692 2605 837 2632 numero,
854 2605 932 2634 quos
947 2605 986 2625 ex
1003 2593 1141 2633 equestri

469 2638 569 2673 gradu
590 2637 622 2667 in
638 2642 783 2668 senatum
802 2638 921 2668 Brutus
935 2637 1080 2676 allegisse
1096 2637 1141 2667 di-

472 2679 554 2708 citur
565 2680 656 2710 initio
668 2680 762 2710 huius
774 2680 856 2711 libri.
873 2681 978 2711 Ciu-zv,
1018 2680 1141 2709 Verum

472 2721 495 2749 si
516 2722 686 2752 Menenius
709 2733 748 2753 ex
768 2724 879 2753 decem
904 2722 1015 2762 legatis
1035 2722 1141 2760 fuerit,

472 2763 525 2800 qui
539 2765 639 2795 ‘lec-em
648 2767 747 2804 primi
759 2770 918 2796 senatores
927 2765 1021 2796 fuisse
1034 2765 1140 2795 viden-

472 2810 524 2834 tur
555 2806 649 2837 Dion.
683 2808 720 2838 vi.
755 2818 802 2847 34.
830 2807 880 2848 60.
912 2818 951 2838 ex
983 2808 1139 2838 maiorum

471 2847 612 2885 gentium
632 2850 774 2887 patribus
789 2855 865 2881 erat.

521 2899 528 2918 ι
556 2891 624 2919 Ᾱέο
641 2893 740 2930 massis
755 2894 811 2929 ali,
826 2904 921 2932 qnam
944 2895 1030 2924 alere
1048 2895 1136 2931 eum]

474 2931 613 2961 Pecunia
638 2937 750 2963 mutuo
773 2935 879 2965 danda
895 2939 925 2965 et
941 2935 1137 2975 accipienda.

1188 1488 1227 1518 cf.
1259 1488 1403 1519 Zonaras
1434 1488 1486 1520 vii.
1518 1499 1567 1528 14,
1600 1489 1688 1520 unde
1724 1492 1861 1529 apparet

1188 1531 1290 1561 ventri
1315 1531 1498 1569 creditores,
1525 1532 1678 1563 membris
1701 1532 1861 1563 debitores

1188 1573 1395 1603 adumbratos
1411 1574 1516 1604 fuisse.

1233 1626 1248 1646 2
1273 1617 1416 1648 Flemisse
1432 1618 1567 1654 mentes]
1595 1617 1662 1647 Res
1676 1616 1744 1647 sine
1761 1616 1859 1648 dubio

1185 1658 1226 1688 ad
1247 1659 1374 1689 tabulas
1395 1669 1494 1689 novas
1516 1659 1670 1698 pervenit.
1702 1659 1741 1690 cf.
1759 1659 1858 1691 Dion.

1188 1701 1238 1731 vii.
1260 1711 1306 1740 14.
1331 1701 1399 1732 Cic.
1416 1702 1456 1732 de
1473 1702 1558 1741 Rep.
1574 1701 1606 1732 ii.
1621 1711 1669 1741 34.
1687 1702 1751 1734 Off.
1763 1701 1796 1733 ii.
1808 1712 1858 1733 22.

1189 1753 1203 1773 2
1231 1767 1237 1774 .

1210 1753 1246 1825 33
1265 1787 1515 1827 Concessnmque
1526 1788 1562 1817 in
1574 1787 1782 1826 conditiones]
1805 1787 1859 1819 De

1185 1829 1287 1866 nexis,
1299 1839 1434 1868 quorum
1451 1840 1546 1860 causa
1560 1830 1631 1860 fons
1645 1829 1706 1860 fuit
1723 1833 1756 1860 et
1771 1830 1859 1871 origo

1185 1871 1280 1902 huius
1293 1872 1465 1910 seditionis,
1477 1872 1549 1903 silet
1561 1872 1679 1904 Livius.
1713 1873 1759 1903 At
1769 1873 1858 1915 apud

1186 1914 1286 1944 Dion.
1302 1914 1482 1945 invenimus
1497 1915 1554 1945 has
1569 1915 1657 1954 plebi
1672 1925 1691 1945 a
1704 1915 1858 1946 Menenio

1186 1957 1364 1996 propositas
1388 1957 1484 1987 fuisse
1507 1957 1717 1995 conditiones,
1740 1961 1777 1989 ut
1803 1957 1858 1998 qui

1185 2000 1338 2030 solvendo
1361 2010 1426 2030 non
1449 2004 1564 2038 essent,
1580 1999 1619 2031 iis
1634 2000 1782 2032 omnibus
1803 2011 1859 2033 aes

1185 2042 1328 2072 alienum
1354 2042 1587 2074 remitteretur:
1624 2043 1679 2082 qui
1707 2047 1764 2074 aut
1791 2043 1858 2075 iam

1187 2084 1395 2115 creditoribus
1414 2085 1546 2123 addicti,
1561 2088 1629 2124 aut,
1644 2086 1754 2125 elapso
1773 2087 1857 2117 solu-

1186 2127 1282 2158 tionis
1307 2127 1371 2165 die,
1395 2138 1435 2158 ex
1462 2128 1541 2168 legis
1564 2127 1594 2158 vi
1616 2128 1787 2159 addicendi
1811 2129 1856 2160 fo-

1185 2174 1268 2207 rent,
1290 2170 1312 2200 ii
1335 2174 1440 2201 essent
1462 2170 1574 2201 liberi:
1599 2170 1631 2201 in
1645 2171 1801 2210 futurum,
1816 2171 1857 2202 de

1185 2213 1347 2243 communi
1371 2213 1475 2253 plebis
1491 2217 1524 2244 et
1541 2214 1675 2244 Patrum
1697 2213 1857 2245 sententia.

1185 2259 1377 2286 statueretur
1403 2255 1480 2295 quid
1509 2256 1626 2286 sanciri
1654 2266 1736 2296 opus
1763 2261 1856 2288 esset.

1187 2297 1280 2328 Nihil
1296 2302 1405 2328 tamen
1420 2308 1539 2328 novum
1555 2298 1681 2329 videtur
1697 2299 1856 2330 sancitum

1186 2340 1292 2378 fuisse,
1307 2340 1429 2371 scilicet
1440 2341 1515 2380 quia
1530 2340 1700 2371 tribunicia.
1714 2345 1857 2381 potestas

1184 2383 1271 2422 plebi
1299 2393 1448 2413 concessa
1477 2383 1552 2413 satis
1579 2383 1722 2414 validum
1751 2384 1855 2415 muni-

1184 2430 1329 2455 mentum
1340 2425 1405 2456 visa
1418 2429 1465 2456 est
1480 2426 1630 2457 adversus
1644 2425 1775 2458 iniurias
1789 2427 1855 2458 foe-

1184 2471 1377 2499 neratorum.
1401 2469 1506 2500 Cnssv.

1227 2523 1246 2549 4
1269 2512 1486 2549 Sacrosancti]
1525 2511 1576 2542 Ex
1592 2511 1654 2542 hae
1669 2511 1721 2543 die
1735 2511 1855 2543 tribuni

1185 2553 1298 2592 plebis,
1333 2552 1374 2593 (si
1403 2553 1436 2583 N
1438 2553 1620 2584 iebuhrium
1654 2554 1674 2585 i.
1705 2565 1737 2595 p.
1766 2553 1827 2586 602
1846 2566 1855 2592 3

1184 2595 1363 2632 audiamus,
1378 2606 1442 2626 non
1458 2606 1559 2627 novus
1573 2597 1786 2638 magistratus,
1798 2598 1855 2628 sed

1184 2648 1268 2668 novo
1294 2648 1426 2669 munere
1459 2639 1642 2677 instructus,
1672 2639 1698 2670 si
1732 2640 1854 2671 Wach-

1184 2681 1360 2711 smuthium
1379 2692 1408 2721 p.
1423 2681 1495 2720 286,
1507 2692 1608 2712 novus
1622 2681 1854 2723 magistratus‚)

1184 2723 1341 2754 auxilium
1363 2729 1473 2755 contra
1496 2725 1662 2755 consulare
1681 2725 1853 2765 imperium

1184 2766 1248 2796 suis
1282 2766 1380 2796 libere
1414 2767 1570 2805 ferebant,
1598 2771 1694 2798 antea
1722 2767 1852 2807 quidem

1184 2809 1269 2839 haud
1287 2809 1419 2848 impune
1438 2810 1543 2841 laturi.
1588 2810 1615 2840 F
1617 2811 1742 2840 ormula
1761 2820 1852 2842 sanc-

1183 2853 1289 2889 tionis,
1319 2862 1401 2891 quae
1437 2856 1509 2892 post
1539 2852 1789 2883 decemviratum
1819 2852 1852 2883 in

1183 2904 1242 2924 usu
1265 2898 1344 2932 erat,
1365 2894 1481 2933 legitur
1495 2905 1547 2934 ap.
1564 2894 1632 2925 Liv.
1650 2893 1692 2924 iii.
1709 2906 1738 2933 4.
1785 2895 1852 2926 Ne-

1183 2936 1273 2974 mini,
1288 2936 1347 2967 nisi'
1368 2937 1485 2967 tribum
1502 2935 1644 2973 habenti,
1659 2935 1720 2967 hoc
1735 2947 1852 2969 munus
