1934 3211
329 445 409 506 T.

472 443 753 508 LIVII
818 445 1347 510 PATAVINI

564 622 911 676 LIBER
993 623 1128 677 VII.

106 964 123 1027 ζ
237 961 411 1003 NNUS
431 961 501 1002 hic
518 961 598 1003 erit
614 961 790 1018 insignis
804 961 901 1002 novi
919 961 1102 1003 hominis
1118 961 1352 1012 consulatu,
1367 962 1542 1018 insignis
1557 978 1601 1009 U.
1618 979 1656 1010 C.
1675 980 1746 1020 389.

269 1019 388 1061 novis
409 1019 575 1060 duobus
600 1019 924 1074 magistratibus,
947 1027 1145 1075 praetura
1168 1028 1213 1061 et
1233 1020 1369 1061 curuli
1394 1020 1542 1062 aedili·
1556 1022 1594 1052 A.
1619 1022 1658 1054 C.
1676 1022 1748 1062 363·

137 1086 234 1119 tate.
300 1076 392 1118 Hos
425 1076 504 1118 sibi
540 1076 705 1132 patricii
741 1077 984 1133 quaesivere
1017 1076 1199 1118 honores
1233 1092 1310 1133 pro
1343 1093 1541 1120 concesso

135 1134 252 1232 plebi
265 1134 398 1176 altero
420 1133 654 1175 consulatu.

717 1133 871 1175 Plebes
887 1133 1153 1176 consulatum
1175 1134 1224 1176 L.
1245 1134 1404 1185 Sextio,
1422 1136 1541 1177 cuius
1555 1146 1593 1220 113.
1610 1146 1735 1220 {exn-(l),

1585 1213 1592 1221 ι
1642 1199 1704 1220 em!
1722 1199 1752 1219 lo

152 1206 230 1248 ege
251 1200 397 1257 partus
418 1200 520 1240 erat,
536 1191 677 1232 dedit:
712 1190 859 1233 Patres
875 1200 1114 1256 praeturam
1134 1191 1203 1248 Sp.
1225 1192 1352 1234 Furio
1371 1192 1433 1234 M.
1452 1193 1540 1235 filio

139 1247 348 1298 Camillo;
382 1248 641 1290 aedilitatem
676 1248 757 1290 Cn.
777 1249 982 1297 Quinctio
1016 1248 1262 1305 Capitolino
1292 1258 1336 1291 et
1366 1250 1413 1291 P.
1433 1250 1541 1292 Cor-

135 1374 247 1406 runt.

138 1421 438 1464 Mamercinus.

135 1595 289 1644 omnia,
322 1609 376 1635 ne
407 1594 511 1650 quid
541 1609 617 1650 per
646 1593 861 1650 plebeium
891 1594 1109 1635 consulem
1139 1603 1348 1650 ageretur,
1379 1595 1540 1651 profer·

134 1662 292 1701 rentur,
317 1652 531 1693 silentium
566 1651 756 1692 omnium
785 1666 925 1693 rerum
956 1666 1004 1693 ac
1042 1651 1201 1693 iustitio
1232 1652 1366 1693 simile
1404 1653 1539 1695 otium

132 1709 238 1751 fuit:
272 1710 353 1750 nisi
375 1709 491 1765 quod
519 1724 605 1750 non
627 1709 884 1765 patientibus
906 1709 1081 1750 tacitum
1104 1710 1296 1761 tribunis,
1319 1709 1436 1766 quod
1464 1726 1540 1767 pro

133 1766 304 1809 consule
339 1782 425 1808 uno
461 1766 628 1823 plebeio
662 1777 744 1808 tres
777 1767 974 1823 patricios
1010 1767 1290 1824 magistratus,
1325 1768 1541 1810 curulibus

131 1824 244 1866 sellis
264 1833 547 1881 praetextatos
569 1834 770 1881 tanquam
792 1824 984 1866 consules
1006 1825 1214 1876 sedentes,
1236 1825 1434 1868 nobilitas
1461 1827 1540 1868 sibi

131 1882 388 1939 sumpsisset,
423 1891 661 1939 praetorem
697 1882 872 1938 quidem
908 1883 1035 1924 etiarn
1072 1883 1164 1925 iura
1199 1883 1465 1934 reddentem,
1497 1893 1540 1926 et

132 1939 336 2005 collegam
369 1940 624 1989 consulibus,
647 1949 774 1996 atquc
798 1940 948 1981 iisdem
981 1941 1178 1997 auspiciis
1199 1950 1398 1991 creatum,
1422 1957 1540 1984 vere-

132 1997 289 2038 cundia
309 1997 408 2038 inde
423 1998 620 2053 imposita
639 2006 702 2037 cst
718 1998 883 2038 senatui
905 2013 958 2038 ex
974 1997 1171 2039 Patribus
1192 1999 1366 2040 iubendi
1383 1999 1539 2040 aediles

132 2054 299 2095 curules
326 2054 469 2096 creari.

535 2054 690 2102 Primo,
715 2063 761 2095 ut
788 2054 958 2094 alternis
987 2056 1109 2095 annis
1141 2071 1193 2095 cx
1226 2056 1349 2110 plebe
1373 2057 1537 2098 fierent.

103 2133 120 2159 4
133 2121 410 2152 convenerat:
446 2120 592 2167 postea
613 2111 897 2166 promiscuum
915 2111 1005 2152 fuit.

194 2168 311 2218 Inde,
329 2168 377 2209 L.
397 2168 594 2209 Genucio
608 2178 649 2208 et
670 2168 723 2216 Q.
744 2168 919 2209 Servilio
933 2169 1186 2217 consuliffim,
1204 2178 1247 2209 et
1262 2169 1314 2210 ab
1330 2170 1537 2211 seditione

186 2301 195 2321 ι
228 2292 365 2329 Armua]
416 2291 597 2322 Niebuhrio
623 2291 653 2321 ii.
683 2302 712 2321 n.
740 2301 811 2330 405.

134 2334 241 2373 placet
270 2335 366 2364 verba
397 2335 489 2374 plura
514 2339 591 2364 ante
620 2344 728 2365 vocem
755 2346 811 2364 an-

132 2387 196 2407 nus
211 2377 421 2414 intercidisse,
437 2376 558 2407 scilicet
575 2378 813 2408 trecentesimus

132 2422 337 2458 octoyesimua
368 2430 472 2450 nonus
501 2421 541 2449 ab
569 2421 648 2450 urbe
673 2421 813 2457 condita,

133 2466 231 2501 atque
263 2472 374 2493 vocem
405 2463 468 2497 hic,
495 2472 534 2492 nc
566 2462 667 2492 oratio
698 2462 813 2493 mutila

134 2504 343 2541 claudicaret,
359 2515 379 2535 a
400 2505 536 2535 librariis
559 2504 709 2535 insertam
735 2515 812 2536 csse.

137 2546 286 2576 incuriae
301 2547 414 2577 similis
430 2548 583 2587 exempla
598 2547 676 2577 citat
694 2548 734 2577 ud
754 2548 810 2577 ini-

134 2587 215 2618 tium
233 2588 303 2620 Cic.
322 2589 406 2629 Rep.
425 2589 455 2620 ii.
475 2590 512 2620 A.
531 2590 618 2621 (ἦε-Η.
637 2589 674 2621 vi.
692 2595 725 2620 et
741 2590 811 2621 Cic.

136 2641 193 2669 pro
213 2631 307 2661 Ros-c.
326 2631 356 2661 in
375 2632 444 2662 cod.
465 2631 635 2663 Vaticano.

178 2682 195 2703 ἰ
220 2674 305 2704 Novi
318 2674 472 2712 hominis]
494 2675 607 2705 Novus
623 2675 712 2705 homo
728 2674 810 2704 dice-

136 2716 240 2750 batur,
255 2715 346 2746 cuius
368 2726 386 2746 e
411 2716 584 2746 maioribus
606 2727 701 2747 nenio
720 2727 811 2747 curu-

134 2757 198 2788 lem
229 2757 449 2797 magistratum
480 2763 631 2796 gesserat,
657 2758 710 2798 qui
742 2759 810 2789 uul—

134 2800 198 2830 lam
217 2800 359 2831 habebat
378 2800 511 2840 proinde
529 2801 685 2831 maiorum
704 2801 810 2840 inuigi—

134 2852 218 2873 nem.
265 2844 356 2873 Νουο
373 2844 494 2873 homini
512 2844 738 2883 opponebatur
759 2855 810 2873 mr

135 2886 218 2916 him.
242 2886 349 2917 Gru-tv.

178 2937 195 2966 3
220 2929 336 2958 (aratia
358 2929 545 2967 surrepant-il
573 2928 662 2964 Quin
682 2928 810 2959 comitia«

858 2292 1051 2327 centuriata,
1062 2292 1177 2331 quibus
1193 2293 1351 2327 consules,
1366 2297 1538 2332 praetores,

858 2344 1005 2365 censores
1034 2336 1237 2371 creabantur,
1268 2335 1470 2366 habebantur
1506 2336 1536 2366 in

858 2387 975 2416 cumpo
987 2377 1107 2408 Martio
1121 2390 1128 2413 ;
1148 2377 1222 2407 iude
1231 2379 1341 2417 yratia
1351 2380 1539 2418 campestris

858 2420 996 2450 sumitur
1016 2430 1073 2459 pro
1094 2421 1201 2450 favore
1226 2420 1387 2459 populari,
1403 2431 1467 2459 quo
1484 2421 1537 2451 ho-

859 2473 951 2492 nores
968 2462 1026 2493 sibi
1040 2462 1111 2501 quis
1127 2463 1238 2493 aliisve
1253 2474 1273 2493 a
1291 2464 1413 2502 populo
1430 2472 1537 2494 conse-

858 2506 1025 2544 quebatur.
1053 2507 1160 2536 Cui-zv.

900 2560 918 2585 4
945 2549 1059 2578 Postea
1083 2549 1297 2587 promiscuum
1314 2549 1405 2586 suit]
1434 2549 1538 2579 Aliter

859 2590 960 2620 visum
978 2595 1024 2620 est
1045 2590 1228 2620 Niebuhrio
1245 2590 1287 2621 iii.
1306 2602 1336 2621 n.
1356 2599 1403 2630 72.
1420 2591 1474 2630 qui
1491 2592 1536 2622 al—

857 2633 956 2662 ternis
976 2632 1069 2662 annis
1094 2643 1194 2672 unque
1218 2633 1259 2663 ud
1275 2644 1326 2664 un.
1346 2643 1416 2673 590.
1439 2633 1481 2665 U.
1498 2634 1536 2666 C.

857 2675 979 2705 aediles
1002 2676 1131 2705 curules
1153 2685 1193 2705 ex
1219 2676 1313 2715 plebe
1329 2681 1454 2706 creatos
1469 2686 1538 2707 ease

857 2717 1042 2754 arbitratur,
1056 2717 1179 2757 quippe
1196 2718 1350 2748 continua
1367 2718 1535 2750 Fastorum

858 2759 938 2789 serie
955 2764 1025 2799 pont
1043 2760 1163 2790 bellum
1183 2761 1341 2791 Punicum
1358 2762 1535 2792 secundum

856 2801 950 2831 annis
962 2802 1092 2841 paribus
1106 2802 1268 2842 patricios,
1281 2803 1458 2843 imparibus
1471 2804 1536 2844 ple-

859 2843 946 2874 boio„
970 2850 1093 2875 erenum
1113 2855 1182 2876 enne
1206 2847 1388 2885 confirmat,
1411 2857 1536 2878 necnon

857 2888 895 2916 nd
929 2887 1114 2918 comoedias
1141 2888 1354 2920 Terentianus
1385 2895 1537 2929 provocat

857 2934 889 2959 et
911 2929 1023 2969 Polyi».
1042 2940 1070 2960 x.
1088 2943 1117 2968 ⁴·

1553 1232 1644 1264 Coss.

1555 1274 1684 1305 Primus
1700 1275 1741 1305 dc

106 1325 123 1355 3
136 1306 250 1348 nelio
275 1306 477 1363 Scipioni,
499 1322 668 1347 suarum
689 1307 880 1362 gentium
894 1307 1004 1356 viris,
1019 1307 1153 1363 gratia
1173 1322 1264 1349 cam
1297 1307 1395 1348 estri
1416 1323 1541 1365 cepe·
1554 1317 1650 1357 plebe
1665 1327 1738 1347 con-

312 1364 362 1405 L.
390 1363 534 1405 Sextio
568 1364 729 1420 collega
769 1379 821 1405 ex
864 1363 1059 1405 Patribus
1094 1364 1218 1406 datus
1299 1397 1309 1406 .
1329 1365 1541 1407 Aemilius
1553 1360 1614 1390 ⁸¹¹¹·

502 1421 719 1478 Principio
760 1422 860 1462 anni
901 1430 943 1462 et
975 1421 1028 1463 de
1074 1421 1222 1472 Gallis,
1259 1437 1365 1478 quos
1382 1423 1541 1520 1primo
1553 1403 1746 1475 ξζὲίῗξζῐοῗ.

135 1479 296 1537 palatos
318 1495 393 1536 per
411 1479 612 1536 Apuliam
629 1479 875 1535 congregari
898 1479 979 1520 iam
1001 1479 1113 1520 fama
1132 1488 1235 1529 erat,
1253 1488 1296 1520 et
1312 1479 1365 1520 de

135 1551 281 1579 corum
327 1537 562 1578 defectione
605 1537 759 1593 agitata
800 1537 970 1577 mentio.

1430 1481 1541 1521 erni-
1554 1487 1639 1518 rules
1658 1487 1717 1526 pri—

1049 1537 1194 1584 Quum
1239 1536 1292 1578 de
1333 1536 1541 1579 industria
1551 1540 1643 1604 {Rium
1660 1540 1725 1560 cre-
