1934 3211
333 566 413 628 T.

478 566 757 631 LIVII
822 569 1380 634 PATAVlNl·

544 745 646 798 LI
678 745 727 798 B
762 746 808 798 E
839 747 889 799 R
971 747 1138 801 VIII.

709 917 967 942 *f—

204 1080 302 1124 AM
329 1081 521 1124 consules
549 1090 668 1123 erant
698 1081 748 1124 C.
768 1081 960 1124 Plautius
988 1082 1237 1133 secundum,
1260 1083 1310 1125 L.
1327 1084 1538 1127 Aemilius
1553 1097 1596 1130 U.
1614 1098 1652 1130 C.
1670 1109 1742 1138 414-

232 1138 543 1189 Mamercinus;
566 1154 700 1196 quum
724 1138 858 1181 Setini
882 1137 1160 1206 Norbanique
1179 1141 1375 1192 Romam,
1397 1143 1537 1184 nuntii
1550 1141 1590 1172 A.
1614 1141 1652 1173 C.
1670 1143 1743 1181 338-

132 1195 382 1239 defectionis
403 1196 727 1247 Privernatium,

134 1263 354 1296 venerunt.

1460 1273 1536 1314 po-

1183 1313 1425 1371 Utrumque
1446 1315 1536 1356 bel-

1550 1184 1587 1215 C.
1604 1184 1735 1214 Plautio

754 1212 852 1238 cum
873 1198 1149 1253 querimonils
1179 1208 1376 1255 acceptae
1406 1200 1537 1242 cladis
1551 1226 1600 1257 11.
1618 1227 1655 1257 L.
1670 1228 1732 1258 Ae-

417 1253 669 1296 Volscorum
701 1255 803 1296 item
836 1255 1084 1305 exercitum,
1118 1255 1226 1297 duce
1262 1257 1428 1298 Antiati

132 1310 247 1408 Fulo,
270 1311 507 1353 consedisse
528 1311 582 1353 ad
605 1311 827 1362 Satricum,
850 1311 1022 1354 allatum
1044 1321 1117 1354 est.

1548 1268 1639 1300 milio
1651 1269 1741 1302 Coss.

149 1383 221 1409 um
243 1368 411 1411 Plautio
442 1377 550 1410 sorte
582 1369 734 1410 evenit.
797 1369 921 1411 Prius
954 1369 1008 1411 ad
1039 1370 1290 1412 Privernum
1321 1372 1534 1428 profectus
1548 1387 1638 1419 Victi
1655 1388 1723 1420 Pri-

130 1426 348 1482 extemplo
381 1426 469 1468 acie
503 1426 704 1468 conflixit.
768 1425 900 1468 Haud
930 1442 1084 1484 magno
1114 1428 1343 1470 certamine
1378 1429 1534 1472 devicti
1546 1435 1702 1464 vernates.

131 1482 295 1525 hostes:
322 1484 526 1540 oppidum
548 1493 718 1540 captum
739 1483 1039 1541 redditumque
1062 1485 1390 1537 Privernatibus,
1413 1502 1534 1543 prae—

103 1559 113 1579 ι
131 1540 238 1582 sidio
267 1540 407 1582 valido
437 1541 660 1598 imposito:
695 1541 782 1597 agri
815 1550 954 1597 partes
984 1542 1092 1583 duae
1126 1542 1361 1599 ademptae.

1424 1543 1532 1586 Inde

129 1597 264 1639 victor
303 1598 512 1640 exercitus
555 1597 763 1640 Satricum
804 1608 950 1640 contra
991 1599 1189 1641 Antiates
1229 1599 1392 1642 ductus.
1467 1600 1533 1643 Ibi
1545 1609 1630 1641 Cum
1645 1609 1724 1640 Vol-

130 1670 283 1711 magna
303 1656 517 1712 utrimque
539 1655 668 1697 caede
695 1664 814 1697 atrox
840 1655 1048 1712 proelium
1069 1656 1174 1698 fuit:
1209 1666 1252 1698 et
1273 1673 1406 1714 quum
1427 1666 1532 1700 tem-

129 1722 266 1769 pestas
287 1728 371 1762 eos,
393 1721 545 1754 neutro
567 1712 768 1754 inclinata
791 1728 879 1770 spe,
901 1713 1150 1755 dimicantes
1171 1714 1420 1766 diremisset,
1443 1716 1533 1758 Ro-

128 1770 256 1820 mani,
278 1769 386 1812 nihil
416 1785 466 1811 eo
497 1770 726 1812 certamine
759 1779 843 1812 tam
876 1771 1075 1828 ambiguo
1106 1771 1214 1821 fessi,
1241 1772 1286 1813 in
1315 1781 1532 1829 posterum

126 1826 241 1868 diem
269 1826 477 1884 proelium
508 1836 668 1884 parant.
731 1827 910 1879 Volscis,
942 1829 1260 1871 recensentibus
1290 1845 1396 1886 quos
1423 1832 1532 1873 viros

127 1884 171 1926 in
188 1885 277 1926 acie
294 1885 542 1935 amisissent,
560 1885 890 1942 haudquaquam
908 1886 1021 1927 idem
1039 1886 1204 1928 animus
1221 1886 1274 1928 ad
1291 1887 1530 1929 iterandum

126 1942 362 1999 periculum
383 1942 473 1984 fuit.
537 1942 676 1984 Nocte
699 1958 779 2007 pro
799 1943 920 1984 victis
942 1943 1124 1985 Antium
1153 1944 1320 2000 agmine
1350 1945 1529 2002 trepido,

126 1999 278 2041 sauciis
313 2015 361 2041 ac
396 2008 514 2055 parte
552 1999 953 2055 impedimentorum
986 2000 1142 2049 relicta,
1177 2001 1382 2043 abierunt.
1446 2003 1530 2044 Ar-

127 2071 293 2097 morum
314 2071 467 2113 magna
486 2057 547 2097 vis
569 2066 659 2097 tum
682 2056 792 2097 inter
816 2071 936 2097 caesa
956 2071 1131 2154 coz-fora
1151 2056 1348 2106 hostium,
1372 2067 1462 2099 tum
1484 2060 1529 2100 in

95 2134 113 2155 α
127 2113 270 2159 castris
288 2113 459 2155 inventa
479 2122 552 2155 cst.

618 2119 629 2137 ‘
645 2112 708 2154 Ea
730 2112 847 2154 Luae
869 2114 992 2154 matri

1044 2129 1113 2155 are
1135 2114 1206 2163 se,'
1222 2114 1367 2155 consul
1389 2114 1524 2158 dixit:

126 2171 318 2227 finesque
360 2171 542 2212 hostium
585 2186 717 2226 usquc
759 2170 812 2211 ad
854 2185 969 2212 oram
1012 2171 1262 2212 maritimam
1298 2181 1361 2212 est
1397 2172 1527 2229 depo-

126 2227 306 2285 pulatus.

95 2303 114 2334 3
186 2285 324 2328 Alteri
357 2285 518 2327 consuli
551 2285 750 2335 Aemilio,
783 2286 968 2342 ingresso
1005 2285 1217 2327 Sabellum
1242 2301 1411 2351 agrum,
1439 2302 1524 2330 non

125 2351 259 2385 castra
282 2342 550 2393 Samnitium,
573 2358 658 2385 non
688 2342 875 2398 legiones
904 2358 1080 2399 usquam
1106 2352 1334 2400 oppositae.

174 2503 184 2525 ι
212 2496 296 2534 Ayri
313 2500 423 2534 partes
438 2496 539 2533 dnae]
580 2495 673 2525 Duae
690 2494 802 2525 tcrtinc

127 2541 245 2578 partes,
261 2547 395 2576 quarum
420 2548 485 2568 una
511 2537 679 2573 Romanis,
702 2537 803 2567 altera

129 2579 254 2610 Latinis
269 2589 307 2609 ex
325 2579 453 2610 foedere
469 2580 707 2610 concederetur.

171 2631 188 2652 ἰ
214 2623 304 2652 Luae
320 2623 433 2659 matri]
470 2622 540 2653 Lua
555 2626 659 2652 muter
674 2621 803 2652 Saturni

128 2664 206 2701 filia,
232 2665 268 2694 Λ.
292 2663 379 2694 Gen.
405 2664 470 2694 xiii.
496 2673 544 2694 ⁴2².
591 2664 644 2694 Sic
671 2664 758 2694 dicta
785 2675 804 2694 a

128 2708 228 2742 luere..
245 2717 286 2736 se.
304 2706 446 2745 expiare.
465 2706 511 2735 vel
533 2705 651 2740 Diana,
675 2706 699 2735 ni
726 2706 805 2736 tides

128 2749 276 2779 habenda
299 2748 449 2778 Diomedi
475 2748 515 2778 iii.
535 2759 563 2788 p.
583 2750 654 2786 484.
671 2749 711 2777 dc
728 2748 804 2786 orig.

130 2791 245 2822 Bucol.
292 2792 434 2821 Dianam
457 2789 540 2825 Λύην
560 2789 804 2827 cognominave-

127 2838 214 2868 runt,
239 2835 332 2874 qnasi
358 2834 537 2864 soluerit-em
562 2834 717 2862 malornm
746 2832 804 2863 etsi

126 2875 259 2915 qnidam
287 2877 412 2906 Lunam
439 2881 588 2915 corrupte
615 2876 715 2905 Luam
750 2885 803 2914 pu-

129 2923 198 2949 tant
217 2918 348 2949 dictam.
373 2920 412 2949 cs.
426 2918 496 2949 infr.
510 2918 571 2947 xlv.
588 2927 636 2956 33.
678 2917 716 2947 Ei
735 2927 805 2958 apo-

188 2973 284 3001 VOL.
311 2974 335 3001 Ι.

1398 2344 1526 2387 Ferro

850 2495 891 2525 lia
916 2494 1056 2525 hostium
1081 2495 1179 2525 ‹lit-ari
1203 2496 1350 2526 solebant
1375 2501 1409 2526 ut
1428 2497 1526 2528 Marti

848 2544 878 2567 et
896 2537 1062 2568 Minervae
1077 2549 1083 2568 z
1110 2538 1150 2567 dc
1166 2547 1230 2577 quo
1247 2548 1334 2568 more
1350 2549 1440 2570 arma
1456 2539 1526 2571 hou·

848 2580 929 2610 tium
960 2579 1198 2616 concremandi,
1220 2581 1259 2611 cf.
1283 2580 1460 2620 Schweigh.
1483 2583 1524 2613 ad

850 2622 990 2662 Appian.
1011 2623 1093 2653 I'un.
1111 2623 1161 2660 ⁴3·
1188 2623 1273 2653 ltu-r.

899 2675 916 2704 3
943 2666 1103 2695 Sabellum
1135 2666 1268 2704 ayrum]
1310 2665 1522 2699 Samniticum

848 2717 970 2745 ngr-um.
1022 2707 1194 2742 Sanmites,
1219 2708 1284 2737 nno
1311 2709 1442 2740 nomine
1467 2712 1524 2741 Sa-

850 2751 943 2780 bellos
960 2749 1062 2779 dictus
1078 2760 1145 2780 cnse
1161 2750 1251 2780 teatin
1266 2755 1313 2780 ent
1332 2751 1470 2783 1’1in.H.
1481 2752 1524 2784 N.

851 2791 892 2822 iii.
927 2801 971 2822 ιτ.
1003 2792 1077 2831 quin
1109 2802 1226 2832 nempe
1255 2803 1275 2823 a
1306 2795 1436 2825 Sabinis
1464 2796 1526 2826 orti

850 2839 952 2870 erant,
981 2839 1015 2864 ut
1043 2839 1200 2865 memorat
1231 2835 1333 2866 Varro
1359 2836 1399 2867 de
1426 2837 1463 2869 L.
1489 2837 1525 2869 L.

853 2877 891 2906 vi.
912 2886 938 2915 3.
963 2877 1069 2908 Cum.

1220 2976 1295 3019 ⁰8

1545 1652 1607 1683 scis
1622 1653 1722 1683 dubio

1545 1695 1654 1726 Marte
1673 1705 1750 1738 pug-

1544 1741 1667 1768 natum.

1543 2125 1613 2157 Lua
1629 2129 1742 2158 mater.
