1934 3211
609 185 734 228 LIB.
774 185 806 227 Ι.
857 185 1000 227 CAP.
1035 189 1100 227 32.
1493 191 1547 230 39

168 284 410 336 gererentur
429 275 576 327 solum,
597 275 671 318 sed
691 276 817 317 etiam
844 274 1130 316 indicerentur
1148 273 1258 316 bella
1277 274 1416 331 aliquo
1436 277 1519 319 ritu
1535 293 1546 327 ;

136 336 232 381 9ius
279 334 331 376 ab
379 334 553 390 antiqua
598 342 724 391 gente
769 331 1026 390 Aequicolis,
1067 331 1183 389 quod
1228 347 1342 373 nunc
1389 333 1548 376 fetiales

164 393 333 442 habent,
369 391 597 449 descripsit,
630 406 715 448 quo
744 406 810 433 res
841 398 1098 447 repetuntur.
1159 389 1356 446 Legatus,
1388 391 1460 432 ubi
1495 392 1548 434 ad
1562 405 1647 437 Belli
1662 405 1742 438 indi-

164 449 271 492 fines
300 465 444 492 eorum
469 450 597 500 venit,
625 449 739 491 unde
766 464 832 491 res
861 457 1121 505 repetuntur,
1144 449 1279 504 capite
1310 447 1446 489 velato
1476 449 1548 491 filo
1561 449 1652 480 cendi
1667 448 1755 481 ritus.

163 507 303 565 (lanae
324 507 513 549 velamen
534 507 616 563 est)
638 506 794 558 ‘Audi,
818 506 1004 563 Iupiter,'
1022 506 1180 563 inquit,
1205 511 1216 529 ‘
1229 505 1383 555 audite,
1405 506 1510 548 fines
1523 507 1548 557 3'

162 565 470 622 (cuiuscunque
490 566 626 622 gentis
646 573 756 615 sunt,
779 565 988 621 nominat)
1009 564 1171 606 ‘audiat
1191 563 1280 605 Fas.
1343 562 1435 620 Ego
1455 579 1547 606 sum

163 628 177 648 ‘
188 623 379 680 publicus
391 623 563 665 nuntius
575 623 721 680 populi
736 622 931 673 Romani,
948 623 1053 664 iuste
1066 622 1219 679 pieque
1235 621 1396 678 legatus
1408 622 1546 673 venio,

163 686 177 706 ‘
191 681 410 737 verbisque
431 681 534 722 meis
555 681 658 723 fides
678 680 756 722 sit.'
804 680 975 737 Peragit
995 679 1149 722 deinde
1170 678 1387 736 postulata.
1439 679 1546 722 Inde

161 737 303 781 Iovem
323 747 470 781 testem
491 739 611 781 facit:
647 745 659 764 ‘
674 738 717 781 Si
738 754 816 795 ego
837 738 989 780 iniuste
1010 738 1222 795 impieque
1243 737 1335 779 illos
1355 737 1547 780 homines

161 796 360 854 ‘illasque
390 812 455 838 res
482 797 629 839 dedier
651 797 801 838 nuntio
827 796 974 853 populi
1005 796 1188 838 Romani
1218 795 1322 837 mihi
1352 810 1404 837 ex
1436 811 1545 846 osco,

161 860 276 896 ‘tum
306 855 463 912 patriae
494 863 732 912 compotem
765 869 831 895 me
864 869 1081 911 nunquam
1111 853 1202 895 siris
1237 853 1353 895 esse.'
1459 868 1545 905 aec,

159 927 291 970 quum
322 913 428 957 fines
462 912 762 970 suprascandit,
794 912 910 963 haec,
943 912 1184 968 quicunque
1220 911 1260 953 ei
1294 911 1452 968 primus
1483 911 1547 953 vir

158 971 303 1013 obvius
314 970 452 1021 fuerit,
467 971 583 1021 haec,
593 979 760 1037 portam
773 970 1025 1027 ingrediens,
1040 970 1156 1020 haec,
1170 969 1306 1012 forum
1322 969 1544 1026 ingressuS‚

157 1029 300 1085 paucis
319 1029 457 1071 verbis
477 1029 670 1071 carmmis
697 1028 1048 1085 concipiendique
1073 1027 1339 1069 iurisiurandi
1360 1027 1544 1078 mutatis,

157 1086 329 1144 peragit.
393 1086 438 1129 Si
458 1102 544 1129 non
565 1086 792 1137 deduntur,
818 1101 923 1143 quos
947 1101 999 1128 ex
1032 1086 1148 1136 oscit,
1170 1085 1318 1128 diebus
1345 1085 1478 1128 tribus
1502 1094 1547 1128 et

157 1153 174 1186 t
199 1143 207 1152 '
243 1144 251 1152 '
287 1153 330 1186 ta
372 1143 455 1201 (tot
503 1145 617 1186 enim
656 1144 864 1187 sollennes
903 1152 1000 1185 sunt
1060 1143 1249 1200 peractis,
1290 1143 1447 1185 bellum
1487 1143 1547 1186 ita

156 1201 201 1243 in
235 1202 327 1244 'cit:
362 1202 518 1253 ‘Audi‚
536 1202 709 1259 Iupiter,
727 1211 770 1244 et
790 1210 849 1252 tu,
872 1200 993 1252 Iuno,
1019 1201 1211 1252 Quirine,
1233 1201 1378 1258 diique
1399 1216 1545 1243 omnes

157 1259 394 1311 ‘coelestes,
422 1275 578 1317 vosque
609 1268 835 1310 terrestres,
863 1275 1019 1316 vosque
1049 1259 1202 1301 inferni
1234 1258 1387 1301 audite.
1450 1258 1544 1316 Ego

157 1323 254 1359 ‘vos
293 1326 434 1368 testor,
474 1317 677 1375 populum
725 1317 870 1368 illum,’
909 1317 1171 1374 (quicunque
1219 1325 1293 1366 est,
1334 1316 1544 1373 nominat)

157 1375 383 1416 ‘iniustum
403 1391 504 1426 esse,
522 1391 659 1432 neque
680 1375 745 1416 ius
765 1374 1009 1431 persolvere.
1069 1373 1152 1415 Sed
1173 1373 1226 1415 de
1247 1373 1335 1415 istis
1355 1374 1479 1415 rebus
1498 1374 1543 1415 in

157 1433 316 1490 ‘patria
348 1434 523 1475 maiores
550 1443 652 1474 natu
684 1432 960 1482 consulemus,
989 1446 1074 1488 quo
1103 1440 1227 1488 pacto
1259 1431 1323 1472 ius
1354 1439 1542 1473 nostrum

157 1496 169 1515 ‘
184 1491 486 1547 adipiscamur.'
547 1489 659 1532 Cum
680 1489 745 1530 his
765 1489 938 1530 nuntius
960 1489 1141 1530 Romam
1162 1488 1216 1530 ad
1236 1488 1541 1530 consulendum

154 1548 274 1590 redit.
339 1548 574 1590 Confestim
595 1563 670 1590 rex
696 1547 761 1589 his
781 1547 910 1589 ferme
934 1547 1072 1588 verbis
1102 1546 1248 1588 Patres
1272 1546 1537 1589 consulebat:

154 1612 167 1630 ‘
183 1605 372 1655 Quarum
399 1620 551 1656 rerum,
580 1605 730 1655 litium,
758 1620 975 1647 causarum
998 1604 1189 1646 condixit
1208 1613 1327 1661 pater
1353 1613 1539 1662 patratus

153 1669 166 1687 ‘
180 1664 326 1722 populi
348 1663 531 1705 Romani
555 1663 787 1712 Quiritium
807 1663 914 1720 patri
930 1672 1092 1720 patrato
1112 1663 1342 1720 priscorum
1365 1662 1540 1705 Latino-

153 1726 166 1745 ‘
180 1736 273 1764 rum
294 1721 617 1778 hominibusque
633 1721 777 1778 priscis
794 1721 969 1771 Latinis,
992 1736 1096 1778 quas
1116 1736 1180 1762 res
1196 1721 1299 1772 dari,
1316 1720 1420 1771 fieri,
1437 1720 1539 1763 solvi

152 1785 165 1804 ‘
177 1780 374 1846 oportuit,
389 1795 491 1836 quas
504 1795 569 1821 res
585 1794 664 1821 nec
677 1779 897 1829 dederunt,
912 1795 990 1821 nec
1003 1779 1206 1829 fecerunt,
1221 1794 1299 1820 nec
1312 1778 1538 1829 solverunt,

152 1838 275 1888 ‘d1c,’
305 1838 443 1894 inquit
470 1838 522 1888 ei,
551 1853 677 1894 quem
707 1837 889 1894 primum
917 1837 1167 1879 sententiam
1197 1837 1380 1894 rogabat,
1411 1837 1539 1894 ‘quid

123 1915 134 1936 ι
153 1902 164 1920 ‘
179 1911 323 1938 censes
337 1896 374 1937 ?'
433 1895 546 1937 Tum
585 1895 681 1937 ille:
736 1901 747 1919 ‘
764 1895 876 1936 Puro
915 1895 1070 1952 pioque
1106 1895 1246 1937 duello
1282 1895 1540 1952 quaerendas

152 1960 164 1978 ‘
180 1969 343 2004 censeo,
384 1953 524 2011 itaque
570 1953 798 2004 consentio,
840 1953 1162 2010 consciscoque.'
1239 1952 1346 1995 Inde
1391 1953 1539 1995 ordine

150 2012 219 2054 alii
240 2013 513 2069 rogabantur:
547 2011 801 2068 quandoque
822 2026 916 2068 pars
932 2011 1064 2053 maior
1083 2026 1241 2061 eorum,
1259 2011 1332 2067 qui
1353 2010 1537 2061 aderant,

150 2070 194 2111 in
225 2070 401 2112 eandem
435 2070 685 2112 sententiam
716 2069 813 2118 ibat,
845 2069 1002 2111 bellum
1033 2077 1122 2110 erat
1151 2084 1366 2110 consensu.
1429 2068 1539 2110 Fieri

119 2128 331 2178 2solitum,
358 2137 405 2169 ut
434 2127 584 2169 fetialis
608 2127 768 2168 hastam
797 2126 990 2168 ferratam
1018 2135 1090 2167 aut
1116 2127 1388 2182 sanguineam
1420 2141 1539 2183 prae-

151 2194 284 2228 ustam
306 2186 359 2227 ad
380 2185 485 2227 fines
505 2200 649 2227 eorum
669 2185 807 2233 ferret,
829 2193 883 2234 et,
901 2199 987 2226 non
1008 2184 1146 2225 minus
1167 2183 1297 2225 tribus
1311 2184 1540 2240 puberibus

149 2244 450 2301 praesentibus,
472 2243 656 2285 diceret:
692 2248 703 2266 ‘
722 2242 850 2291 Quod
874 2241 1018 2299 populi
1039 2241 1268 2299 priscorum
1290 2241 1537 2283 Latinorum

151 2301 450 2359 ‘hominesque
486 2301 609 2358 prisci
651 2300 791 2342 Latini
827 2299 1024 2342 adversus
1058 2299 1261 2357 populum
1298 2299 1536 2341 Romanum

190 2453 211 2485 9
233 2444 292 2475 Ius
306 2444 345 2474 ab
360 2444 496 2484 antiqua
511 2447 606 2483 yente
621 2443 820 2483 Aequicolis]
869 2443 953 2482 Rep.
968 2441 997 2473 ii.
1015 2450 1060 2481 17.
1091 2442 1235 2479 Cramer,
1248 2440 1386 2472 Ancient
1404 2441 1502 2481 Italy,
1518 2441 1538 2473 ἰ.

150 2486 342 2527 Repetitum
376 2487 551 2526 descripsit.
604 2485 754 2516 Valerius
790 2485 822 2516 in
869 2495 899 2525 p.
915 2495 984 2524 3²²-
1004 2485 1171 2515 Wachsm.
1190 2495 1219 2524 p.
1237 2494 1308 2526 ²¹9-
1338 2485 1539 2525 Aequiculis,

150 2528 238 2569 Epit.
255 2530 295 2560 de
312 2529 571 2570 praenominibus
585 2529 624 2559 ab
640 2530 822 2570 Aequicolis
867 2528 1006 2559 Bekker.
1024 2533 1055 2558 et
1072 2528 1213 2559 Cramer.

148 2572 305 2604 Sertorem
323 2574 465 2609 Reaium,
480 2573 535 2613 qui
556 2573 681 2612 primus
703 2573 754 2602 ius
769 2572 820 2610 se·
912 2580 922 2601 1
951 2572 1043 2601 Puro
1069 2571 1185 2610 pioque
1209 2570 1313 2600 duello
1338 2571 1539 2611 quaerendas

149 2615 226 2646 ciale
247 2616 398 2646 instituit.
444 2616 507 2646 Pro
524 2615 718 2656 Aequicolis,
739 2624 821 2654 quae
863 2614 989 2651 censeo]
1011 2613 1129 2643 versus
1145 2612 1324 2648 Saturnius,
1339 2612 1363 2642 ai
1382 2611 1539 2652 particula

149 2660 198 2688 eat
224 2657 409 2698 depravatio
437 2657 730 2698 grammativorum,
761 2657 819 2696 leg.
863 2667 924 2697 que
939 2655 1185 2693 omiseris3ulios
1202 2655 1308 2695 plures
1320 2655 1437 2695 passim
1451 2655 1536 2686 inve-

149 2701 347 2741 Aequiculis.
369 2701 409 2731 cf.
432 2701 550 2740 Heyne
572 2701 613 2731 ad
632 2700 719 2740 Virg.
739 2700 820 2730 Aen.
865 2698 955 2729 neris.

152 2742 202 2774 vii.
225 2751 294 2782 747.
320 2743 404 2773 Ruv.
445 2743 589 2773 Feciales
607 2753 627 2773 a
644 2743 755 2773 Numa
776 2741 819 2772 in·
908 2751 924 2771 α
949 2742 1085 2771 Hastam
1103 2764 1109 2771 .
1127 2763 1134 2771 .
1152 2764 1159 2771 .
1175 2741 1403 2780 sanguineam]
1427 2742 1535 2772 Hasta

149 2785 251 2816 utituti
279 2786 375 2816 fuere.
422 2785 521 2815 Haud
545 2785 610 2816 acio
636 2795 676 2816 an
712 2786 821 2816 Ancus
862 2785 1042 2822 eanquinea
1073 2793 1135 2813 non
1171 2787 1216 2813 est
1255 2793 1294 2814 ex
1324 2784 1436 2814 arbore
1465 2794 1534 2815 ean-

150 2829 334 2868 Aequorum
359 2827 436 2858 ritus
452 2828 605 2867 quondam
625 2828 665 2858 nd
684 2827 818 2867 priscam
863 2826 979 2866 guinca
1003 2826 1168 2862 fabricata,
1192 2826 1277 2865 quod
1303 2826 1451 2857 nonnulli
1479 2837 1534 2867 pu—

148 2871 238 2903 illam
272 2871 401 2902 Numae
428 2870 628 2910 disciplinam
659 2869 820 2901 adiecerit.
864 2874 983 2905 tarum,
1016 2869 1071 2899 sed
1110 2878 1182 2899 vero
1219 2869 1371 2909 sanguine
1408 2869 1534 2900 infecta.

152 2915 226 2946 Hoc
242 2918 348 2945 tamen
367 2913 414 2944 iun
427 2912 713 2952 feciale.quidquid
727 2916 821 2948 esset,
864 2912 1004 2943 Srnow.
1039 2911 1078 2942 cf.
1111 2912 1216 2942 Amm.
1241 2912 1388 2944 Marcell.
1413 2912 1476 2943 xix.
1509 2923 1535 2948 ι,

150 2958 284 2989 Tullum
315 2956 515 2988 constituisse
546 2955 652 2987 scribit
682 2955 750 2987 Cic.
781 2956 820 2986 de
864 2953 1435 2996 “Hastaminfccmmmnguine,··et
1447 2965 1533 2995 seqq.
