<?xml version="1.0" encoding="UTF-8"?>
<!DOCTYPE html PUBLIC "-//W3C//DTD XHTML 1.0 Transitional//EN"
    "http://www.w3.org/TR/xhtml1/DTD/xhtml1-transitional.dtd">
<html xmlns="http://www.w3.org/1999/xhtml" xml:lang="en" lang="en">
 <head>
  <title>
</title>
<meta http-equiv="Content-Type" content="text/html;charset=utf-8" />
  <meta name='ocr-system' content='tesseract 3.04.00' />
  <meta name='ocr-capabilities' content='ocr_page ocr_carea ocr_par ocr_line ocrx_word'/>
</head>
<body>
  <div class='ocr_page' id='page_1' title='image "./historiarumli01livyuoft_0564.png"; bbox 0 0 1934 3211; ppageno 0'>
   <div class='ocr_carea' id='block_1_1' title="bbox 398 147 1275 190">
    <p class='ocr_par' dir='ltr' id='par_1_1' title="bbox 398 147 1275 190">
     <span class='ocr_line' id='line_1_1' title="bbox 398 147 1275 190; baseline 0 -1"><span class='ocrx_word' id='word_1_1' title='bbox 398 151 480 189; x_wconf 85' lang='lat'>550</span> <span class='ocrx_word' id='word_1_2' title='bbox 905 148 1053 190; x_wconf 88' lang='lat' dir='ltr'>TITI</span> <span class='ocrx_word' id='word_1_3' title='bbox 1096 147 1275 190; x_wconf 91' lang='lat' dir='ltr'>LIVII</span> 
     </span>
    </p>
   </div>
   <div class='ocr_carea' id='block_1_2' title="bbox 178 238 1888 2790">
    <p class='ocr_par' dir='ltr' id='par_1_2' title="bbox 178 238 1888 2790">
     <span class='ocr_line' id='line_1_2' title="bbox 180 238 1784 296; baseline 0.001 -16"><span class='ocrx_word' id='word_1_4' title='bbox 180 250 369 289; x_wconf 53' lang='grc'>110447.</span> <span class='ocrx_word' id='word_1_5' title='bbox 398 246 536 279; x_wconf 90' lang='lat' dir='ltr'>motus</span> <span class='ocrx_word' id='word_1_6' title='bbox 565 239 709 280; x_wconf 85' lang='lat' dir='ltr'>exorti.</span> <span class='ocrx_word' id='word_1_7' title='bbox 775 238 938 280; x_wconf 88' lang='lat' dir='ltr'>Calatia</span> <span class='ocrx_word' id='word_1_8' title='bbox 968 247 1010 280; x_wconf 91' lang='lat' dir='ltr'>et</span> <span class='ocrx_word' id='word_1_9' title='bbox 1045 238 1158 289; x_wconf 84' lang='lat' dir='ltr'>Sora,</span> <span class='ocrx_word' id='word_1_10' title='bbox 1190 239 1491 296; x_wconf 84' lang='lat' dir='ltr'>praesidiaque,</span> <span class='ocrx_word' id='word_1_11' title='bbox 1523 255 1630 296; x_wconf 87' lang='lat' dir='ltr'>quae</span> <span class='ocrx_word' id='word_1_12' title='bbox 1660 239 1706 280; x_wconf 91' lang='lat' dir='ltr'>in</span> <span class='ocrx_word' id='word_1_13' title='bbox 1734 239 1784 281; x_wconf 89' lang='lat' dir='ltr'>iis</span> 
     </span>
     <span class='ocr_line' id='line_1_3' title="bbox 178 293 1785 354; baseline 0.001 -18"><span class='ocrx_word' id='word_1_14' title='bbox 178 293 218 324; x_wconf 75' lang='lat' dir='ltr'>A·</span> <span class='ocrx_word' id='word_1_15' title='bbox 243 294 280 324; x_wconf 80' lang='lat' dir='ltr'>C·</span> <span class='ocrx_word' id='word_1_16' title='bbox 299 302 370 333; x_wconf 77' lang='lat'><strong>305·</strong></span> <span class='ocrx_word' id='word_1_17' title='bbox 399 296 593 337; x_wconf 84' lang='lat' dir='ltr'>Romana</span> <span class='ocrx_word' id='word_1_18' title='bbox 614 305 745 347; x_wconf 87' lang='lat' dir='ltr'>erant,</span> <span class='ocrx_word' id='word_1_19' title='bbox 767 306 1029 353; x_wconf 83' lang='lat' dir='ltr'>expugnata:</span> <span class='ocrx_word' id='word_1_20' title='bbox 1064 305 1106 338; x_wconf 88' lang='lat' dir='ltr'>et</span> <span class='ocrx_word' id='word_1_21' title='bbox 1128 298 1170 338; x_wconf 89' lang='lat' dir='ltr'>in</span> <span class='ocrx_word' id='word_1_22' title='bbox 1193 298 1452 354; x_wconf 92' lang='lat' dir='ltr'>captivorum</span> <span class='ocrx_word' id='word_1_23' title='bbox 1484 313 1656 354; x_wconf 88' lang='lat' dir='ltr'>corpora</span> <span class='ocrx_word' id='word_1_24' title='bbox 1675 297 1785 338; x_wconf 87' lang='lat' dir='ltr'>mili-</span> 
     </span>
     <span class='ocr_line' id='line_1_4' title="bbox 399 354 1785 411; baseline 0.001 -16"><span class='ocrx_word' id='word_1_25' title='bbox 399 362 488 395; x_wconf 90' lang='lat' dir='ltr'>tum</span> <span class='ocrx_word' id='word_1_26' title='bbox 504 354 625 396; x_wconf 89' lang='lat' dir='ltr'>foede</span> <span class='ocrx_word' id='word_1_27' title='bbox 642 355 857 396; x_wconf 87' lang='lat' dir='ltr'>saevitum.</span> <span class='ocrx_word' id='word_1_28' title='bbox 919 354 1068 411; x_wconf 90' lang='lat' dir='ltr'>Itaque</span> <span class='ocrx_word' id='word_1_29' title='bbox 1091 371 1140 397; x_wconf 92' lang='lat' dir='ltr'>eo</span> <span class='ocrx_word' id='word_1_30' title='bbox 1162 355 1209 397; x_wconf 90' lang='lat' dir='ltr'>P.</span> <span class='ocrx_word' id='word_1_31' title='bbox 1232 355 1455 397; x_wconf 88' lang='lat' dir='ltr'>Cornelius</span> <span class='ocrx_word' id='word_1_32' title='bbox 1476 370 1573 396; x_wconf 89' lang='lat' dir='ltr'>cum</span> <span class='ocrx_word' id='word_1_33' title='bbox 1593 355 1785 397; x_wconf 87' lang='lat' dir='ltr'>exercitu</span> 
     </span>
     <span class='ocr_line' id='line_1_5' title="bbox 181 412 1785 470; baseline 0.001 -17"><span class='ocrx_word' id='word_1_34' title='bbox 181 414 314 464; x_wconf 70' lang='lat' dir='ltr'>Bellum</span> <span class='ocrx_word' id='word_1_35' title='bbox 397 412 556 453; x_wconf 89' lang='lat' dir='ltr'>missus.</span> <span class='ocrx_word' id='word_1_36' title='bbox 618 412 782 455; x_wconf 88' lang='lat' dir='ltr'>Marcio</span> <span class='ocrx_word' id='word_1_37' title='bbox 798 413 896 454; x_wconf 91' lang='lat' dir='ltr'>novi</span> <span class='ocrx_word' id='word_1_38' title='bbox 911 413 1050 454; x_wconf 87' lang='lat' dir='ltr'>hostes</span> <span class='ocrx_word' id='word_1_39' title='bbox 1066 413 1169 469; x_wconf 80' lang='lat' dir='ltr'>(iam</span> <span class='ocrx_word' id='word_1_40' title='bbox 1189 413 1300 454; x_wconf 90' lang='lat' dir='ltr'>enim</span> <span class='ocrx_word' id='word_1_41' title='bbox 1317 413 1554 470; x_wconf 78' lang='lat' dir='ltr'>Anagninis</span> <span class='ocrx_word' id='word_1_42' title='bbox 1568 413 1785 466; x_wconf 53' lang='lat' dir='ltr'>Hernicisss</span> 
     </span>
     <span class='ocr_line' id='line_1_6' title="bbox 182 458 1786 527; baseline 0 -15"><span class='ocrx_word' id='word_1_43' title='bbox 182 458 373 490; x_wconf 78' lang='lat' dir='ltr'>Hermcum.</span> <span class='ocrx_word' id='word_1_44' title='bbox 397 486 479 527; x_wconf 91' lang='lat' dir='ltr'>que</span> <span class='ocrx_word' id='word_1_45' title='bbox 521 470 612 511; x_wconf 89' lang='lat' dir='ltr'>aliis</span> <span class='ocrx_word' id='word_1_46' title='bbox 651 471 808 512; x_wconf 88' lang='lat' dir='ltr'>bellum</span> <span class='ocrx_word' id='word_1_47' title='bbox 847 471 1005 512; x_wconf 88' lang='lat' dir='ltr'>iussum</span> <span class='ocrx_word' id='word_1_48' title='bbox 1045 471 1153 526; x_wconf 84' lang='lat' dir='ltr'>erat)</span> <span class='ocrx_word' id='word_1_49' title='bbox 1192 471 1486 513; x_wconf 84' lang='lat' dir='ltr'>decernuntur.</span> <span class='ocrx_word' id='word_1_50' title='bbox 1548 471 1692 513; x_wconf 89' lang='lat' dir='ltr'>Primo</span> <span class='ocrx_word' id='word_1_51' title='bbox 1726 470 1786 512; x_wconf 88' lang='lat' dir='ltr'>ita</span> 
     </span>
     <span class='ocr_line' id='line_1_7' title="bbox 398 528 1785 585; baseline 0.001 -16"><span class='ocrx_word' id='word_1_52' title='bbox 398 528 539 569; x_wconf 91' lang='lat' dir='ltr'>omnia</span> <span class='ocrx_word' id='word_1_53' title='bbox 560 538 795 585; x_wconf 87' lang='lat' dir='ltr'>opportuna</span> <span class='ocrx_word' id='word_1_54' title='bbox 815 528 906 569; x_wconf 92' lang='lat' dir='ltr'>loca</span> <span class='ocrx_word' id='word_1_55' title='bbox 926 528 1064 569; x_wconf 89' lang='lat' dir='ltr'>hostes</span> <span class='ocrx_word' id='word_1_56' title='bbox 1085 529 1194 570; x_wconf 88' lang='lat' dir='ltr'>inter</span> <span class='ocrx_word' id='word_1_57' title='bbox 1215 529 1433 570; x_wconf 85' lang='lat' dir='ltr'>consulum</span> <span class='ocrx_word' id='word_1_58' title='bbox 1454 537 1587 571; x_wconf 90' lang='lat' dir='ltr'>castra</span> <span class='ocrx_word' id='word_1_59' title='bbox 1605 529 1785 571; x_wconf 90' lang='lat' dir='ltr'>interce-</span> 
     </span>
     <span class='ocr_line' id='line_1_8' title="bbox 396 585 1786 652; baseline 0.001 -25"><span class='ocrx_word' id='word_1_60' title='bbox 396 595 561 643; x_wconf 88' lang='lat' dir='ltr'>perunt,</span> <span class='ocrx_word' id='word_1_61' title='bbox 585 596 632 627; x_wconf 91' lang='lat' dir='ltr'>ut</span> <span class='ocrx_word' id='word_1_62' title='bbox 661 585 887 651; x_wconf 76' lang='lat' dir='ltr'>pervadere</span> <span class='ocrx_word' id='word_1_63' title='bbox 910 585 1132 642; x_wconf 86' lang='lat' dir='ltr'>expeditus</span> <span class='ocrx_word' id='word_1_64' title='bbox 1166 586 1336 627; x_wconf 87' lang='lat' dir='ltr'>nuntius</span> <span class='ocrx_word' id='word_1_65' title='bbox 1356 602 1444 628; x_wconf 91' lang='lat' dir='ltr'>non</span> <span class='ocrx_word' id='word_1_66' title='bbox 1462 595 1614 652; x_wconf 88' lang='lat' dir='ltr'>posset,</span> <span class='ocrx_word' id='word_1_67' title='bbox 1636 597 1680 628; x_wconf 89' lang='lat' dir='ltr'>et</span> <span class='ocrx_word' id='word_1_68' title='bbox 1709 601 1786 643; x_wconf 88' lang='lat' dir='ltr'>per</span> 
     </span>
     <span class='ocr_line' id='line_1_9' title="bbox 397 643 1785 700; baseline 0.001 -15"><span class='ocrx_word' id='word_1_69' title='bbox 397 644 557 700; x_wconf 84' lang='lat' dir='ltr'>aliquot</span> <span class='ocrx_word' id='word_1_70' title='bbox 584 643 673 684; x_wconf 87' lang='lat' dir='ltr'>dies</span> <span class='ocrx_word' id='word_1_71' title='bbox 703 643 852 684; x_wconf 84' lang='lat' dir='ltr'>incerti</span> <span class='ocrx_word' id='word_1_72' title='bbox 881 659 1021 684; x_wconf 84' lang='lat' dir='ltr'>rerum</span> <span class='ocrx_word' id='word_1_73' title='bbox 1052 643 1253 693; x_wconf 89' lang='lat' dir='ltr'>omnium,</span> <span class='ocrx_word' id='word_1_74' title='bbox 1286 645 1559 700; x_wconf 83' lang='lat' dir='ltr'>suspensique</span> <span class='ocrx_word' id='word_1_75' title='bbox 1590 645 1642 686; x_wconf 87' lang='lat' dir='ltr'>de</span> <span class='ocrx_word' id='word_1_76' title='bbox 1673 653 1785 686; x_wconf 86' lang='lat' dir='ltr'>statu</span> 
     </span>
     <span class='ocr_line' id='line_1_10' title="bbox 397 701 1785 757; baseline 0.001 -15"><span class='ocrx_word' id='word_1_77' title='bbox 397 702 579 751; x_wconf 87' lang='lat' dir='ltr'>alterius,</span> <span class='ocrx_word' id='word_1_78' title='bbox 602 710 779 756; x_wconf 78' lang='lat' dir='ltr'>utelque</span> <span class='ocrx_word' id='word_1_79' title='bbox 812 701 957 742; x_wconf 92' lang='lat' dir='ltr'>consul</span> <span class='ocrx_word' id='word_1_80' title='bbox 987 709 1141 757; x_wconf 77' lang='lat' dir='ltr'>ageret,</span> <span class='ocrx_word' id='word_1_81' title='bbox 1171 701 1437 757; x_wconf 85' lang='lat' dir='ltr'>Romamque</span> <span class='ocrx_word' id='word_1_82' title='bbox 1467 702 1502 742; x_wconf 91' lang='lat' dir='ltr'>is</span> <span class='ocrx_word' id='word_1_83' title='bbox 1531 710 1667 743; x_wconf 91' lang='lat' dir='ltr'>metus</span> <span class='ocrx_word' id='word_1_84' title='bbox 1697 717 1785 744; x_wconf 87' lang='lat' dir='ltr'>ma-</span> 
     </span>
     <span class='ocr_line' id='line_1_11' title="bbox 396 758 1784 816; baseline 0.001 -16"><span class='ocrx_word' id='word_1_85' title='bbox 396 774 472 800; x_wconf 79' lang='lat' dir='ltr'>n‘n</span> <span class='ocrx_word' id='word_1_86' title='bbox 473 767 533 808; x_wconf 92' lang='lat' dir='ltr'>et</span> <span class='ocrx_word' id='word_1_87' title='bbox 561 758 665 800; x_wconf 90' lang='lat' dir='ltr'>adeo</span> <span class='ocrx_word' id='word_1_88' title='bbox 678 768 726 799; x_wconf 86' lang='lat' dir='ltr'>ut</span> <span class='ocrx_word' id='word_1_89' title='bbox 739 773 883 800; x_wconf 89' lang='lat' dir='ltr'>omnes</span> <span class='ocrx_word' id='word_1_90' title='bbox 897 759 1035 800; x_wconf 91' lang='lat' dir='ltr'>iunior</span> <span class='ocrx_word' id='word_1_91' title='bbox 1037 774 1080 800; x_wconf 90' lang='lat' dir='ltr'>es</span> <span class='ocrx_word' id='word_1_92' title='bbox 1094 768 1352 800; x_wconf 88' lang='lat' dir='ltr'>sacramento</span> <span class='ocrx_word' id='word_1_93' title='bbox 1366 759 1647 816; x_wconf 82' lang='lat' dir='ltr'>adigerentur,</span> <span class='ocrx_word' id='word_1_94' title='bbox 1657 769 1784 816; x_wconf 91' lang='lat' dir='ltr'>atque</span> 
     </span>
     <span class='ocr_line' id='line_1_12' title="bbox 396 816 1785 859; baseline 0.001 -2"><span class='ocrx_word' id='word_1_95' title='bbox 396 817 450 858; x_wconf 89' lang='lat' dir='ltr'>ad</span> <span class='ocrx_word' id='word_1_96' title='bbox 471 817 607 858; x_wconf 90' lang='lat' dir='ltr'>subita</span> <span class='ocrx_word' id='word_1_97' title='bbox 628 832 767 857; x_wconf 90' lang='lat' dir='ltr'>rerum</span> <span class='ocrx_word' id='word_1_98' title='bbox 789 816 873 858; x_wconf 90' lang='lat' dir='ltr'>duo</span> <span class='ocrx_word' id='word_1_99' title='bbox 895 816 992 858; x_wconf 88' lang='lat' dir='ltr'>iusti</span> <span class='ocrx_word' id='word_1_100' title='bbox 1009 817 1286 858; x_wconf 82' lang='lat' dir='ltr'>scliberentur</span> <span class='ocrx_word' id='word_1_101' title='bbox 1299 817 1517 858; x_wconf 85' lang='lat' dir='ltr'>exercitus.</span> <span class='ocrx_word' id='word_1_102' title='bbox 1583 816 1785 859; x_wconf 86' lang='lat' dir='ltr'>Ceterum</span> 
     </span>
     <span class='ocr_line' id='line_1_13' title="bbox 397 874 1815 931; baseline 0.001 -15"><span class='ocrx_word' id='word_1_103' title='bbox 397 874 634 916; x_wconf 89' lang='lat' dir='ltr'>Hernicum</span> <span class='ocrx_word' id='word_1_104' title='bbox 674 874 831 916; x_wconf 91' lang='lat' dir='ltr'>bellum</span> <span class='ocrx_word' id='word_1_105' title='bbox 870 890 1139 931; x_wconf 81' lang='lat' dir='ltr'>nequaquam</span> <span class='ocrx_word' id='word_1_106' title='bbox 1178 890 1254 931; x_wconf 91' lang='lat' dir='ltr'>pro</span> <span class='ocrx_word' id='word_1_107' title='bbox 1293 875 1502 931; x_wconf 89' lang='lat' dir='ltr'>praesenti</span> <span class='ocrx_word' id='word_1_108' title='bbox 1542 882 1697 917; x_wconf 89' lang='lat' dir='ltr'>terrore</span> <span class='ocrx_word' id='word_1_109' title='bbox 1738 891 1785 917; x_wconf 91' lang='lat' dir='ltr'>ac</span> <span class='ocrx_word' id='word_1_110' title='bbox 1799 892 1815 924; x_wconf 90' lang='lat'>5</span> 
     </span>
     <span class='ocr_line' id='line_1_14' title="bbox 394 932 1785 998; baseline 0.001 -25"><span class='ocrx_word' id='word_1_111' title='bbox 394 941 559 974; x_wconf 81' lang='lat' dir='ltr'>vetusta</span> <span class='ocrx_word' id='word_1_112' title='bbox 577 932 754 998; x_wconf 51' lang='lat' dir='ltr'>gentiso</span> <span class='ocrx_word' id='word_1_113' title='bbox 730 932 861 973; x_wconf 71' lang='lat' dir='ltr'>oloria</span> <span class='ocrx_word' id='word_1_114' title='bbox 874 932 965 974; x_wconf 85' lang='lat' dir='ltr'>fuit.</span> <span class='ocrx_word' id='word_1_115' title='bbox 1028 932 1151 974; x_wconf 89' lang='lat' dir='ltr'>Nihil</span> <span class='ocrx_word' id='word_1_116' title='bbox 1166 947 1342 998; x_wconf 86' lang='lat' dir='ltr'>usquam</span> <span class='ocrx_word' id='word_1_117' title='bbox 1362 933 1478 974; x_wconf 90' lang='lat' dir='ltr'>dictu</span> <span class='ocrx_word' id='word_1_118' title='bbox 1495 932 1671 989; x_wconf 82' lang='lat' dir='ltr'>dignum</span> <span class='ocrx_word' id='word_1_119' title='bbox 1684 934 1785 984; x_wconf 90' lang='lat' dir='ltr'>ausi,</span> 
     </span>
     <span class='ocr_line' id='line_1_15' title="bbox 396 990 1788 1047; baseline 0.001 -16"><span class='ocrx_word' id='word_1_120' title='bbox 396 991 516 1031; x_wconf 87' lang='lat' dir='ltr'>trinis</span> <span class='ocrx_word' id='word_1_121' title='bbox 537 991 680 1032; x_wconf 87' lang='lat' dir='ltr'>castris</span> <span class='ocrx_word' id='word_1_122' title='bbox 706 990 817 1031; x_wconf 88' lang='lat' dir='ltr'>intra</span> <span class='ocrx_word' id='word_1_123' title='bbox 836 1006 990 1047; x_wconf 90' lang='lat' dir='ltr'>paucos</span> <span class='ocrx_word' id='word_1_124' title='bbox 1010 990 1099 1032; x_wconf 78' lang='lat' dir='ltr'>dies</span> <span class='ocrx_word' id='word_1_125' title='bbox 1127 991 1256 1041; x_wconf 83' lang='lat' dir='ltr'>exuti,</span> <span class='ocrx_word' id='word_1_126' title='bbox 1279 991 1450 1047; x_wconf 82' lang='lat' dir='ltr'>triginta</span> <span class='ocrx_word' id='word_1_127' title='bbox 1479 990 1643 1033; x_wconf 92' lang='lat' dir='ltr'>dierum</span> <span class='ocrx_word' id='word_1_128' title='bbox 1663 991 1788 1033; x_wconf 91' lang='lat' dir='ltr'>indu-</span> 
     </span>
     <span class='ocr_line' id='line_1_16' title="bbox 397 1048 1788 1106; baseline 0.001 -17"><span class='ocrx_word' id='word_1_129' title='bbox 397 1049 486 1099; x_wconf 89' lang='lat' dir='ltr'>tias,</span> <span class='ocrx_word' id='word_1_130' title='bbox 502 1049 559 1090; x_wconf 83' lang='lat' dir='ltr'>ita</span> <span class='ocrx_word' id='word_1_131' title='bbox 580 1057 627 1090; x_wconf 88' lang='grc'>111</span> <span class='ocrx_word' id='word_1_132' title='bbox 647 1048 700 1090; x_wconf 87' lang='lat' dir='ltr'>ad</span> <span class='ocrx_word' id='word_1_133' title='bbox 721 1057 912 1090; x_wconf 89' lang='lat' dir='ltr'>senatum</span> <span class='ocrx_word' id='word_1_134' title='bbox 933 1049 1115 1091; x_wconf 87' lang='lat' dir='ltr'>Romam</span> <span class='ocrx_word' id='word_1_135' title='bbox 1134 1049 1292 1105; x_wconf 82' lang='lat' dir='ltr'>legatos</span> <span class='ocrx_word' id='word_1_136' title='bbox 1313 1049 1540 1099; x_wconf 83' lang='lat' dir='ltr'>mitterent,</span> <span class='ocrx_word' id='word_1_137' title='bbox 1557 1049 1667 1106; x_wconf 89' lang='lat' dir='ltr'>pacti</span> <span class='ocrx_word' id='word_1_138' title='bbox 1689 1059 1788 1091; x_wconf 89' lang='lat' dir='ltr'>sunt</span> 
     </span>
     <span class='ocr_line' id='line_1_17' title="bbox 396 1106 1787 1164; baseline 0.001 -17"><span class='ocrx_word' id='word_1_139' title='bbox 396 1107 584 1148; x_wconf 75' lang='lat' dir='ltr'>bimestri</span> <span class='ocrx_word' id='word_1_140' title='bbox 628 1107 839 1163; x_wconf 89' lang='lat' dir='ltr'>stipendio</span> <span class='ocrx_word' id='word_1_141' title='bbox 878 1107 1189 1163; x_wconf 74' lang='lat' dir='ltr'>frumentoque,</span> <span class='ocrx_word' id='word_1_142' title='bbox 1230 1116 1273 1148; x_wconf 90' lang='lat' dir='ltr'>et</span> <span class='ocrx_word' id='word_1_143' title='bbox 1312 1107 1486 1164; x_wconf 81' lang='lat' dir='ltr'>singulis</span> <span class='ocrx_word' id='word_1_144' title='bbox 1524 1107 1570 1148; x_wconf 89' lang='lat' dir='ltr'>in</span> <span class='ocrx_word' id='word_1_145' title='bbox 1608 1106 1787 1149; x_wconf 89' lang='lat' dir='ltr'>militem</span> 
     </span>
     <span class='ocr_line' id='line_1_18' title="bbox 397 1164 1786 1215; baseline 0.001 -10"><span class='ocrx_word' id='word_1_146' title='bbox 397 1165 560 1206; x_wconf 88' lang='lat' dir='ltr'>tunicis.</span> <span class='ocrx_word' id='word_1_147' title='bbox 624 1165 694 1206; x_wconf 90' lang='lat' dir='ltr'>Ab</span> <span class='ocrx_word' id='word_1_148' title='bbox 711 1174 858 1206; x_wconf 87' lang='lat' dir='ltr'>senatu</span> <span class='ocrx_word' id='word_1_149' title='bbox 874 1165 928 1206; x_wconf 91' lang='lat' dir='ltr'>ad</span> <span class='ocrx_word' id='word_1_150' title='bbox 942 1164 1153 1207; x_wconf 86' lang='lat' dir='ltr'>Marcium</span> <span class='ocrx_word' id='word_1_151' title='bbox 1169 1165 1325 1215; x_wconf 84' lang='lat' dir='ltr'>reiecti,</span> <span class='ocrx_word' id='word_1_152' title='bbox 1343 1165 1411 1206; x_wconf 90' lang='lat' dir='ltr'>eui</span> <span class='ocrx_word' id='word_1_153' title='bbox 1427 1164 1786 1206; x_wconf 89' lang='lat' dir='ltr'>senatusconsulto</span> 
     </span>
     <span class='ocr_line' id='line_1_19' title="bbox 395 1222 1787 1280; baseline 0.001 -17"><span class='ocrx_word' id='word_1_154' title='bbox 395 1223 641 1280; x_wconf 88' lang='lat' dir='ltr'>permissum</span> <span class='ocrx_word' id='word_1_155' title='bbox 665 1223 716 1264; x_wconf 91' lang='lat' dir='ltr'>de</span> <span class='ocrx_word' id='word_1_156' title='bbox 741 1222 938 1264; x_wconf 87' lang='lat' dir='ltr'>Hernicis</span> <span class='ocrx_word' id='word_1_157' title='bbox 959 1232 1068 1264; x_wconf 85' lang='lat' dir='ltr'>erat:</span> <span class='ocrx_word' id='word_1_158' title='bbox 1101 1224 1219 1279; x_wconf 89' lang='lat' dir='ltr'>isque</span> <span class='ocrx_word' id='word_1_159' title='bbox 1237 1238 1329 1264; x_wconf 92' lang='lat' dir='ltr'>eam</span> <span class='ocrx_word' id='word_1_160' title='bbox 1349 1232 1520 1279; x_wconf 80' lang='lat' dir='ltr'>gentem</span> <span class='ocrx_word' id='word_1_161' title='bbox 1540 1223 1586 1264; x_wconf 90' lang='lat' dir='ltr'>in</span> <span class='ocrx_word' id='word_1_162' title='bbox 1606 1223 1787 1265; x_wconf 83' lang='lat' dir='ltr'>deditio-</span> 
     </span>
     <span class='ocr_line' id='line_1_20' title="bbox 395 1281 1785 1338; baseline 0.001 -17"><span class='ocrx_word' id='word_1_163' title='bbox 395 1296 494 1322; x_wconf 87' lang='lat' dir='ltr'>nem</span> <span class='ocrx_word' id='word_1_164' title='bbox 523 1282 694 1337; x_wconf 88' lang='lat' dir='ltr'>accepit.</span> <span class='ocrx_word' id='word_1_165' title='bbox 758 1281 814 1322; x_wconf 89' lang='lat' dir='ltr'>Et</span> <span class='ocrx_word' id='word_1_166' title='bbox 836 1281 880 1322; x_wconf 93' lang='lat' dir='ltr'>in</span> <span class='ocrx_word' id='word_1_167' title='bbox 912 1281 1081 1323; x_wconf 87' lang='lat' dir='ltr'>Samnio</span> <span class='ocrx_word' id='word_1_168' title='bbox 1103 1281 1208 1322; x_wconf 88' lang='lat' dir='ltr'>alter</span> <span class='ocrx_word' id='word_1_169' title='bbox 1237 1281 1383 1323; x_wconf 86' lang='lat' dir='ltr'>consul</span> <span class='ocrx_word' id='word_1_170' title='bbox 1409 1281 1598 1338; x_wconf 87' lang='lat' dir='ltr'>superior</span> <span class='ocrx_word' id='word_1_171' title='bbox 1617 1281 1785 1331; x_wconf 83' lang='lat' dir='ltr'>viribUS,</span> 
     </span>
     <span class='ocr_line' id='line_1_21' title="bbox 396 1339 1784 1396; baseline 0.001 -17"><span class='ocrx_word' id='word_1_172' title='bbox 396 1339 498 1380; x_wconf 91' lang='lat' dir='ltr'>locis</span> <span class='ocrx_word' id='word_1_173' title='bbox 528 1339 769 1396; x_wconf 87' lang='lat' dir='ltr'>impeditior</span> <span class='ocrx_word' id='word_1_174' title='bbox 790 1351 888 1381; x_wconf 91' lang='lat' dir='ltr'>erat.</span> <span class='ocrx_word' id='word_1_175' title='bbox 954 1339 1111 1381; x_wconf 90' lang='lat' dir='ltr'>Omnia</span> <span class='ocrx_word' id='word_1_176' title='bbox 1140 1339 1290 1380; x_wconf 87' lang='lat' dir='ltr'>itinera</span> <span class='ocrx_word' id='word_1_177' title='bbox 1310 1341 1602 1396; x_wconf 87' lang='lat' dir='ltr'>obsaepserant</span> <span class='ocrx_word' id='word_1_178' title='bbox 1631 1339 1784 1389; x_wconf 88' lang='lat' dir='ltr'>hostes,</span> 
     </span>
     <span class='ocr_line' id='line_1_22' title="bbox 397 1397 1787 1454; baseline 0.001 -17"><span class='ocrx_word' id='word_1_179' title='bbox 397 1397 607 1453; x_wconf 82' lang='lat' dir='ltr'>saltusque</span> <span class='ocrx_word' id='word_1_180' title='bbox 628 1397 791 1454; x_wconf 78' lang='lat' dir='ltr'>pervios</span> <span class='ocrx_word' id='word_1_181' title='bbox 812 1406 1020 1454; x_wconf 77' lang='lat' dir='ltr'>ceperant,</span> <span class='ocrx_word' id='word_1_182' title='bbox 1043 1413 1096 1438; x_wconf 90' lang='lat' dir='ltr'>ne</span> <span class='ocrx_word' id='word_1_183' title='bbox 1119 1413 1202 1454; x_wconf 87' lang='lat' dir='ltr'>qua</span> <span class='ocrx_word' id='word_1_184' title='bbox 1222 1398 1397 1439; x_wconf 85' lang='lat' dir='ltr'>subvehi</span> <span class='ocrx_word' id='word_1_185' title='bbox 1417 1405 1673 1439; x_wconf 87' lang='lat' dir='ltr'>commeatus</span> <span class='ocrx_word' id='word_1_186' title='bbox 1692 1412 1787 1454; x_wconf 89' lang='lat' dir='ltr'>pos-</span> 
     </span>
     <span class='ocr_line' id='line_1_23' title="bbox 398 1455 1788 1512; baseline 0.001 -17"><span class='ocrx_word' id='word_1_187' title='bbox 398 1464 513 1496; x_wconf 88' lang='lat' dir='ltr'>sent:</span> <span class='ocrx_word' id='word_1_188' title='bbox 548 1471 686 1511; x_wconf 91' lang='lat' dir='ltr'>neque</span> <span class='ocrx_word' id='word_1_189' title='bbox 708 1471 791 1505; x_wconf 91' lang='lat' dir='ltr'>eos,</span> <span class='ocrx_word' id='word_1_190' title='bbox 814 1471 946 1512; x_wconf 89' lang='lat' dir='ltr'>quum</span> <span class='ocrx_word' id='word_1_191' title='bbox 968 1455 1156 1512; x_wconf 89' lang='lat' dir='ltr'>quotidie</span> <span class='ocrx_word' id='word_1_192' title='bbox 1178 1456 1296 1512; x_wconf 80' lang='lat' dir='ltr'>signa</span> <span class='ocrx_word' id='word_1_193' title='bbox 1311 1456 1356 1496; x_wconf 92' lang='lat' dir='ltr'>in</span> <span class='ocrx_word' id='word_1_194' title='bbox 1377 1455 1510 1497; x_wconf 88' lang='lat' dir='ltr'>aciem</span> <span class='ocrx_word' id='word_1_195' title='bbox 1530 1455 1676 1497; x_wconf 90' lang='lat' dir='ltr'>consul</span> <span class='ocrx_word' id='word_1_196' title='bbox 1690 1470 1788 1512; x_wconf 90' lang='lat' dir='ltr'>pro-</span> 
     </span>
     <span class='ocr_line' id='line_1_24' title="bbox 396 1512 1788 1571; baseline 0.002 -20"><span class='ocrx_word' id='word_1_197' title='bbox 396 1512 535 1561; x_wconf 83' lang='lat' dir='ltr'>fer,ret</span> <span class='ocrx_word' id='word_1_198' title='bbox 553 1513 703 1554; x_wconf 87' lang='lat' dir='ltr'>elicere</span> <span class='ocrx_word' id='word_1_199' title='bbox 726 1513 779 1553; x_wconf 86' lang='lat' dir='ltr'>ad</span> <span class='ocrx_word' id='word_1_200' title='bbox 800 1522 1012 1555; x_wconf 87' lang='lat' dir='ltr'>certamen</span> <span class='ocrx_word' id='word_1_201' title='bbox 1033 1522 1220 1570; x_wconf 89' lang='lat' dir='ltr'>poterat:</span> <span class='ocrx_word' id='word_1_202' title='bbox 1255 1514 1436 1571; x_wconf 87' lang='lat' dir='ltr'>satisque</span> <span class='ocrx_word' id='word_1_203' title='bbox 1458 1514 1695 1570; x_wconf 83' lang='lat' dir='ltr'>apparebat,</span> <span class='ocrx_word' id='word_1_204' title='bbox 1712 1529 1788 1555; x_wconf 90' lang='lat' dir='ltr'>ne-</span> 
     </span>
     <span class='ocr_line' id='line_1_25' title="bbox 398 1570 1788 1627; baseline 0.003 -18"><span class='ocrx_word' id='word_1_205' title='bbox 398 1585 480 1625; x_wconf 86' lang='lat' dir='ltr'>que</span> <span class='ocrx_word' id='word_1_206' title='bbox 502 1570 733 1611; x_wconf 83' lang='lat' dir='ltr'>Samnitem</span> <span class='ocrx_word' id='word_1_207' title='bbox 746 1580 957 1612; x_wconf 88' lang='lat' dir='ltr'>certamen</span> <span class='ocrx_word' id='word_1_208' title='bbox 970 1587 1177 1627; x_wconf 87' lang='lat' dir='ltr'>praesens,</span> <span class='ocrx_word' id='word_1_209' title='bbox 1192 1588 1271 1613; x_wconf 88' lang='lat' dir='ltr'>nec</span> <span class='ocrx_word' id='word_1_210' title='bbox 1287 1572 1528 1613; x_wconf 83' lang='lat' dir='ltr'>Romanum</span> <span class='ocrx_word' id='word_1_211' title='bbox 1542 1571 1788 1613; x_wconf 89' lang='lat' dir='ltr'>dilationem</span> 
     </span>
     <span class='ocr_line' id='line_1_26' title="bbox 397 1627 1785 1685; baseline 0.002 -18"><span class='ocrx_word' id='word_1_212' title='bbox 397 1627 497 1668; x_wconf 92' lang='lat' dir='ltr'>belli</span> <span class='ocrx_word' id='word_1_213' title='bbox 530 1627 723 1669; x_wconf 86' lang='lat' dir='ltr'>latur.um</span> <span class='ocrx_word' id='word_1_214' title='bbox 786 1628 884 1669; x_wconf 80' lang='lat' dir='ltr'>Adv</span> <span class='ocrx_word' id='word_1_215' title='bbox 887 1637 1009 1669; x_wconf 90' lang='lat' dir='ltr'>entus</span> <span class='ocrx_word' id='word_1_216' title='bbox 1042 1628 1209 1679; x_wconf 80' lang='lat' dir='ltr'>Marcii,</span> <span class='ocrx_word' id='word_1_217' title='bbox 1243 1629 1330 1685; x_wconf 88' lang='lat' dir='ltr'>qui,</span> <span class='ocrx_word' id='word_1_218' title='bbox 1365 1629 1561 1670; x_wconf 88' lang='lat' dir='ltr'>Hernicis</span> <span class='ocrx_word' id='word_1_219' title='bbox 1593 1629 1785 1678; x_wconf 85' lang='lat' dir='ltr'>subactis,</span> 
     </span>
     <span class='ocr_line' id='line_1_27' title="bbox 397 1685 1786 1741; baseline 0.002 -16"><span class='ocrx_word' id='word_1_220' title='bbox 397 1686 619 1727; x_wconf 86' lang='lat' dir='ltr'>maturavit</span> <span class='ocrx_word' id='word_1_221' title='bbox 649 1685 831 1741; x_wconf 78' lang='lat' dir='ltr'>collegae</span> <span class='ocrx_word' id='word_1_222' title='bbox 852 1686 994 1727; x_wconf 83' lang='lat' dir='ltr'>venire</span> <span class='ocrx_word' id='word_1_223' title='bbox 1026 1686 1196 1736; x_wconf 85' lang='lat' dir='ltr'>auxilio,</span> <span class='ocrx_word' id='word_1_224' title='bbox 1219 1702 1377 1727; x_wconf 91' lang='lat' dir='ltr'>moram</span> <span class='ocrx_word' id='word_1_225' title='bbox 1407 1687 1646 1728; x_wconf 80' lang='lat' dir='ltr'>certaminis</span> <span class='ocrx_word' id='word_1_226' title='bbox 1675 1686 1786 1728; x_wconf 88' lang='lat' dir='ltr'>hosti</span> 
     </span>
     <span class='ocr_line' id='line_1_28' title="bbox 397 1743 1786 1800; baseline 0.001 -17"><span class='ocrx_word' id='word_1_227' title='bbox 397 1743 564 1784; x_wconf 80' lang='lat' dir='ltr'>exemit.</span> <span class='ocrx_word' id='word_1_228' title='bbox 628 1743 754 1793; x_wconf 87' lang='lat' dir='ltr'>Nam,</span> <span class='ocrx_word' id='word_1_229' title='bbox 769 1752 816 1784; x_wconf 90' lang='lat' dir='ltr'>ut</span> <span class='ocrx_word' id='word_1_230' title='bbox 837 1744 910 1800; x_wconf 87' lang='lat' dir='ltr'>qui</span> <span class='ocrx_word' id='word_1_231' title='bbox 931 1759 983 1784; x_wconf 90' lang='lat' dir='ltr'>ne</span> <span class='ocrx_word' id='word_1_232' title='bbox 1001 1743 1119 1784; x_wconf 90' lang='lat' dir='ltr'>alteri</span> <span class='ocrx_word' id='word_1_233' title='bbox 1141 1744 1314 1799; x_wconf 90' lang='lat' dir='ltr'>quidem</span> <span class='ocrx_word' id='word_1_234' title='bbox 1335 1744 1539 1785; x_wconf 84' lang='lat' dir='ltr'>exercitui</span> <span class='ocrx_word' id='word_1_235' title='bbox 1558 1759 1601 1785; x_wconf 90' lang='lat' dir='ltr'>se</span> <span class='ocrx_word' id='word_1_236' title='bbox 1622 1743 1676 1785; x_wconf 91' lang='lat' dir='ltr'>ad</span> <span class='ocrx_word' id='word_1_237' title='bbox 1696 1759 1786 1786; x_wconf 91' lang='lat' dir='ltr'>cer—</span> 
     </span>
     <span class='ocr_line' id='line_1_29' title="bbox 396 1801 1784 1858; baseline 0.001 -17"><span class='ocrx_word' id='word_1_238' title='bbox 396 1810 538 1842; x_wconf 87' lang='lat' dir='ltr'>tamen</span> <span class='ocrx_word' id='word_1_239' title='bbox 555 1801 829 1842; x_wconf 85' lang='lat' dir='ltr'>credidissent</span> <span class='ocrx_word' id='word_1_240' title='bbox 849 1817 980 1858; x_wconf 87' lang='lat' dir='ltr'>pares,</span> <span class='ocrx_word' id='word_1_241' title='bbox 999 1801 1198 1858; x_wconf 81' lang='lat' dir='ltr'>coniungi</span> <span class='ocrx_word' id='word_1_242' title='bbox 1219 1801 1364 1857; x_wconf 91' lang='lat' dir='ltr'>utique</span> <span class='ocrx_word' id='word_1_243' title='bbox 1385 1801 1494 1858; x_wconf 88' lang='lat' dir='ltr'>passi</span> <span class='ocrx_word' id='word_1_244' title='bbox 1515 1801 1620 1843; x_wconf 86' lang='lat' dir='ltr'>duos</span> <span class='ocrx_word' id='word_1_245' title='bbox 1635 1817 1784 1843; x_wconf 89' lang='lat' dir='ltr'>consu-</span> 
     </span>
     <span class='ocr_line' id='line_1_30' title="bbox 396 1858 1784 1915; baseline 0.001 -16"><span class='ocrx_word' id='word_1_246' title='bbox 396 1858 502 1899; x_wconf 86' lang='lat' dir='ltr'>lares</span> <span class='ocrx_word' id='word_1_247' title='bbox 523 1859 731 1900; x_wconf 87' lang='lat' dir='ltr'>exercitus</span> <span class='ocrx_word' id='word_1_248' title='bbox 752 1859 857 1899; x_wconf 91' lang='lat' dir='ltr'>nihil</span> <span class='ocrx_word' id='word_1_249' title='bbox 882 1859 1102 1900; x_wconf 88' lang='lat' dir='ltr'>crederent</span> <span class='ocrx_word' id='word_1_250' title='bbox 1122 1874 1334 1915; x_wconf 85' lang='lat' dir='ltr'>superesse</span> <span class='ocrx_word' id='word_1_251' title='bbox 1363 1859 1465 1915; x_wconf 92' lang='lat' dir='ltr'>spei,</span> <span class='ocrx_word' id='word_1_252' title='bbox 1488 1859 1784 1901; x_wconf 89' lang='lat' dir='ltr'>advenientem</span> 
     </span>
     <span class='ocr_line' id='line_1_31' title="bbox 396 1916 1785 1973; baseline 0.001 -16"><span class='ocrx_word' id='word_1_253' title='bbox 396 1917 673 1973; x_wconf 88' lang='lat' dir='ltr'>incomposito</span> <span class='ocrx_word' id='word_1_254' title='bbox 695 1917 860 1973; x_wconf 81' lang='lat' dir='ltr'>agmine</span> <span class='ocrx_word' id='word_1_255' title='bbox 883 1916 1094 1958; x_wconf 89' lang='lat' dir='ltr'>Marcium</span> <span class='ocrx_word' id='word_1_256' title='bbox 1125 1917 1436 1973; x_wconf 77' lang='lat' dir='ltr'>aggrediuntur.</span> <span class='ocrx_word' id='word_1_257' title='bbox 1500 1917 1674 1973; x_wconf 87' lang='lat' dir='ltr'>Raptim</span> <span class='ocrx_word' id='word_1_258' title='bbox 1701 1917 1785 1959; x_wconf 89' lang='lat' dir='ltr'>col-</span> 
     </span>
     <span class='ocr_line' id='line_1_32' title="bbox 396 1974 1786 2031; baseline 0.001 -17"><span class='ocrx_word' id='word_1_259' title='bbox 396 1974 503 2015; x_wconf 88' lang='lat' dir='ltr'>latae</span> <span class='ocrx_word' id='word_1_260' title='bbox 525 1975 708 2016; x_wconf 87' lang='lat' dir='ltr'>sarcinae</span> <span class='ocrx_word' id='word_1_261' title='bbox 730 1975 774 2015; x_wconf 88' lang='lat' dir='ltr'>in</span> <span class='ocrx_word' id='word_1_262' title='bbox 796 1975 1006 2024; x_wconf 90' lang='lat' dir='ltr'>medium;</span> <span class='ocrx_word' id='word_1_263' title='bbox 1039 1983 1094 2023; x_wconf 82' lang='lat' dir='ltr'>et,</span> <span class='ocrx_word' id='word_1_264' title='bbox 1116 1982 1242 2031; x_wconf 92' lang='lat' dir='ltr'>prout</span> <span class='ocrx_word' id='word_1_265' title='bbox 1266 1983 1432 2031; x_wconf 90' lang='lat' dir='ltr'>tempus</span> <span class='ocrx_word' id='word_1_266' title='bbox 1451 1975 1698 2031; x_wconf 87' lang='lat' dir='ltr'>patiebatur,</span> <span class='ocrx_word' id='word_1_267' title='bbox 1720 1975 1786 2016; x_wconf 92' lang='lat' dir='ltr'>in-</span> 
     </span>
     <span class='ocr_line' id='line_1_33' title="bbox 396 2032 1785 2089; baseline 0.001 -17"><span class='ocrx_word' id='word_1_268' title='bbox 396 2042 552 2073; x_wconf 84' lang='lat' dir='ltr'>structa</span> <span class='ocrx_word' id='word_1_269' title='bbox 582 2033 701 2074; x_wconf 89' lang='lat' dir='ltr'>acies.</span> <span class='ocrx_word' id='word_1_270' title='bbox 767 2032 938 2074; x_wconf 88' lang='lat' dir='ltr'>Clamor</span> <span class='ocrx_word' id='word_1_271' title='bbox 972 2032 1155 2089; x_wconf 89' lang='lat' dir='ltr'>primum</span> <span class='ocrx_word' id='word_1_272' title='bbox 1187 2033 1232 2073; x_wconf 92' lang='lat' dir='ltr'>in</span> <span class='ocrx_word' id='word_1_273' title='bbox 1267 2033 1414 2074; x_wconf 81' lang='lat' dir='ltr'>stativa</span> <span class='ocrx_word' id='word_1_274' title='bbox 1455 2032 1650 2089; x_wconf 85' lang='lat' dir='ltr'>perlatus,</span> <span class='ocrx_word' id='word_1_275' title='bbox 1685 2033 1785 2074; x_wconf 90' lang='lat' dir='ltr'>dein</span> 
     </span>
     <span class='ocr_line' id='line_1_34' title="bbox 397 2090 1784 2147; baseline 0.001 -16"><span class='ocrx_word' id='word_1_276' title='bbox 397 2100 645 2146; x_wconf 85' lang='lat' dir='ltr'>conspectus</span> <span class='ocrx_word' id='word_1_277' title='bbox 661 2090 806 2147; x_wconf 89' lang='lat' dir='ltr'>procul</span> <span class='ocrx_word' id='word_1_278' title='bbox 826 2090 974 2147; x_wconf 87' lang='lat' dir='ltr'>pulvis,</span> <span class='ocrx_word' id='word_1_279' title='bbox 992 2090 1221 2132; x_wconf 89' lang='lat' dir='ltr'>tumultum</span> <span class='ocrx_word' id='word_1_280' title='bbox 1243 2090 1356 2147; x_wconf 88' lang='lat' dir='ltr'>apud</span> <span class='ocrx_word' id='word_1_281' title='bbox 1376 2090 1554 2132; x_wconf 90' lang='lat' dir='ltr'>alterum</span> <span class='ocrx_word' id='word_1_282' title='bbox 1570 2090 1784 2146; x_wconf 83' lang='lat' dir='ltr'>consulem</span> 
     </span>
     <span class='ocr_line' id='line_1_35' title="bbox 396 2148 1786 2206; baseline 0.001 -18"><span class='ocrx_word' id='word_1_283' title='bbox 396 2148 440 2188; x_wconf 88' lang='lat' dir='ltr'>in</span> <span class='ocrx_word' id='word_1_284' title='bbox 471 2149 613 2190; x_wconf 87' lang='lat' dir='ltr'>castris</span> <span class='ocrx_word' id='word_1_285' title='bbox 633 2149 743 2190; x_wconf 87' lang='lat' dir='ltr'>fecit.</span> <span class='ocrx_word' id='word_1_286' title='bbox 806 2148 946 2205; x_wconf 89' lang='lat' dir='ltr'>Isque,</span> <span class='ocrx_word' id='word_1_287' title='bbox 969 2149 1187 2190; x_wconf 87' lang='lat' dir='ltr'>confestim</span> <span class='ocrx_word' id='word_1_288' title='bbox 1218 2164 1332 2189; x_wconf 86' lang='lat' dir='ltr'>arma</span> <span class='ocrx_word' id='word_1_289' title='bbox 1361 2163 1508 2205; x_wconf 90' lang='lat' dir='ltr'>capere</span> <span class='ocrx_word' id='word_1_290' title='bbox 1538 2148 1670 2199; x_wconf 88' lang='lat' dir='ltr'>iussis,</span> <span class='ocrx_word' id='word_1_291' title='bbox 1691 2164 1786 2206; x_wconf 88' lang='lat' dir='ltr'>rap-</span> 
     </span>
     <span class='ocr_line' id='line_1_36' title="bbox 397 2206 1785 2263; baseline 0.001 -17"><span class='ocrx_word' id='word_1_292' title='bbox 397 2206 557 2263; x_wconf 87' lang='lat' dir='ltr'>timque</span> <span class='ocrx_word' id='word_1_293' title='bbox 594 2207 755 2248; x_wconf 85' lang='lat' dir='ltr'>eductis</span> <span class='ocrx_word' id='word_1_294' title='bbox 787 2207 831 2247; x_wconf 91' lang='lat' dir='ltr'>in</span> <span class='ocrx_word' id='word_1_295' title='bbox 867 2207 998 2248; x_wconf 86' lang='lat' dir='ltr'>aciem</span> <span class='ocrx_word' id='word_1_296' title='bbox 1039 2206 1252 2256; x_wconf 84' lang='lat' dir='ltr'>militibus,</span> <span class='ocrx_word' id='word_1_297' title='bbox 1290 2215 1562 2248; x_wconf 87' lang='lat' dir='ltr'>transversam</span> <span class='ocrx_word' id='word_1_298' title='bbox 1602 2206 1785 2248; x_wconf 88' lang='lat' dir='ltr'>hostium</span> 
     </span>
     <span class='ocr_line' id='line_1_37' title="bbox 396 2264 1784 2321; baseline 0.001 -16"><span class='ocrx_word' id='word_1_299' title='bbox 396 2265 541 2314; x_wconf 83' lang='lat' dir='ltr'>aciem,</span> <span class='ocrx_word' id='word_1_300' title='bbox 564 2274 690 2321; x_wconf 90' lang='lat' dir='ltr'>atque</span> <span class='ocrx_word' id='word_1_301' title='bbox 712 2265 792 2306; x_wconf 89' lang='lat' dir='ltr'>alio</span> <span class='ocrx_word' id='word_1_302' title='bbox 814 2265 1040 2306; x_wconf 89' lang='lat' dir='ltr'>certamine</span> <span class='ocrx_word' id='word_1_303' title='bbox 1062 2273 1319 2320; x_wconf 89' lang='lat' dir='ltr'>occupatam,</span> <span class='ocrx_word' id='word_1_304' title='bbox 1336 2264 1523 2314; x_wconf 84' lang='lat' dir='ltr'>invadit3</span> <span class='ocrx_word' id='word_1_305' title='bbox 1556 2264 1784 2315; x_wconf 89' lang='lat' dir='ltr'>clamitans,</span> 
     </span>
     <span class='ocr_line' id='line_1_38' title="bbox 398 2322 1784 2379; baseline 0.001 -16"><span class='ocrx_word' id='word_1_306' title='bbox 398 2329 635 2363; x_wconf 85' lang='lat' dir='ltr'>‘summum</span> <span class='ocrx_word' id='word_1_307' title='bbox 665 2323 871 2378; x_wconf 78' lang='lat' dir='ltr'>flagitium</span> <span class='ocrx_word' id='word_1_308' title='bbox 900 2323 1002 2373; x_wconf 78' lang='lat' dir='ltr'>fore,</span> <span class='ocrx_word' id='word_1_309' title='bbox 1034 2323 1068 2362; x_wconf 91' lang='lat' dir='ltr'>si</span> <span class='ocrx_word' id='word_1_310' title='bbox 1098 2322 1275 2363; x_wconf 88' lang='lat' dir='ltr'>alterum</span> <span class='ocrx_word' id='word_1_311' title='bbox 1306 2322 1537 2364; x_wconf 85' lang='lat' dir='ltr'>exercitum</span> <span class='ocrx_word' id='word_1_312' title='bbox 1566 2322 1784 2379; x_wconf 90' lang='lat' dir='ltr'>utriusque</span> 
     </span>
     <span class='ocr_line' id='line_1_39' title="bbox 397 2379 1784 2437; baseline 0 -16"><span class='ocrx_word' id='word_1_313' title='bbox 397 2386 409 2403; x_wconf 86' lang='lat'>‘</span> <span class='ocrx_word' id='word_1_314' title='bbox 424 2381 621 2422; x_wconf 84' lang='lat' dir='ltr'>victoriae</span> <span class='ocrx_word' id='word_1_315' title='bbox 650 2389 887 2437; x_wconf 89' lang='lat' dir='ltr'>compotem</span> <span class='ocrx_word' id='word_1_316' title='bbox 915 2381 1101 2422; x_wconf 89' lang='lat' dir='ltr'>sinerent</span> <span class='ocrx_word' id='word_1_317' title='bbox 1120 2380 1224 2430; x_wconf 84' lang='lat' dir='ltr'>fieri,</span> <span class='ocrx_word' id='word_1_318' title='bbox 1247 2395 1326 2421; x_wconf 90' lang='lat' dir='ltr'>nec</span> <span class='ocrx_word' id='word_1_319' title='bbox 1347 2380 1401 2421; x_wconf 91' lang='lat' dir='ltr'>ad</span> <span class='ocrx_word' id='word_1_320' title='bbox 1420 2395 1463 2421; x_wconf 89' lang='lat' dir='ltr'>se</span> <span class='ocrx_word' id='word_1_321' title='bbox 1491 2379 1555 2421; x_wconf 86' lang='lat' dir='ltr'>sui</span> <span class='ocrx_word' id='word_1_322' title='bbox 1574 2379 1674 2422; x_wconf 89' lang='lat' dir='ltr'>belli</span> <span class='ocrx_word' id='word_1_323' title='bbox 1693 2381 1784 2422; x_wconf 90' lang='lat' dir='ltr'>vin-</span> 
     </span>
     <span class='ocr_line' id='line_1_40' title="bbox 180 2438 1781 2494; baseline 0.001 -16"><span class='ocrx_word' id='word_1_324' title='bbox 180 2441 268 2488; x_wconf 58' lang='lat' dir='ltr'>Yicti</span> <span class='ocrx_word' id='word_1_325' title='bbox 285 2443 372 2473; x_wconf 79' lang='lat' dir='ltr'>Sam·</span> <span class='ocrx_word' id='word_1_326' title='bbox 396 2445 406 2462; x_wconf 86' lang='lat'>‘</span> <span class='ocrx_word' id='word_1_327' title='bbox 423 2439 612 2480; x_wconf 88' lang='lat' dir='ltr'>dicarent</span> <span class='ocrx_word' id='word_1_328' title='bbox 661 2438 815 2480; x_wconf 83' lang='lat' dir='ltr'>decus.’</span> <span class='ocrx_word' id='word_1_329' title='bbox 893 2439 990 2487; x_wconf 78' lang='lat' dir='ltr'>Qua</span> <span class='ocrx_word' id='word_1_330' title='bbox 1038 2438 1242 2494; x_wconf 89' lang='lat' dir='ltr'>impetum</span> <span class='ocrx_word' id='word_1_331' title='bbox 1292 2438 1476 2488; x_wconf 91' lang='lat' dir='ltr'>dederat,</span> <span class='ocrx_word' id='word_1_332' title='bbox 1526 2438 1781 2494; x_wconf 81' lang='lat' dir='ltr'>perrumpit3</span> 
     </span>
     <span class='ocr_line' id='line_1_41' title="bbox 179 2488 1784 2553; baseline 0 -16"><span class='ocrx_word' id='word_1_333' title='bbox 179 2488 268 2515; x_wconf 70' lang='lat' dir='ltr'>mtes.</span> <span class='ocrx_word' id='word_1_334' title='bbox 395 2497 611 2553; x_wconf 87' lang='lat' dir='ltr'>aciemque</span> <span class='ocrx_word' id='word_1_335' title='bbox 642 2512 717 2552; x_wconf 89' lang='lat' dir='ltr'>per</span> <span class='ocrx_word' id='word_1_336' title='bbox 741 2496 922 2538; x_wconf 90' lang='lat' dir='ltr'>mediam</span> <span class='ocrx_word' id='word_1_337' title='bbox 954 2496 998 2536; x_wconf 89' lang='lat' dir='ltr'>in</span> <span class='ocrx_word' id='word_1_338' title='bbox 1030 2505 1162 2537; x_wconf 87' lang='lat' dir='ltr'>castra</span> <span class='ocrx_word' id='word_1_339' title='bbox 1190 2495 1374 2537; x_wconf 88' lang='lat' dir='ltr'>hostium</span> <span class='ocrx_word' id='word_1_340' title='bbox 1405 2495 1554 2546; x_wconf 87' lang='lat' dir='ltr'>tendit,</span> <span class='ocrx_word' id='word_1_341' title='bbox 1583 2504 1626 2537; x_wconf 90' lang='lat' dir='ltr'>et</span> <span class='ocrx_word' id='word_1_342' title='bbox 1654 2510 1784 2537; x_wconf 88' lang='lat' dir='ltr'>vacua</span> 
     </span>
     <span class='ocr_line' id='line_1_42' title="bbox 393 2553 1784 2610; baseline -0.001 -15"><span class='ocrx_word' id='word_1_343' title='bbox 393 2554 679 2596; x_wconf 87' lang='lat' dir='ltr'>defensoribus</span> <span class='ocrx_word' id='word_1_344' title='bbox 715 2554 827 2610; x_wconf 87' lang='lat' dir='ltr'>capit</span> <span class='ocrx_word' id='word_1_345' title='bbox 866 2562 991 2609; x_wconf 88' lang='lat' dir='ltr'>atque</span> <span class='ocrx_word' id='word_1_346' title='bbox 1032 2553 1231 2594; x_wconf 86' lang='lat' dir='ltr'>incendit.</span> <span class='ocrx_word' id='word_1_347' title='bbox 1298 2553 1418 2601; x_wconf 80' lang='lat' dir='ltr'>Quae</span> <span class='ocrx_word' id='word_1_348' title='bbox 1454 2553 1527 2595; x_wconf 90' lang='lat' dir='ltr'>ubi</span> <span class='ocrx_word' id='word_1_349' title='bbox 1566 2553 1784 2610; x_wconf 80' lang='lat' dir='ltr'>flagrantia</span> 
     </span>
     <span class='ocr_line' id='line_1_43' title="bbox 395 2611 1781 2667; baseline -0.001 -14"><span class='ocrx_word' id='word_1_350' title='bbox 395 2612 636 2653; x_wconf 84' lang='lat' dir='ltr'>Marcianus</span> <span class='ocrx_word' id='word_1_351' title='bbox 657 2611 775 2652; x_wconf 89' lang='lat' dir='ltr'>miles</span> <span class='ocrx_word' id='word_1_352' title='bbox 796 2612 1026 2667; x_wconf 81' lang='lat' dir='ltr'>conspexit,</span> <span class='ocrx_word' id='word_1_353' title='bbox 1045 2619 1087 2652; x_wconf 87' lang='lat' dir='ltr'>et</span> <span class='ocrx_word' id='word_1_354' title='bbox 1107 2611 1247 2652; x_wconf 89' lang='lat' dir='ltr'>hostes</span> <span class='ocrx_word' id='word_1_355' title='bbox 1267 2626 1501 2666; x_wconf 84' lang='lat' dir='ltr'>respexere,</span> <span class='ocrx_word' id='word_1_356' title='bbox 1520 2619 1610 2652; x_wconf 92' lang='lat' dir='ltr'>tum</span> <span class='ocrx_word' id='word_1_357' title='bbox 1629 2611 1781 2667; x_wconf 88' lang='lat' dir='ltr'>passim</span> 
     </span>
     <span class='ocr_line' id='line_1_44' title="bbox 393 2668 1883 2726; baseline 0 -16"><span class='ocrx_word' id='word_1_358' title='bbox 393 2670 492 2725; x_wconf 79' lang='lat' dir='ltr'>fuga</span> <span class='ocrx_word' id='word_1_359' title='bbox 513 2679 662 2726; x_wconf 87' lang='lat' dir='ltr'>coepta</span> <span class='ocrx_word' id='word_1_360' title='bbox 694 2669 945 2710; x_wconf 86' lang='lat' dir='ltr'>Samnitium</span> <span class='ocrx_word' id='word_1_361' title='bbox 975 2669 1077 2710; x_wconf 87' lang='lat' dir='ltr'>fieri.</span> <span class='ocrx_word' id='word_1_362' title='bbox 1143 2668 1227 2709; x_wconf 87' lang='lat' dir='ltr'>Sed</span> <span class='ocrx_word' id='word_1_363' title='bbox 1257 2669 1398 2710; x_wconf 89' lang='lat' dir='ltr'>omnia</span> <span class='ocrx_word' id='word_1_364' title='bbox 1428 2669 1590 2710; x_wconf 88' lang='lat' dir='ltr'>obtinet</span> <span class='ocrx_word' id='word_1_365' title='bbox 1619 2668 1780 2718; x_wconf 82' lang='lat' dir='ltr'>caedes,</span> <span class='ocrx_word' id='word_1_366' title='bbox 1881 2714 1883 2721; x_wconf 45' lang='grc'>,</span> 
     </span>
     <span class='ocr_line' id='line_1_45' title="bbox 393 2722 1888 2790; baseline 0 -23"><span class='ocrx_word' id='word_1_367' title='bbox 393 2741 471 2768; x_wconf 87' lang='grc'>1100</span> <span class='ocrx_word' id='word_1_368' title='bbox 498 2728 542 2768; x_wconf 85' lang='grc'>111</span> <span class='ocrx_word' id='word_1_369' title='bbox 574 2727 700 2768; x_wconf 87' lang='lat' dir='ltr'>ullam</span> <span class='ocrx_word' id='word_1_370' title='bbox 725 2736 885 2783; x_wconf 74' lang='lat' dir='ltr'>partem</span> <span class='ocrx_word' id='word_1_371' title='bbox 918 2737 1055 2768; x_wconf 87' lang='lat' dir='ltr'>tutum</span> <span class='ocrx_word' id='word_1_372' title='bbox 1082 2722 1320 2783; x_wconf 72' lang='lat' dir='ltr'>perfugium</span> <span class='ocrx_word' id='word_1_373' title='bbox 1349 2734 1421 2767; x_wconf 88' lang='lat' dir='ltr'>est.</span> <span class='ocrx_word' id='word_1_374' title='bbox 1484 2725 1588 2776; x_wconf 90' lang='lat' dir='ltr'>Iam,</span> <span class='ocrx_word' id='word_1_375' title='bbox 1612 2726 1813 2782; x_wconf 86' lang='lat' dir='ltr'>triginta6</span> <span class='ocrx_word' id='word_1_376' title='bbox 1867 2725 1888 2790; x_wconf 30' lang='lat'>,⁴5¹3</span> 
     </span>
    </p>
   </div>
   <div class='ocr_carea' id='block_1_3' title="bbox 392 2878 1776 2960">
    <p class='ocr_par' dir='ltr' id='par_1_3' title="bbox 392 2878 1776 2960">
     <span class='ocr_line' id='line_1_46' title="bbox 437 2878 1628 2917; baseline 0.002 -12"><span class='ocrx_word' id='word_1_377' title='bbox 437 2887 452 2915; x_wconf 76' lang='lat'><em>5</em></span> <span class='ocrx_word' id='word_1_378' title='bbox 477 2879 525 2906; x_wconf 70' lang='lat' dir='ltr'>Ar·</span> <span class='ocrx_word' id='word_1_379' title='bbox 546 2883 667 2907; x_wconf 65' lang='lat' dir='ltr'>velusta</span> <span class='ocrx_word' id='word_1_380' title='bbox 685 2880 790 2915; x_wconf 51' lang='lat' dir='ltr'>,clentis</span> <span class='ocrx_word' id='word_1_381' title='bbox 807 2879 929 2917; x_wconf 61' lang='lat' dir='ltr'>moria]</span> <span class='ocrx_word' id='word_1_382' title='bbox 968 2879 1059 2908; x_wconf 82' lang='lat' dir='ltr'>Haec.</span> <span class='ocrx_word' id='word_1_383' title='bbox 1101 2879 1205 2917; x_wconf 71' lang='lat' dir='ltr'>[lentis</span> <span class='ocrx_word' id='word_1_384' title='bbox 1219 2879 1342 2917; x_wconf 52' lang='grc' dir='ltr'>,οῖον-1110</span> <span class='ocrx_word' id='word_1_385' title='bbox 1359 2878 1490 2908; x_wconf 83' lang='lat' dir='ltr'>Bekker</span> <span class='ocrx_word' id='word_1_386' title='bbox 1506 2879 1628 2917; x_wconf 82' lang='lat' dir='ltr'>probat.</span> 
     </span>
     <span class='ocr_line' id='line_1_47' title="bbox 392 2919 1776 2960; baseline 0.001 -12"><span class='ocrx_word' id='word_1_387' title='bbox 392 2929 429 2948; x_wconf 74' lang='lat' dir='ltr'>cx</span> <span class='ocrx_word' id='word_1_388' title='bbox 458 2920 616 2950; x_wconf 77' lang='lat' dir='ltr'>emendat.</span> <span class='ocrx_word' id='word_1_389' title='bbox 647 2920 786 2950; x_wconf 76' lang='lat' dir='ltr'>Gronov.</span> <span class='ocrx_word' id='word_1_390' title='bbox 816 2931 871 2959; x_wconf 83' lang='lat' dir='ltr'>pro</span> <span class='ocrx_word' id='word_1_391' title='bbox 904 2925 1058 2951; x_wconf 68' lang='lat' dir='ltr'>velustate</span> <span class='ocrx_word' id='word_1_392' title='bbox 1147 2920 1166 2951; x_wconf 88' lang='lat'><strong>6</strong></span> <span class='ocrx_word' id='word_1_393' title='bbox 1193 2922 1338 2960; x_wconf 70' lang='lat' dir='ltr'>Triyinln</span> <span class='ocrx_word' id='word_1_394' title='bbox 1356 2922 1493 2951; x_wconf 71' lang='lat' dir='ltr'>millibus</span> <span class='ocrx_word' id='word_1_395' title='bbox 1513 2920 1667 2957; x_wconf 76' lang='lat' dir='ltr'>hostium]</span> <span class='ocrx_word' id='word_1_396' title='bbox 1693 2919 1776 2949; x_wconf 83' lang='lat' dir='ltr'>Auc-</span> 
     </span>
    </p>
   </div>
   <div class='ocr_carea' id='block_1_4' title="bbox 1863 2995 1885 3041">
    <p class='ocr_par' dir='ltr' id='par_1_4' title="bbox 1863 2995 1885 3041">
     <span class='ocr_line' id='line_1_48' title="bbox 1863 2995 1885 3041; baseline 0 0"><span class='ocrx_word' id='word_1_397' title='bbox 1863 2995 1885 3041; x_wconf 58' lang='grc' dir='ltr'>*Ἰ</span> 
     </span>
    </p>
   </div>
  </div>
 </body>
</html>
