1934 3211
568 137 690 179 LIB.
723 137 803 178 IX.
847 138 995 179 CAP.
1029 142 1067 181 7.
1431 144 1513 186 507

145 241 271 269 enere
290 226 505 282 factisque,
528 234 620 266 tum
636 226 763 267 etiam
785 234 920 267 aetate
941 226 1163 276 verendus,
1186 227 1310 284 longe
1332 229 1452 272 aliter
1471 246 1514 272 se

115 240 270 325 {abere
290 298 378 324 rem
407 283 586 324 dixisse:
621 289 634 306 ‘
650 283 874 325 Silentium
894 283 1001 324 illud
1029 284 1299 334 obstinatum,
1322 286 1514 343 fixosque

117 341 188 381 ‘in
202 349 353 383 terram
375 340 530 390 oculos,
546 349 588 382 et
608 340 753 382 surdas
774 340 828 381 ad
844 341 986 381 omnia
1002 340 1150 382 solatia
1169 356 1303 392 aures,
1321 351 1362 383 et
1379 345 1515 399 pudo-

83 401 104 434 6
117 402 229 438 ‘rem
249 397 479 439 intuendae
496 397 613 447 lucis,
629 397 847 454 ingentem
864 397 1019 439 molem
1033 397 1188 439 irarum
1201 413 1255 441 ex
1275 398 1359 440 alto
1374 401 1515 442 animo

116 458 129 477 ‘
143 453 291 495 cientis
311 454 470 496 indicia
493 470 606 496 esse:
640 463 714 496 aut
740 454 935 496 Romana
955 470 997 496 se
1022 455 1215 511 ignorare
1237 456 1421 512 ingenia,
1444 467 1518 499 aut

115 510 355 552 ‘silentium
382 511 489 552 illud
527 512 786 554 Samnitibus
815 512 976 553 flebiles
1002 513 1119 554 brevi
1151 512 1353 555 clamores
1384 515 1518 570 gemi-

115 573 294 624 ‘tusque
323 569 604 610 excitaturum
618 585 629 619 3
665 568 973 626 Caudinaeque
1004 570 1118 626 pacis
1153 569 1371 627 aliquanto
1399 571 1519 613 Sam-

114 630 128 650 ‘
141 625 451 683 nitibus,quam
468 626 672 668 Romanis
685 627 907 668 tristiorem
924 627 1167 669 memoriam
1182 627 1282 670 fore.
1344 628 1517 686 Quippe

114 688 238 725 ‘suos
259 699 474 740 quemque
506 699 651 726 eorum
674 684 836 726 animos
863 684 1120 734 habiturum,
1144 685 1389 742 ubicunque
1417 701 1519 728 con-

113 741 321 796 ‘gressuri
360 741 468 783 sint:
519 741 647 784 saltus
681 741 900 784 Caudinos
939 757 1037 784 non·
1061 742 1220 799 ubique
1260 741 1520 785 Samnitibus

111 797 256 840 ‘fore.'

170 855 262 897 Iam
300 856 463 898 Romae
499 858 627 898 etiam
663 872 738 898 sua
772 857 940 898 infamis
976 856 1116 898 clades
1151 866 1251 900 erat.
1317 858 1519 901 Obsessos

84 912 296 968 7primum
346 914 597 956 audierunt:
652 915 808 956 tristior
847 914 1003 956 deinde
1053 914 1358 970 ignominiosae
1404 917 1519 972 pacis

111 971 257 1026 magis,
280 986 407 1027 quam
438 971 626 1027 periculi,
649 972 824 1013 nuntius
851 972 942 1013 fuit.
1005 972 1079 1013 Ad
1106 972 1260 1014 famam
1289 974 1518 1016 obsidionis

110 1027 301 1069 delectus
331 1028 476 1069 haberi
506 1038 680 1085 coeptus
711 1038 824 1070 erat:
859 1029 1054 1070 dimissus
1079 1029 1234 1071 deinde
1263 1031 1518 1072 auxiliorum

111 1094 346 1141 apparatus,
369 1094 593 1142 postquam
615 1086 877 1128 deditionem
906 1094 991 1127 tam
1016 1086 1137 1128 foede
1162 1087 1316 1129 factam
1344 1104 1518 1145 accepe-

109 1151 236 1184 runt:
267 1142 566 1199 extemploque
588 1144 678 1185 sine
700 1143 786 1185 ulla
806 1144 976 1200 publica
996 1145 1242 1186 auctoritate
1264 1160 1516 1187 consensum

109 1200 156 1240 in
197 1215 367 1242 omnem
407 1201 584 1242 formam
624 1201 763 1242 luctus
804 1210 877 1242 est.
961 1201 1182 1243 Tabernae
1228 1203 1339 1244 cirea
1378 1203 1516 1244 forum

110 1257 288 1307 clausae,
323 1258 617 1314 iustitiumque
651 1259 696 1299 in
731 1259 820 1300 foro
857 1274 932 1300 sua
967 1268 1116 1315 sponte
1153 1269 1350 1316 coeptum
1386 1261 1515 1316 prius,

79 1306 240 1371 8quam
280 1315 514 1356 indictum:
564 1315 636 1357 lati
678 1316 796 1365 clavi,
839 1316 985 1357 annuli
1025 1317 1141 1358 aurci
1181 1318 1332 1373 positi3
1381 1333 1515 1373 paene

110 1373 308 1414 maestior
347 1373 537 1414 exercitu
572 1373 662 1429 ipso
699 1374 843 1414 civitas
878 1389 994 1415 esse:
1043 1390 1121 1415 nec
1162 1374 1340 1417 ducibus
1381 1375 1516 1416 solum

110 1438 238 1486 atque
267 1430 506 1471 auctoribus
535 1432 889 1487 sponsoribusque
921 1432 1034 1487 pacis
1064 1432 1196 1481 irasci,
1220 1432 1294 1473 scd
1321 1433 1516 1473 innoxios

110 1487 237 1529 etiam
269 1487 423 1529 milites
455 1488 604 1537 odisse,
632 1497 675 1529 ct
706 1504 859 1544 negare
892 1490 993 1530 urbe
1027 1489 1200 1530 tectisve
1233 1489 1513 1545 accipiendos

114 1544 256 1594 Quam
287 1546 612 1586 concitationem
645 1546 881 1587 animorum
909 1546 1034 1601 fregit
1060 1546 1265 1587 adventus
1293 1547 1516 1596 exercitus,

110 1602 238 1643 etiam
271 1603 385 1643 iratis
421 1603 678 1644 miserabilis.
741 1603 845 1644 Non
878 1604 991 1644 enim
1025 1612 1227 1659 tanquam
1260 1604 1305 1644 in
1338 1604 1517 1660 patriam

109 1669 368 1701 revertentes
400 1675 453 1701 ex
487 1660 697 1716 insperato
730 1660 975 1710 incolumes,
1009 1661 1083 1702 sed
1116 1670 1335 1717 captorum
1369 1662 1517 1703 habitu

109 1717 315 1774 vultuque
353 1717 527 1773 ingrcssi
563 1733 655 1759 sero
692 1718 735 1758 in
769 1719 929 1768 urbem,
965 1718 1024 1759 ita
1058 1734 1101 1759 se
1139 1719 1183 1759 in
1219 1719 1303 1760 suis
1335 1720 1516 1775 quisque

111 1774 232 1816 tectis
267 1774 537 1824 abdiderunt,
575 1784 622 1816 ut
652 1784 819 1831 postero
851 1784 977 1832 atque
1014 1776 1337 1832 insequentibus
1367 1777 1517 1818 diebus

110 1847 237 1873 nemo
267 1847 413 1873 eorum
447 1833 583 1874 forum
617 1841 689 1874 aut
724 1833 941 1889 publicum
979 1834 1164 1889 aspicere
1195 1833 1333 1875 vellet.
1400 1833 1518 1875 Con-

111 1889 234 1939 sules,
268 1889 312 1930 in
349 1890 511 1946 privato
546 1890 692 1939 abditi,
730 1890 835 1931 nihil
870 1906 947 1946 pro
983 1891 1229 1945 magistratu
1262 1907 1398 1947 agere,
1436 1891 1516 1932 nisi

111 1947 228 2003 quod
249 1962 492 2002 expressum
514 1947 878 1988 senatusconsulto
899 1955 974 1996 est,
993 1956 1040 1988 ut
1060 1948 1308 1989 dictatorem
1325 1948 1517 1989 dicerent

1531 242 1576 275 U.
1593 241 1631 273 C.
1649 249 1723 281 433.

1530 286 1569 316 A.
1594 285 1632 315 C.
1651 293 1723 324 319·

1530 326 1619 359 Ofilii
1636 327 1677 356 de

1530 370 1694 400 Romano-

1529 421 1599 441 rum
1611 409 1740 441 silentio

1530 452 1697 484 iudicium.

1533 925 1657 957 Luctus
1674 925 1740 956 Ro-

1531 979 1614 999 mae.

112 2004 377 2045 comitiorum
407 2019 541 2044 causa.
608 2004 662 2051 Q.
683 2003 858 2044 Fabium
883 2003 1141 2045 Ambustum
1163 2004 1375 2054 dixerunt,
1402 2014 1445 2046 et
1466 2005 1513 2046 P.
1530 2013 1574 2049 Q.
1588 2012 1710 2043 Fabius

115 2060 288 2102 Aelium
310 2060 490 2102 Paetum
523 2060 766 2116 magistrum
798 2061 1016 2117 equitum:
1051 2062 1205 2117 quibus
1226 2062 1328 2102 vitio
1353 2062 1515 2112 creatis,
1529 2056 1677 2086 dictator.

114 2202 301 2240 Campanos
331 2199 499 2230 nobilitate
530 2200 666 2237 incluta,
693 2210 793 2239 usque

113 2244 154 2274 aul
181 2244 301 2273 bellum
327 2243 487 2273 l’unieum
512 2244 688 2273 seeundum
709 2242 794 2272 varin

116 2287 179 2317 fide
195 2286 226 2316 in
247 2286 414 2317 Romanos
429 2291 506 2316 erut.
535 2287 575 2316 ef.
594 2286 664 2316 infr.
682 2285 724 2316 ix.
744 2285 792 2316 26.

114 2329 206 2359 xxiii.
222 2340 252 2369 ι).

156 2370 177 2401 6
201 2372 255 2402 Es
277 2373 342 2401 allo
365 2372 472 2401 {mimo
495 2372 625 2409 cientisl
652 2373 706 2401 Es
729 2372 794 2401 alm

114 2415 216 2445 animi
239 2415 365 2450 cientis,
383 2414 469 2453 quod
489 2414 633 2445 Gronov.
650 2418 681 2443 et
699 2415 792 2445 Crev.

116 2457 265 2496 probant,
282 2456 312 2486 in
331 2461 456 2487 textum
475 2456 616 2496 reposuit
637 2456 774 2486 Bekker.

161 2507 177 2538 7
205 2500 339 2529 Tristior
355 2522 362 2529 .
380 2522 387 2529 .
405 2523 412 2529 .
430 2523 437 2530 .
455 2500 572 2539 mayn's]
607 2499 794 2529 Sufficit-bat

115 2543 246 2572 tristior.
293 2542 355 2571 scd
383 2542 496 2571 eodem
525 2542 622 2572 modo
652 2541 796 2572 lustinus

115 2584 160 2615 iii.
186 2594 214 2614 τ.
238 2586 315 2614 Nun
338 2585 521 2615 inventiam:
543 2595 655 2614 eurum
683 2585 794 2622 'tm-qis,

114 2637 210 2674 quam
227 2627 369 2665 exemplo
384 2628 512 2657 clarior.
558 2627 611 2656 Sic
633 2631 663 2656 ct
686 2628 794 2665 potius

115 2669 257 2707 iungitur
285 2678 359 2699 cum
387 2668 450 2698 aliu
477 2679 553 2698 voce
583 2668 793 2707 comparatis-i

114 2712 243 2750 gradun,
264 2712 351 2750 apud
377 2711 446 2742 Cic.
467 2710 528 2750 Ep.
546 2711 586 2740 nd
611 2711 686 2741 niv.
705 2710 746 2741 ix.
762 2720 793 2742 ο.

116 2756 223 2786 Οιικν.

165 2800 184 2826 8
215 2798 286 2826 Lati
313 2797 413 2834 vlmu'}
462 2797 563 2826 Latus
590 2797 701 2824 clavus
728 2800 795 2825 erut

116 2839 227 2870 tunica
256 2839 424 2878 purpureis
449 2839 640 2877 qnilnmlnm
671 2838 700 2868 in
730 2848 794 2867 mo-

117 2883 194 2913 dum
212 2883 388 2916 clavorum,
405 2882 505 2921 iisque
524 2882 596 2911 lutis
616 2887 645 2911 et
667 2881 795 2920 amplia,

838 2199 979 2234 orbilius,
1006 2200 1055 2230 vel
1081 2199 1224 2236 intexti&
1245 2201 1293 2230 vel
1319 2199 1445 2234 insutis,
1469 2211 1517 2230 or-

839 2248 924 2272 nam.
972 2242 1073 2272 Latus
1099 2243 1211 2272 clavus
1239 2247 1307 2273 erat
1333 2248 1517 2273 senatorum

839 2285 983 2322 insigne:
1022 2291 1177 2323 angustus
1210 2286 1331 2323 clauus,
1361 2286 1517 2325 equitum.

839 2329 946 2359 Ciuzv.

882 2381 901 2410 ι)
918 2371 1046 2400 ΑηηιιΙὶ
1063 2372 1174 2408 nure-1⁷]
1201 2370 1366 2400 Annulum
1384 2381 1517 2401 mireum

839 2418 1001 2443 senatores
1024 2418 1055 2443 et
1079 2413 1203 2452 equites
1230 2414 1395 2443 nummum
1416 2418 1517 2451 gestu-

842 2456 920 2486 vim-
951 2461 1088 2489 cnnstut,
1113 2456 1167 2485 ned
1200 2467 1262 2485 nun
1293 2455 1520 2485 uetustioribus

841 2498 1036 2537 reipublicae
1060 2498 1271 2537 temporibus,
1287 2498 1403 2536 quibus
1426 2508 1517 2528 umuli

839 2542 1032 2571 annulorum
1059 2541 1252 2571 rarissimum
1276 2541 1384 2576 fuisse,
1400 2551 1519 2579 eosque

840 2583 943 2622 prinu»
967 2584 1084 2614 seru-«m
1106 2583 1221 2620 gesturi
1241 2583 1351 2612 nulium
1369 2594 1437 2613 esse
1457 2588 1517 2613 tm-

839 2627 885 2656 ‹lit
903 2626 1026 2656 l'liniun
1043 2626 1085 2656 ll.
1100 2626 1141 2656 N.
1158 2625 1268 2656 xxxiii.
1285 2635 1308 2656 Ι.
1345 2625 1386 2655 Et
1405 2635 1436 2655 re
1449 2625 1517 2664 qui-

839 2669 912 2697 ‹lem
931 2668 999 2707 ipsn
1016 2668 1095 2697 haec
1113 2668 1215 2707 prium
1231 2667 1352 2697 mentio
1365 2668 1451 2707 npud
1467 2667 1517 2698 Li-

842 2711 925 2740 vium
947 2711 1142 2740 winulorum
1167 2720 1334 2740 nuri-orum
1358 2710 1515 2741 occurrit:

842 2764 899 2783 nec
916 2764 954 2783 ex
974 2753 1033 2782 line
1052 2753 1121 2782 loco
1137 2752 1354 2790 colligendum
1377 2758 1425 2782 eut
1447 2758 1515 2783 turn

843 2796 987 2832 vulgares
1012 2796 1187 2825 admodum
1211 2795 1315 2827 suisne.
1349 2795 1424 2828 Vid.
1449 2800 1514 2826 not.

841 2839 880 2868 nd
899 2838 948 2876 ⁴6.
965 2838 1036 2869 infr.
1063 2840 1169 2869 (Ἰιιιν.
