1934 3211
354 168 437 205 312
866 168 1015 210 ΤΙΤΙ
1057 169 1237 210 LIVII

321 290 328 297 .
356 256 465 297 veris
495 256 765 312 accipiantur,
798 259 895 299 satis
925 259 1114 301 habeam.
1180 258 1312 308 Haec,
1346 258 1399 298 ad
1430 256 1786 298 ostentationem5

323 332 330 340 ·
358 328 521 364 scenae,
542 314 766 370 gaudentis
787 316 1009 366 miraculis,
1033 318 1206 372 aptiora,
1229 331 1356 372 quam
1378 315 1431 356 ad
1451 314 1594 363 fidem,
1616 328 1756 368 neque

359 371 575 421 affirmare,
602 387 742 428 neque
767 373 956 414 refellere
982 382 1043 415 est
1069 390 1219 431 operae
1244 373 1439 430 pretium.
1505 370 1755 419 Cuniculus,

358 428 533 469 delectis
554 429 756 471 militibus
779 446 829 471 eo
851 440 1038 486 tempore
1060 433 1222 488 plenus,
1246 432 1289 471 in
1311 431 1414 472 aede
1436 429 1624 478 Iunonis,
1647 442 1756 484 quae

358 486 403 526 in
435 485 674 528 Veientana
703 503 796 528 arce
822 498 922 537 erat,
955 498 1133 531 armatos
1164 498 1337 546 repente
1369 487 1514 528 edidit.
1578 485 1635 526 Et
1662 499 1757 540 pars

359 558 522 584 aversos
550 544 595 584 in
626 545 755 585 muris
783 546 989 586 invadunt
1017 546 1180 588 hostes:
1215 561 1309 603 pars
1333 546 1513 586 claustra
1541 552 1757 600 portarum

358 601 588 642 revellunt:
622 617 729 657 pars,
753 618 883 657 quum
913 618 965 642 ex
987 604 1106 644 tectis
1128 619 1227 644 saxa
1248 603 1498 659 tegulaeque
1521 617 1545 642 a
1571 599 1758 642 mulieri-

359 659 437 699 bus
465 673 512 698 ac
538 659 714 699 servitiis
739 659 986 708 iacerentur,
1010 660 1197 701 inferunt
1222 661 1351 716 ignes
1417 659 1591 700 Clamor
1616 657 1758 699 omnia

359 715 482 756 variis
503 717 750 756 terrentium
775 731 822 756 ac
843 717 1088 771 paventium
1110 718 1294 766 vocibus,
1310 716 1443 757 mixto
1465 715 1688 756 mulierum
1709 730 1757 757 ac

359 787 584 828 puerorum
599 772 776 828 ploratu,
792 772 986 828 complet.
1051 774 1275 815 hlomento
1297 773 1497 830 temporis
1509 772 1683 813 deiectis
1703 787 1758 813 ex

359 844 480 869 muro
494 829 684 885 undique
702 830 870 870 armatis
883 830 1184 887 patefactisque
1198 832 1341 888 portis,
1357 845 1488 887 quum
1503 829 1573 871 alii
1590 829 1757 885 agmine

358 887 580 935 irruerent,
618 887 689 927 alii
730 887 915 928 desertos
948 889 1199 930 scanderent
1239 903 1392 938 muros,
1430 889 1528 929 urbs
1567 886 1758 928 hostibus

359 943 570 999 impletur,
590 945 784 985 omnibus
800 944 902 985 locis
918 954 1140 1001 pugnatur.
1194 946 1379 995 Deinde,
1397 945 1530 986 multa
1545 944 1629 984 iam
1645 944 1759 985 edita

360 1000 502 1049 caede,
526 1002 705 1042 senescit
726 1017 892 1057 pugna:
927 1011 969 1043 et
990 1003 1169 1044 dictator
1189 1018 1418 1060 praecones
1439 1003 1605 1044 edicere
1626 1001 1756 1051 iubet,

359 1066 405 1098 ut
439 1058 490 1098 ab
524 1058 674 1099 inermi
708 1060 977 1102 abstineatur.
1041 1060 1082 1101 Is
1115 1061 1210 1101 finis
1243 1061 1458 1117 sanguinis
1489 1058 1580 1100 fuit.
1643 1058 1759 1099 Dedi

360 1115 459 1155 inde
488 1116 670 1157 inermes
691 1117 852 1172 coepti:
887 1127 930 1158 et
955 1118 1008 1158 ad
1028 1119 1228 1174 praedam
1250 1118 1370 1159 miles
1400 1117 1606 1174 permissu
1626 1116 1759 1157 dicta-

361 1173 459 1213 toris
489 1173 695 1215 discurrit.
762 1175 884 1222 Quae
916 1190 1049 1230 quum
1077 1185 1174 1217 ante
1203 1175 1345 1217 oculos
1376 1177 1465 1217 eius
1495 1174 1758 1228 aliquantum

361 1245 432 1285 spe
455 1239 582 1286 atque
605 1232 803 1287 opinione
827 1233 969 1282 maior,
986 1233 1237 1289 maiorisque
1258 1233 1384 1288 pretii
1406 1247 1546 1274 rerum
1567 1232 1756 1281 ferretur,

361 1287 516 1328 dicitur
543 1304 691 1329 manus
713 1289 766 1329 ad
795 1290 958 1330 coelum
985 1290 1135 1331 tollens
1156 1301 1348 1346 precatus
1377 1305 1488 1331 esse:
1525 1296 1536 1313 ‘
1552 1299 1611 1339 ut,
1634 1289 1668 1329 si
1689 1289 1759 1329 cui

363 1351 373 1367 ‘
387 1345 562 1385 deorum
585 1346 891 1402 hominumque
910 1348 1039 1388 nimia
1053 1362 1127 1388 sua
1147 1349 1315 1389 fortuna
1327 1348 1558 1404 populique
1575 1346 1759 1388 Romani

363 1408 374 1424 ‘
392 1402 616 1452 videretur,
640 1412 686 1444 ut
707 1419 800 1444 eam
829 1405 1031 1445 invidiam
1052 1405 1198 1455 lenire,
1222 1420 1348 1461 quam
1375 1405 1550 1446 minimo
1571 1419 1646 1445 suo
1673 1403 1792 1460 pri-6

364 1468 374 1482 ⁸
389 1467 483 1499 vato
530 1460 799 1502 incommodo
839 1462 1107 1518 publicoque,
1150 1463 1308 1518 populo
1358 1462 1553 1503 Romano
1588 1461 1760 1503 liceret.'

365 1516 696 1558 Convertentem
756 1534 798 1559 se
857 1520 968 1560 inter
1029 1521 1137 1561 hanc
1193 1520 1523 1569 venerationem,
1581 1518 1792 1563 traditur7

362 1574 601 1622 memoriae,
636 1575 876 1630 prolapsum
912 1577 1134 1617 cecidisse:
1184 1577 1312 1632 idque
1349 1592 1475 1618 omen
1509 1576 1759 1633 pertinuisse

362 1639 507 1686 postea
537 1641 692 1671 eventu
720 1647 808 1672 rem
840 1634 1172 1674 coniectantibus
1200 1635 1335 1674 visum
1365 1634 1419 1674 ad
1446 1634 1761 1675 damnationem

362 1688 492 1743 ipsius
526 1687 708 1737 Camilli,
741 1699 885 1745 captae
917 1690 1072 1731 deinde
1110 1691 1222 1731 urbis
1256 1691 1487 1740 Romanae,
1521 1691 1636 1746 quod
1666 1697 1761 1746 post

363 1760 518 1801 paucos
547 1746 700 1786 accidit
733 1762 876 1796 annos,
900 1747 1073 1787 cladem.
1139 1747 1284 1803 Atque
1310 1747 1380 1788 ille
1412 1748 1501 1788 dies
1527 1748 1654 1789 caede
1684 1748 1760 1789 ho-

363 1802 489 1843 stium
518 1818 564 1843 ac
597 1803 833 1858 direptione
866 1804 978 1844 urbis
1007 1804 1345 1860 opulentissimae
1378 1813 1440 1845 est
1472 1814 1757 1861 consumptus.

215 1864 281 1901 22.
363 1860 537 1900 Postero
570 1860 638 1900 die
673 1860 802 1901 libera
834 1876 1005 1916 corpora
1042 1862 1222 1902 dictator
1248 1862 1329 1911 ,sub
1366 1877 1521 1902 corona
1554 1862 1758 1904 vendidit.

364 1917 428 1958 Ea
448 1917 534 1957 sola
555 1918 736 1973 pecunia
749 1918 792 1957 in
816 1919 1030 1973 publicum
1053 1919 1269 1973 redigitur,
1285 1919 1399 1959 haud
1420 1919 1509 1960 sine
1526 1920 1587 1960 ira
1605 1919 1757 1975 plebis:

363 1983 407 2015 et
427 1974 542 2029 quod
564 1974 743 2015 retulere
765 1990 907 2015 secum
936 1975 1128 2030 praedae,
1151 1991 1229 2016 nec
1251 1976 1362 2025 duci,
1386 1977 1459 2031 qui
1480 1977 1534 2017 ad
1555 1985 1759 2028 senatum,

364 2031 634 2086 malignitatis
662 2040 850 2072 auctores
872 2033 1126 2088 quaerendo,
1150 2049 1239 2074 rem
1270 2033 1428 2074 arbitrii
1450 2034 1513 2074 sui
1530 2034 1758 2084 reiecisset3

364 2104 442 2129 nec
464 2088 639 2137 senatui,
663 2089 736 2129 sed
759 2089 947 2130 Liciniae
969 2090 1161 2139 familiae,
1185 2106 1238 2131 ex
1260 2106 1343 2146 qua
1364 2091 1474 2131 filius
1495 2091 1548 2132 ad
1569 2101 1761 2133 senatum

364 2145 586 2195 retulisset,
608 2155 728 2201 pater
748 2155 832 2187 tam
854 2147 1067 2203 popularis
1092 2148 1326 2189 sententiae
1349 2157 1494 2190 auctor
1513 2148 1672 2199 fuisset,
1694 2158 1794 2191 ac-8

147 2214 202 2244 Dii
219 2214 309 2245 Veiis
364 2211 534 2259 ceptum
565 2204 811 2244 referebant.
879 2205 1024 2252 Quum
1055 2205 1138 2246 iam
1169 2205 1377 2246 humanae
1409 2221 1509 2262 opes
1542 2215 1706 2262 egestae
1737 2223 1763 2248 a

144 2257 255 2288 ablati.
366 2260 483 2301 Veiis
515 2269 665 2309 essent,
699 2261 860 2301 amoliri
892 2271 981 2302 tum
1014 2262 1142 2302 deum
1172 2262 1284 2303 dona
1314 2263 1509 2318 ipsosque
1541 2263 1654 2313 deos,
1686 2264 1761 2305 sed

364 2317 595 2359 colentium
616 2318 760 2373 magis,
779 2333 904 2373 quam
927 2319 1193 2374 rapientium,
1217 2320 1356 2369 modo,
1375 2335 1562 2376 coepere.
1626 2320 1670 2361 N
1673 2336 1760 2362 am-

220 266 228 277 4

257 275 275 347 0³0«)

279 276 298 349 Ὸυι

299 276 318 347 000

410 2490 426 2520 5
450 2483 554 2518 Haec,
576 2482 618 2510 cul
637 2483 893 2519 ostentationem]
922 2481 1039 2511 Narra·
1086 2482 1261 2512 siderarent
1277 2492 1340 2511 non
1363 2483 1467 2512 solum
1490 2482 1615 2521 privato
1638 2483 1759 2515 incom-

364 2524 486 2554 tionem
503 2524 586 2553 hanc
603 2533 731 2553 omnem
749 2533 768 2553 a
784 2533 854 2563 cap.
876 2533 921 2563 19.
940 2524 1039 2563 poeti-
1086 2525 1182 2554 modo
1207 2524 1397 2561 Camillum,
1421 2525 1476 2554 sed
1502 2525 1634 2564 publico
1661 2526 1759 2558 etiam

365 2576 436 2596 can]
453 2576 521 2596 csse
537 2569 643 2595 censet
663 2565 798 2595 Niebhr.
1086 2567 1243 2605 populum
1262 2567 1447 2597 Romanum
1472 2577 1547 2597 mox
1569 2568 1759 2599 defunctum

408 2608 428 2639 6
445 2610 547 2645 Quam
564 2609 693 2638 minimo
707 2610 781 2646 suo]
803 2607 1040 2647 Interpunctio-
1085 2609 1158 2639 dici.
1185 2609 1310 2639 RAscn.

365 2661 440 2680 nem
472 2654 543 2689 post
571 2651 762 2690 publicoque
787 2650 874 2680 tollit
900 2651 1039 2681 Bekker.
1131 2661 1146 2689 7
1172 2652 1412 2683 Convertentem
1435 2654 1485 2690 se]
1515 2652 1669 2683 solebant
1693 2654 1758 2684 Ro-

366 2693 519 2723 Ceterum
546 2692 775 2729 dubitatione&
800 2703 879 2731 quas
909 2693 1040 2732 quidam
1085 2693 1172 2723 niani
1200 2698 1272 2733 post
1296 2694 1496 2733 precationes
1519 2700 1702 2727 convertere
1725 2705 1758 2726 se

366 2734 556 2772 interpretes
569 2735 609 2764 de
626 2734 656 2764 h.
668 2735 689 2764 l.
703 2735 859 2774 scriptura
871 2746 922 2774 ap.
938 2735 1039 2766 Drak.
1086 2739 1117 2765 et
1144 2736 1361 2774 circumagere
1385 2736 1417 2766 in
1445 2738 1590 2768 dextram
1622 2742 1758 2777 partem,

364 2781 544 2813 moverunt,
569 2776 644 2806 inde
674 2777 827 2815 originem
853 2778 969 2808 ducere
996 2777 1037 2807 vi·
1083 2782 1119 2808 ut
1135 2781 1273 2808 testatur
1290 2779 1377 2809 Plut.
1395 2779 1426 2808 in
1444 2780 1536 2810 Cam.
1561 2780 1667 2811 ΟΜΝ.

364 2817 492 2854 dentur,
516 2819 600 2856 quod
626 2822 775 2858 putarent
802 2821 897 2858 plane
925 2821 1037 2850 eadem
1126 2821 1144 2850 8
1160 2823 1337 2860 Acceptum
1352 2822 1552 2860 referebant]
1572 2822 1662 2858 Eius,
1672 2821 1756 2860 quod

364 2869 438 2887 cum
465 2859 628 2890 Plutarch.
646 2860 677 2890 in
695 2862 786 2892 Cam.
804 2866 835 2891 et
856 2863 928 2893 Val.
947 2863 1036 2893 Max.
1083 2867 1254 2902 acceptum
1270 2863 1385 2899 fuerat,
1399 2864 1533 2903 gratiam
1550 2863 1690 2894 familiae
1704 2862 1755 2892 Li-

364 2901 383 2931 i.
402 2911 429 2939 5.
468 2900 558 2929 Livio
576 2903 730 2932 tradenda
747 2914 825 2935 esse.
843 2915 947 2942 neque
964 2915 1036 2935 con·
1084 2905 1186 2935 ciniae
1202 2905 1391 2935 referebant.
