1934 3211
905 194 1054 237 ΤΙΤΙ
1097 195 1273 237 LIVII

392 285 499 326 tanis
530 284 744 334 fuderunt,
777 285 1003 341 castrisque
1037 295 1257 327 exuerunt.
1340 285 1405 326 Ibi
1436 284 1634 335 Publilio,
1665 285 1784 327 cuius

392 343 525 383 ductu
560 342 828 397 auspicioque
865 357 930 383 res
965 351 1106 398 gestae
1140 352 1271 393 erant,
1306 344 1350 383 in
1382 342 1644 383 deditionem
1676 343 1785 384 acci-

391 400 534 456 piente
565 399 741 440 Latinos
772 399 963 455 populos,
996 415 1173 455 quorum
1210 400 1269 441 ibi
1305 400 1500 440 iuventus
1532 414 1651 440 caesa
1682 408 1782 450 erat,

393 457 602 498 Aemilius
632 456 687 497 ad
706 456 872 497 Pedum
903 457 1136 498 exercitum
1167 457 1301 498 duxit.
1364 457 1558 498 Pedanos
1589 457 1786 498 tuebatur

393 515 561 563 Tiburs,
588 514 900 563 Praenestinus,
923 514 1251 569 Veliternusque
1276 514 1481 570 populus:
1514 522 1717 555 venerant
1742 521 1786 555 et

393 573 444 612 ab
467 571 660 612 Lanuvio
684 571 901 625 Antioque
925 570 1090 611 auxilia.
1155 571 1242 612 Ubi
1264 586 1393 626 quum
1419 571 1589 626 proeliis
1610 571 1784 626 quidem
1799 584 1816 614 3

393 629 581 684 superior
603 629 820 668 Romanus
841 636 961 676 esset,
984 627 1038 667 ad
1059 628 1206 668 urbem
1227 628 1359 683 ipsam
1380 628 1545 668 Pedum
1567 637 1784 684 castraque

394 687 600 727 sociorum
640 684 905 740 populorum,
944 699 1051 739 quae
1093 685 1187 725 urbi
1222 685 1420 725 adiuncta
1455 693 1584 735 erant,
1620 685 1786 742 integer

393 744 510 784 labor
541 750 741 790 restaret3
778 741 890 781 bello
923 741 1079 781 infecto
1112 750 1284 797 repente
1319 742 1482 791 omisso,
1505 742 1662 792 consul,
1686 744 1786 799 quia

393 800 575 855 collegae
593 799 810 839 decretum
827 798 1086 853 triumphum
1105 798 1276 848 audivit,
1291 799 1379 854 ipse
1397 814 1566 854 quoque
1583 800 1785 856 triumphi

393 864 489 897 ante
520 856 736 896 victoriam
768 855 977 911 flagitator
1010 855 1192 896 Romam
1223 856 1360 896 rediit.
1427 856 1525 904 Qua
1555 857 1784 912 cupiditate

392 914 560 954 offensis
588 913 795 962 Patribus,
824 913 1173 968 negantibusque,
1199 913 1280 954 nisi
1307 912 1426 954 Pedo
1457 920 1579 969 capto
1610 922 1683 955 aut
1711 914 1786 955 de-

392 971 494 1020 dito,
517 970 793 1026 triumphum,
818 970 918 1010 hinc
949 970 1154 1011 alienatus
1185 971 1236 1011 ab
1267 978 1415 1011 senatu
1439 970 1646 1011 Aemilius
1676 971 1786 1021 sedi-

392 1028 507 1069 tiosis
528 1028 808 1069 tribunatibus
828 1027 1006 1068 similem
1028 1027 1183 1068 deinde
1206 1027 1628 1084 consulatum-gessit.
1672 1027 1787 1069 Nam

391 1101 544 1140 neque,
567 1085 707 1140 quoad
736 1085 816 1126 fuit
846 1085 1004 1134 consul,
1027 1085 1237 1126 criminari
1268 1085 1381 1141 apud
1411 1085 1616 1141 populum
1641 1085 1787 1127 Patres

392 1142 564 1192 destitit,
588 1142 748 1198 collega
775 1142 1104 1198 haudquaquam
1131 1142 1389 1192 adversante,
1413 1143 1513 1197 quia
1540 1151 1583 1183 et
1612 1143 1700 1198 ipse
1732 1142 1786 1184 de

391 1199 513 1254 plebe
545 1208 657 1240 erat:
693 1200 927 1255 (materiam
964 1208 1105 1241 autem
1140 1201 1366 1255 praebebat
1398 1200 1583 1240 criminis
1613 1215 1712 1256 ager
1741 1200 1786 1240 in

391 1257 546 1298 Latino
577 1257 839 1312 Falernoque
872 1272 970 1312 agro
1001 1257 1182 1313 maligne
1214 1257 1354 1313 plebei
1383 1256 1559 1312 divisus)
1590 1266 1644 1307 et,
1672 1265 1786 1313 post-

392 1329 519 1370 quam
550 1324 730 1363 senatus,
763 1315 883 1355 finire
915 1315 1139 1370 imperium
1171 1314 1411 1355 consulibus
1441 1314 1628 1370 cupiens,
1655 1314 1787 1355 dicta-

389 197 472 236 466

175 295 219 325 U.
237 294 274 326 C.
292 294 365 334 416.

173 338 212 368 A.
237 338 275 369 C.
293 337 365 377 336.

175 1383 219 1418 Q.
239 1382 349 1413 Publi-

391 1380 525 1412 torem
557 1371 754 1412 adversus
789 1371 1040 1412 rebellantes
1073 1372 1249 1413 Latinos
1282 1371 1366 1412 dici
1401 1372 1532 1421 iussit,
1563 1371 1785 1421 Aemilius,

174 1425 237 1497 1ῐῖᾓὸ
253 1426 351 1455 dicta-
391 1429 508 1469 cuius
540 1437 629 1469 tum
660 1429 789 1469 fasces
816 1437 947 1477 erant,
977 1428 1181 1484 collegam
1211 1429 1458 1470 dictatorem
1488 1428 1621 1469 dixit:
1657 1429 1708 1470 ab
1735 1443 1818 1470 eo4

392 1486 589 1541 magister
617 1486 809 1540 equitum
835 1485 984 1526 Iunius
1007 1485 1163 1527 Brutus
1189 1486 1336 1527 dictus.
1400 1486 1623 1527 Dictatura
1651 1501 1787 1542 popu-

392 1542 501 1591 laris,
524 1551 565 1582 et
593 1543 849 1583 orationibus
878 1543 921 1582 in
943 1543 1090 1584 Patres
1115 1543 1360 1592 criminosis,
1383 1543 1475 1592 fuit,
1498 1552 1541 1584 et
1561 1543 1677 1599 quod
1703 1551 1786 1584 tres

394 1599 508 1655 leges
530 1599 850 1639 secundissimas
871 1599 1024 1654 plebei,
1047 1600 1238 1640 adversas
1260 1600 1481 1650 nobilitati,
1499 1600 1618 1641 tulit:
1642 1615 1784 1650 unam,

393 1665 439 1697 ut
466 1655 684 1712 plebiscita
711 1671 856 1696 omnes
881 1656 1069 1703 Quirites
1098 1665 1316 1697 tenerent:
1350 1657 1536 1707 alteram,
1559 1665 1607 1698 ut
1629 1657 1817 1720 legum,g

392 1729 500 1769 quae
529 1713 709 1753 comitiis
737 1712 981 1753 centuriatis
1001 1713 1220 1761 ferrentur,
1244 1722 1340 1754 ante
1365 1714 1517 1754 initum
1542 1714 1786 1769 suffragium

392 1771 538 1811 Patres
565 1778 754 1811 auctores
775 1770 949 1811 fierent:
985 1770 1163 1819 tertiam,
1186 1779 1233 1810 ut
1261 1769 1365 1810 alter
1391 1770 1538 1826 utique
1567 1785 1621 1811 ex
1647 1770 1784 1826 plebe,

392 1843 523 1883 quum
545 1843 595 1868 eo
617 1836 789 1868 ventum
811 1827 875 1876 sit,
898 1835 946 1867 ut
967 1835 1192 1882 utrumque
1213 1827 1426 1882 plebeium
1454 1827 1672 1868 consulem
1693 1827 1784 1868 fieri
1800 1845 1817 1878 7

391 1885 549 1933 liceret,
584 1899 731 1925 censor
766 1893 986 1925 crearetur.
1049 1884 1151 1924 Plus
1187 1899 1237 1924 eo
1268 1899 1379 1925 anno
1415 1883 1530 1925 domi
1565 1893 1784 1940 acceptum

392 1942 521 1983 cladis
546 1942 597 1982 ab
625 1941 864 1983 consulibus
895 1956 942 1982 ac
963 1941 1179 1990 dictatore,
1202 1956 1328 1996 quam
1358 1957 1412 1982 ex
1439 1941 1612 1982 victoria
1641 1957 1786 1982 eorum

392 1999 635 2054 bellicisque
660 2000 783 2039 rebus
803 1998 902 2039 foris
924 2007 1094 2039 auctum
1117 1998 1352 2053 imperium,
1375 1998 1523 2039 Patres
1543 1998 1782 2040 credebant.

451 2057 581 2097 Anno
614 2055 867 2111 insequenti,
898 2055 947 2096 L.
967 2055 1094 2096 Furio
1130 2054 1324 2104 Camillo,
1357 2054 1407 2096 C.
1428 2054 1602 2096 Maenio
1635 2068 1817 2097 consu-8

392 2113 514 2162 libus,
543 2128 628 2169 quo
656 2113 895 2168 insignitius
926 2112 1076 2154 omissa
1107 2127 1171 2153 res
1201 2112 1399 2161 Aemilio,
1431 2112 1655 2169 superioris
1686 2113 1786 2154 anni

394 2170 567 2220 consuli,
600 2171 935 2226 exprobraretur,
962 2170 1129 2211 Pedum
1160 2169 1283 2211 armis
1313 2169 1495 2225 virisque
1527 2178 1571 2210 et
1599 2170 1716 2211 omni
1745 2170 1787 2211 vi

394 2227 724 2283 expugnandum
746 2242 793 2268 ac
815 2227 1044 2268 delendum
1066 2236 1233 2268 senatus
1253 2226 1417 2268 fremit:
1449 2227 1666 2283 coactique
1687 2227 1787 2268 novi

175 1510 255 1540 Tres
270 1511 356 1549 leges

173 1553 234 1582 fert
249 1553 359 1582 adver-

175 1604 224 1624 sas
240 1594 352 1624 nobili-

173 1637 241 1667 tati.

249 2058 267 2095 1
276 2057 312 2094 3.

177 2112 220 2143 U.
239 2112 276 2143 C.
294 2119 365 2150 417.

176 2155 216 2185 A.
238 2155 276 2185 C.
294 2162 367 2193 335.

176 2197 213 2226 L.
226 2197 335 2233 Furio,

176 2239 213 2269 C.
228 2239 359 2269 Maenio

175 2280 263 2311 Coss.

449 2387 466 2415 3
494 2378 659 2415 Lanuvio]
717 2377 854 2407 Lavinio
889 2387 941 2416 ap.
978 2377 1065 2408 Fast.

396 2419 554 2458 Trumph.
572 2419 696 2459 legitur.

437 2473 456 2499 4
480 2462 583 2492 Cuius
597 2467 664 2491 tum
672 2462 782 2500 fasces
796 2463 907 2499 erant]
932 2461 973 2491 In
989 2462 1067 2491 urbe

394 2503 495 2533 fasces
521 2503 576 2533 uni
602 2508 730 2533 tantum
757 2503 881 2533 consuli
911 2503 1065 2542 praefer&

394 2546 521 2583 bantur,
544 2546 634 2585 isque
658 2545 832 2585 praecipua
858 2545 967 2575 obibat
994 2556 1066 2575 con-

394 2588 517 2618 sulatus
532 2588 652 2618 munia.
669 2589 776 2619 CREv.
801 2588 840 2619 cf.
858 2588 988 2619 Sueton.
1002 2588 1065 2618 Iul.

394 2630 486 2660 Caes
505 2640 553 2660 20.

438 2682 454 2710 5
484 2673 526 2702 Ut
542 2673 726 2711 plebiscita]
753 2672 913 2702 Eamdem
937 2671 1000 2702 iam
1026 2673 1068 2702 le-

394 2723 465 2751 gem
484 2715 626 2744 tulerant
642 2715 790 2744 consules
806 2715 853 2745 M.
869 2714 1018 2744 Valerius
1034 2718 1066 2744 et

395 2755 441 2784 M.
456 2755 623 2793 Horatius,
634 2760 706 2795 post
719 2756 885 2787 liberatam
898 2767 917 2786 a
928 2757 1065 2786 Decem-

393 2796 531 2827 x‘irorum
544 2799 713 2837 tyrannide
725 2798 967 2838 rempublicam.
989 2799 1066 2829 Vid.

394 2837 436 2866 iii.
450 2847 498 2876 55.
538 2840 662 2870 Eadem
680 2845 711 2870 et
726 2844 878 2870 renovata
893 2845 940 2871 est
956 2845 1068 2880 postea

394 2888 413 2907 a
424 2878 466 2913 Q.
478 2880 652 2911 Homensio
665 2883 832 2920 dictatore,
842 2883 1009 2913 occasione
1020 2894 1065 2913 se-

395 2920 544 2950 cessionis
558 2921 590 2951 in
609 2923 805 2961 Ianiculum,
813 2935 885 2956 ann.
896 2925 938 2955 U.
948 2925 984 2956 C.
994 2924 1065 2963 466.

1154 2377 1173 2408 6
1189 2379 1352 2416 Alteram]
1369 2378 1444 2408 Hac
1456 2378 1527 2417 lege
1537 2376 1668 2409 senatzfs
1679 2383 1785 2409 aucto-

1110 2421 1192 2450 ritas
1218 2420 1250 2449 in
1278 2421 1385 2450 locum
1412 2419 1480 2450 eius
1505 2421 1707 2451 auctoritatis
1726 2431 1785 2459 pa-

1111 2466 1208 2498 trum,
1229 2472 1326 2500 quam
1349 2463 1477 2492 curiata
1499 2463 1626 2493 comitia
1647 2462 1785 2502 antiqui-

1110 2507 1162 2533 tus
1191 2504 1323 2541 dabant,
1351 2504 1564 2535 substituitur.
1610 2504 1787 2535 Hortensia

1111 2549 1219 2576 autem
1235 2546 1305 2585 lege
1317 2546 1581 2585 quinquagesimo
1595 2546 1714 2577 abhinc
1729 2557 1784 2577 an-

1112 2598 1152 2617 no
1170 2589 1304 2626 perlata,
1319 2588 1493 2618 auctoritas
1508 2587 1638 2619 senatus
1653 2589 1785 2620 omnino

1112 2631 1240 2660 sublata
1262 2634 1319 2661 est.
1347 2630 1386 2661 cf.
1405 2630 1490 2661 Plin.
1515 2631 1561 2662 H.
1583 2631 1627 2662 N.
1649 2631 1712 2662 xvi.
1736 2639 1783 2671 15.

1114 2672 1248 2702 Niebhr.
1265 2672 1296 2702 ii.
1314 2682 1344 2711 p.
1364 2671 1434 2711 365.
1450 2683 1481 2703 n.
1499 2673 1570 2713 809.

1161 2722 1176 2753 7
1209 2716 1250 2745 Ut
1279 2719 1453 2755 utrumque
1477 2716 1656 2754 plebeium]
1698 2715 1784 2746 Vide

1111 2766 1196 2795 supr.
1214 2767 1265 2787 vn.
1282 2767 1331 2795 4²·

1154 2800 1172 2829 8
1197 2799 1230 2829 O.
1247 2800 1399 2837 Alaenio]
1428 2799 1494 2829 Hic
1518 2803 1550 2830 et
1573 2798 1644 2830 infr.
1668 2799 1710 2830 ix.
1733 2798 1782 2829 26.

1111 2841 1242 2879 quidam
1271 2851 1328 2880 pro
1350 2843 1496 2879 Alaenio,
1521 2843 1711 2873 stlenenium
1738 2841 1782 2870 le-

1109 2883 1249 2922 gendum
1266 2884 1413 2921 suadent,
1430 2888 1464 2914 ut
1480 2893 1564 2922 supr.
1582 2883 1620 2914 vi.
1642 2892 1688 2922 19.
