1934 3211
383 210 466 249 256
906 206 1054 249 ΤΙΤΙ
1096 205 1278 248 LIVII

165 291 211 322 U.
228 291 266 322 C.
285 300 322 330 32
328 299 355 330 5.
383 281 519 347 parari
551 281 742 323 consules
778 281 904 322 unius
939 297 993 322 ex
1025 281 1201 338 collegio
1236 280 1474 337 proditione
1507 279 1784 336 excepissent,

164 335 205 365 A.
229 334 267 364 O
285 343 323 372 4²
331 342 359 373 7·
384 339 464 396 ipsi
483 348 896 395 praeoccupaverunt
914 339 1032 380 ferre.
1800 348 1820 379 8

167 408 212 439 U.
229 408 266 439 C.
286 417 322 447 32
308 407 357 438 6.
447 396 654 438 Consules
686 397 735 437 L.
764 396 933 452 Sergius
964 396 1144 437 Fidenas
1172 396 1338 445 iterum,
1371 394 1531 436 Hostus
1562 394 1786 435 Lucretius

165 452 204 481 A.
230 451 268 481 C.
285 450 356 489 4²6·
385 454 671 510 Tricipitinus.
736 454 857 494 Nihil
892 454 1069 509 dignum
1106 454 1224 494 dictu
1259 462 1397 494 actum
1434 453 1499 493 his
1531 452 1782 493 consulibus.

167 493 340 566 ξ’ᾗεῇῗὲῗο
388 511 531 553 Secuti
566 527 637 552 eos
676 510 867 552 consules
906 511 959 551 A.
997 510 1221 551 Cornelius
1257 509 1426 560 Cossus,
1463 510 1514 550 T.
1558 509 1786 557 Quinctius

166 577 319 608 Lucretio
385 569 559 610 Pennus
579 569 743 609 iterum.
797 568 1032 609 Veientes
1023 582 1068 607 111
1089 582 1235 622 agrum
1253 567 1497 607 Romanum
1518 567 1786 608 excursiones

166 621 256 693 3⁰8⁸·
384 626 585 667 fecerunt.
649 625 777 665 Fama
811 624 903 673 fuit,
936 624 1142 679 quosdam
1174 638 1227 663 ex
1261 623 1530 664 Fidenatium
1565 624 1784 664 iuventute

166 686 212 735 A]
230 663 269 735 gf
286 670 358 743 {3}
385 683 609 739 participes
630 683 719 722 eius
750 681 1034 738 populationis
1054 680 1206 720 fuisse:
1241 680 1511 735 cognitioque
1540 680 1630 720 eius
1650 681 1711 720 rei
1733 680 1783 721 L.

167 747 374 784 A.Cornelio‚

167 789 372 824 'thuinctio

168 831 219 862 II.
232 832 322 862 Coss.

389 740 546 795 Selgio,
569 748 610 779 et
634 739 686 786 Q.
707 738 894 787 Servilio,
913 746 955 778 et
977 737 1108 777 Mam.
1130 737 1315 778 Aemilio
1332 737 1542 792 permissa.
1599 736 1788 785 Quidam

391 797 555 838 Ostiam
576 795 762 850 lelegati,
786 795 914 850 quod,
937 810 1012 835 cur
1039 810 1114 850 per
1134 810 1204 835 eos
1225 794 1314 834 dies
1335 810 1359 834 a
1380 794 1551 835 Fidenis
1572 794 1785 844 afuissent,

387 868 535 909 parum
566 853 794 893 constabat.
860 851 1121 893 Colonorum
1158 852 1326 892 additus
1356 867 1570 901 numerus,
1602 867 1786 908 agerque

388 911 437 953 iis
458 910 568 951 bello
590 910 938 965 interemptorum
960 910 1204 965 assignatus.
1271 908 1465 950 Siccitate
1488 925 1539 950 eo
1561 925 1672 950 anno
1692 909 1787 965 plu-

385 968 538 1008 rimum
560 967 792 1008 laboratum
814 975 898 1007 est:
932 982 1011 1008 nec
1033 967 1232 1008 coelestes
1250 966 1375 1006 modo
1392 966 1618 1008 defuerunt
1638 982 1785 1022 aquae,

385 1025 458 1066 sed
484 1034 593 1065 terra
617 1040 800 1080 quoque,
824 1024 1013 1080 ingenito
1039 1024 1214 1065 humore
1244 1039 1385 1079 egens,
1408 1024 1479 1064 vix
1507 1024 1561 1065 ad
1580 1039 1787 1080 perennes

385 1082 549 1123 suffecit
566 1097 720 1123 amnes.
784 1082 987 1122 Deiectus
1004 1081 1103 1122 alibi
1120 1096 1322 1137 aquarum
1340 1081 1449 1122 circa
1462 1082 1638 1122 torridos
1651 1081 1788 1122 fontes

384 1140 446 1180 riv
448 1155 577 1195 osque
615 1149 795 1196 stragem
829 1139 896 1180 siti
928 1154 1128 1194 pecorum
1164 1139 1434 1179 morientium
1466 1138 1606 1179 dedit.
1649 1139 1785 1180 scabie
1800 1161 1820 1192 9

385 1197 465 1238 alia
489 1176 730 1253 absumptae:
764 1196 1008 1252 vulgatique
1040 1205 1237 1237 contactu
1267 1196 1312 1236 in
1342 1195 1534 1237 homines
1564 1196 1712 1246 morbi,
1745 1205 1788 1237 et

385 1257 520 1310 primo
551 1255 596 1295 in
617 1263 798 1309 agrestes
826 1254 1071 1310 ingruerant
1101 1254 1375 1310 servitiaque:
1409 1254 1506 1294 urbs
1526 1253 1719 1294 deinde
1708 1268 1788 1294 1111-

384 1311 533 1368 pletur.
597 1311 691 1353 Nec
713 1327 886 1367 corpora
871 1288 1032 1352 Umodo
1054 1311 1203 1352 affecta
1219 1311 1328 1360 tabo,
1344 1310 1418 1351 sed
1434 1311 1596 1352 animos
1617 1325 1786 1375 quoque
1804 1330 1817 1351 1

385 1369 606 1425 multiplex
635 1369 781 1425 religio
803 1377 846 1410 et
875 1369 1074 1425 pleraque
1096 1377 1282 1418 externa,
1314 1368 1492 1417 invasit3
1525 1383 1655 1409 novos
1684 1368 1820 1409 ritusz

385 1426 645 1467 sacrificandi
662 1426 930 1467 vaticinando
944 1426 1250 1467 inferentibus
1240 1441 1285 1466 1n
1306 1425 1466 1475 domos,
1485 1426 1638 1481 quibus
1659 1440 1788 1490 quae-

386 1483 469 1523 stui
502 1491 600 1523 sunt
630 1484 742 1547 capti
778 1483 1074 1548 superstitione
1111 1483 1266 1524 animi:
1311 1483 1446 1524 donec
1481 1483 1674 1539 publicus
1704 1483 1788 1524 iam
1802 1493 1820 1523 3

386 1539 524 1595 pudor
544 1540 597 1580 ad
624 1541 825 1595 primores
847 1541 1025 1581 civitatis
1052 1540 1258 1596 pervenit,
1281 1548 1500 1581 cernentes
1527 1540 1573 1581 in
1593 1540 1788 1581 omnibus

386 1597 487 1637 vicis
504 1596 748 1652 sacellisque
770 1598 990 1653 peregrina
1010 1606 1135 1652 atque
1157 1597 1323 1638 insolita
1342 1597 1507 1652 piacula
1525 1597 1639 1653 pacis
1660 1597 1789 1639 deum

388 1654 689 1709 exposcendae.
754 1654 914 1694 Datum
936 1654 1035 1694 inde
1054 1655 1271 1709 negotium
1293 1654 1509 1704 aedilibus,
1533 1663 1579 1695 ut
1600 1654 1789 1695 animad-

389 1720 614 1760 verterent,
633 1727 686 1752 ne
701 1711 787 1766 qui,
806 1711 886 1751 nisi
910 1711 1095 1751 Romani
1116 1711 1188 1760 (111,
1207 1726 1291 1751 neu
1312 1726 1397 1766 quo
1418 1711 1498 1752 alio
1516 1726 1643 1761 more,
1661 1726 1789 1767 quam

388 1769 535 1824 patrio,
558 1768 805 1809 colerentur.

449 1825 541 1867 Irae
572 1826 768 1866 adversus
801 1826 1002 1866 Veientes
1030 1825 1075 1865 in
1104 1825 1397 1879 insequentem
1422 1840 1593 1875 annum,
1620 1824 1670 1866 C.
1693 1825 1788 1867 Ser-

168 919 313 952 siccitas.

168 1319 316 1366 Externa
324 1330 373 1350 su—

168 1366 324 1401 perstitlo.

171 1830 216 1862 U.
234 1830 272 1862 C.
291 1831 362 1870 328.

171 1874 363 1946 &sgixssfiss‘
391 1883 536 1923 vilium
559 1883 753 1932 Ahalam,
778 1883 827 1923 L.
852 1883 1068 1938 Papirium
1097 1882 1384 1938 Mugillanum
1410 1882 1614 1932 consules,
1636 1883 1788 1924 dilatae

173 1940 210 1989 L]
230 1938 368 1997 Papirio'
391 1949 499 1981 sunt.
563 1940 687 1980 Tunc
705 1955 888 1995 quoque,
906 1955 959 1980 ne
977 1939 1199 1980 confestim
1220 1939 1377 1980 bellum
1398 1939 1665 1990 indiceretur,
1682 1956 1788 1981 neve

174 2000 222 2031 II.
241 2001 331 2032 Coss,

392 2097 546 2128 dissensio
577 2103 633 2128 est.
681 2098 764 2128 Lata
794 2097 855 2128 hoc
886 2107 971 2128 anno
1003 2098 1068 2135 lex,

392 2150 493 2179 quum
525 2141 566 2170 ad
598 2141 776 2171 multarum
807 2140 1068 2171 aestimationem

392 2182 582 2222 pertinuisse
604 2183 741 2219 dicatur,
757 2182 884 2213 videtur
907 2183 1006 2222 egisse
1028 2184 1068 2213 de

392 2225 601 2255 aestimandis
622 2225 762 2264 pecunia
776 2226 881 2255 bubus
897 2229 929 2255 et
946 2225 1069 2262 ovibus,

393 2277 529 2306 quorum
546 2268 651 2297 multa
668 2267 844 2298 dicebatur.
878 2267 954 2297 Vid.
968 2267 1065 2297 Dion.

393 2320 422 2340 X.
442 2318 490 2348 50.
511 2310 548 2340 A.
563 2310 650 2340 Gell.
668 2310 710 2340 xi.
727 2319 752 2339 1.
778 2310 865 2339 Plut.
879 2309 912 2339 in
927 2310 1021 2348 Popl.
1036 2314 1068 2339 et

393 2352 527 2382 Festum
553 2353 595 2382 ad
619 2362 730 2382 vocem
750 2353 932 2391 peculatus.
959 2352 1065 2382 CREV.

392 2394 431 2425 cf.
449 2404 534 2433 supr.
551 2394 594 2424 iii.
614 2404 662 2433 31.

441 2437 460 2466 8
488 2438 575 2475 Ipsi]
614 2437 652 2466 cf.
679 2436 747 2467 Cic.
776 2436 816 2466 de
844 2437 928 2475 Rep.
957 2435 988 2466 ii.
1018 2444 1067 2475 35.

391 2480 486 2509 Levis
510 2480 688 2509 aestimatio
712 2479 872 2517 pecudum
902 2479 937 2508 in
968 2479 1068 2508 multa

392 2522 459 2559 (eye
476 2521 505 2551 C'
516 2523 608 2557 Iulii,
618 2522 658 2551 P.
673 2522 806 2560 Papio-iz?
819 2521 984 2551 consulum
997 2531 1067 2550 con-

391 2565 505 2593 stituta
531 2568 586 2594 est.
633 2564 733 2593 Caius
762 2562 866 2592 Iulius
895 2566 944 2592 ter
972 2566 1070 2592 antea

394 2605 506 2635 consul
531 2605 655 2635 fuerat:
687 2604 817 2643 Papirio
841 2609 951 2635 autem
980 2615 1068 2643 prae-

394 2657 511 2676 nomen
535 2647 651 2677 falsum
681 2647 825 2676 affictum
852 2657 920 2677 esse
942 2657 994 2685 ap.
1017 2647 1067 2676 Li-

394 2688 481 2718 vium
509 2689 643 2727 Pighius
668 2689 801 2725 viderat,
829 2693 859 2719 et
891 2689 922 2718 in
954 2689 1069 2719 Caium

395 2740 468 2759 cum
500 2731 644 2760 Diodoro
675 2731 913 2762 immutaverat.
969 2731 1067 2760 Nunc

395 2771 508 2801 Cicero
526 2773 683 2804 scribitP.
697 2774 873 2812 Papirium.
892 2774 930 2804 A.
943 2774 1067 2803 Mirus.

439 2822 458 2852 9
481 2815 591 2845 S'cabie
607 2817 673 2845 alia
690 2817 875 2855 absumpta]
913 2816 952 2846 cf.
972 2815 1069 2845 Dion.

398 2854 478 2883 Exc.
498 2855 573 2885 Vat.
592 2856 644 2886 xii.
664 2867 691 2895 3.
710 2857 762 2887 ubi
783 2857 1070 2896 1110111115ψωρώδης

398 2895 522 2925 dicitur.
575 2897 756 2929 Niebuhrio
784 2900 913 2938 quidem
945 2900 1072 2929 xidetur

398 2937 460 2966 fuis
447 2947 494 2967 550
518 2942 573 2966 *iut
598 2938 628 2967 id
652 2949 751 2976 genus
773 2942 876 2970 morbi
896 2943 981 2979 quod
1007 2942 1070 2971 An-

1111 2097 1194 2137 glice
1217 2098 1360 2135 measles,
1376 2101 1432 2128 aut
1455 2097 1487 2129 id
1509 2099 1597 2138 quod
1618 2100 1790 2139 small-pom

1113 2140 1330 2179 appellamus

1160 2192 1171 2212 1
1205 2184 1305 2220 Tabo]
1345 2183 1443 2213 Hanc
1471 2193 1583 2214 vocem
1613 2183 1790 2222 aliquando

1114 2235 1171 2264 pro
1188 2226 1270 2261 tube,
1287 2226 1373 2263 quod
1396 2225 1429 2255 in
1453 2226 1546 2256 codd.
1571 2226 1716 2265 pluribus
1739 2236 1790 2256 oc-

1112 2267 1220 2304 currit,
1245 2267 1390 2306 usurpari
1418 2268 1513 2298 docet
1539 2268 1641 2298 Drak.
1666 2268 1705 2299 cf.
1728 2269 1789 2299 Ov.

1113 2310 1194 2339 Met.
1206 2320 1258 2339 xv.
1270 2308 1341 2339 626.
1361 2309 1448 2348 Virg.
1461 2310 1579 2349 Georg.
1590 2310 1630 2341 iv.
1644 2318 1714 2349 252.
1732 2310 1789 2341 Sil.

1113 2352 1188 2382 Ital.
1205 2351 1237 2380 ii.
1254 2350 1325 2390 463.

1157 2403 1172 2422 2
1197 2395 1305 2423 Novos
1328 2394 1412 2423 ritus
1433 2394 1657 2432 sacrificandi]
1687 2394 1789 2424 Vates

1114 2445 1212 2465 novos
1234 2435 1313 2465 ritus
1336 2435 1535 2465 sacrificandi
1556 2435 1737 2466 inferebant
1755 2436 1789 2466 in

1113 2478 1226 2507 domos
1256 2477 1474 2516 promittendo
1502 2481 1533 2507 et
1561 2478 1789 2517 praedicendo,

1114 2520 1211 2549 finem
1235 2519 1337 2549 morbi
1362 2519 1439 2557 fore,
1464 2519 1489 2550 si
1517 2519 1576 2550 diis
1602 2520 1790 2560 alienigines

1115 2561 1291 2591 vicinorum
1318 2563 1524 2601 populorum,
1545 2566 1577 2592 et
1603 2562 1668 2593 alio
1691 2573 1789 2602 quam

1115 2603 1218 2643 patrio
1248 2614 1337 2634 more
1367 2604 1592 2635 sacrificarent.
1641 2605 1789 2635 Eandem

1113 2656 1180 2676 rem
1205 2646 1302 2676 etiam
1328 2646 1472 2685 pluribus
1489 2646 1600 2677 Livius
1618 2650 1789 2678 exsecutus

1113 2692 1169 2719 est.
1195 2689 1233 2718 ef.
1251 2688 1321 2719 infr.
1339 2699 1414 2719 xxv,
1436 2699 1461 2719 1.
1487 2689 1602 2720 DRAK.

1158 2740 1174 2770 3
1198 2732 1381 2761 Publicus
1371 2742 1435 2760 zum
1448 2732 1571 2769 pudor]
1599 2731 1714 2761 Donec
1730 2741 1787 2770 pu-

1114 2772 1193 2803 dor'
1185 2783 1250 2802 lam
1273 2783 1330 2812 pro
1352 2773 1554 2812 republica,
1545 2783 1565 2804 1.
1582 2783 1610 2804 e.
1627 2774 1733 2812 pudor
1747 2773 1787 2803 de

1114 2815 1175 2845 hac
1192 2815 1347 2845 foeditate
1368 2815 1613 2854 superstitionis,
1630 2814 1719 2844 cuius
1734 2815 1787 2844 de-

1116 2858 1214 2887 decus
1232 2857 1295 2887 iam
1319 2858 1359 2887 ad
1383 2857 1629 2895 rempublicam,
1645 2867 1709 2885 non
1726 2856 1786 2894 pri-

1118 2904 1206 2929 xatos
1228 2900 1337 2936 modo,
1358 2899 1550 2938 pertinebat,
1568 2899 1610 2928 ad
1634 2897 1789 2936 primores

1116 2941 1261 2971 civitates
1278 2940 1422 2979 pervenit
1439 2940 1477 2970 cf.
1491 2940 1562 2970 infr.
1573 2950 1646 2970 xxv.
1665 2949 1689 2970 1.
1710 2940 1772 2971 Cn.
