1934 3211
566 231 691 272 LIB.
734 231 765 271 I.
815 231 960 272 CAP.
1001 236 1066 273 59.
1463 237 1513 276 67

122 324 167 364 in
186 322 311 364 corde
331 320 500 376 defigit:
534 321 809 377 prolapsaque
831 321 873 361 in
896 320 1060 370 vulnus,
1078 322 1327 363 moribunda
1348 325 1511 365 eccidit.

124 378 402 422 Conclamant
433 378 495 418 vir
526 388 742 434 paterque.
806 377 978 428 Brutus,
1012 378 1093 420 illis
1135 379 1250 420 luctu
1290 383 1513 436 occupatis,
1598 386 1664 424 59.

119 436 312 485 cultrum,
330 451 384 478 ex
400 435 572 477 vulnere
595 435 818 478 Lucretiae
839 445 1089 486 extractum,
1109 446 1348 478 manantem
1367 453 1512 479 cruore

117 509 215 551 prae
237 508 279 535 se
297 503 458 543 tenens,
478 493 581 535 ‘Per
601 493 740 543 hunc,’
757 493 907 550 inquit,
933 494 1227 535 ‘castissimum
1244 504 1340 536 ante
1357 495 1514 551 regiam

119 551 339 593 ‘iniuriam
364 551 611 608 sanguinem
644 551 748 602 iuro,
778 567 948 608 vosque,
971 552 1043 601 dii,
1067 560 1193 593 testes
1220 552 1339 602 facio,
1365 568 1432 594 me
1462 552 1511 594 L.

118 608 426 666 ‘Tarquinium
462 609 712 666 Superbum,
748 624 845 650 cum
878 609 1079 651 scelerata
1110 610 1290 667 coniuge
1324 620 1366 651 et
1399 611 1513 652 omni
1527 617 1718 667 'coniurati-0

117 665 382 717 ‘liberorum,
405 667 533 724 stirpe
554 667 677 718 ferro,
700 667 802 724 igni,
825 682 1077 724 quacunque
1100 667 1256 709 dehinc
1277 668 1317 708 vi
1345 668 1512 725 possim,
1526 669 1560 732 ἒξ
1577 660 1712 700 Tarqm-

87 729 461 781 7‘exsecuturum:
504 740 582 766 nec
618 725 722 776 illos,
764 741 843 766 nee
878 725 1006 767 alium
1043 740 1299 782 quemquam
1340 741 1513 782 regnare
1563 713 1631 734 um.

116 781 304 824 ‘Romae
345 784 590 839 passurum’
663 779 860 824 Cultrum
901 783 1055 825 deinde
1100 782 1313 825 Collatino
1361 784 1512 833 tradit3

114 839 213 882 inde
245 840 445 882 Lucretio
476 856 523 883 ac
555 839 738 891 Valerio,
768 841 1034 898 stupentibus
1061 841 1262 883 miraculo
1292 842 1366 892 rei,
1399 842 1512 884 unde

114 913 270 940 novum
300 898 345 939 in
377 897 498 940 Bruti
529 907 697 955 pectore
726 899 955 955 ingenium.
1020 898 1082 940 Ut
1109 908 1381 956 praeceptum
1410 909 1510 950 erat,

112 955 276 998 iurant:
310 957 472 1013 totique
505 958 557 998 ab
582 956 699 998 luctu
726 956 833 998 versi
864 957 908 997 in
936 957 1053 1007 iram,
1082 956 1275 1007 Brutum,
1306 958 1387 999 iam
1412 958 1511 1000 inde

112 1013 166 1055 ad
206 1014 537 1071 expugnandum
578 1030 755 1071 regnum
796 1024 1030 1065 vocantem,
1071 1024 1305 1071 sequuntur
1344 1015 1507 1057 ducem.

114 1070 283 1113 Elatum
297 1072 424 1114 domo
446 1072 669 1114 Lucretiae
684 1087 836 1129 corpus
857 1072 900 1113 in
916 1073 1052 1114 forum
1070 1069 1278 1123 deferunt,
1296 1074 1511 1115 concient-

111 1142 194 1185 que
220 1130 434 1180 miraculo,
461 1140 508 1172 ut
533 1131 592 1180 fit,
619 1131 679 1172 rei
708 1145 840 1172 novae
866 1139 992 1187 atque
1022 1130 1272 1187 indignitate
1294 1131 1507 1173 homines:

110 1201 186 1243 pro
216 1202 259 1230 se
291 1188 469 1245 quisque
500 1187 633 1230 scelus
664 1188 826 1245 regium
857 1203 904 1229 ac
936 1188 1020 1228 vim
1054 1198 1297 1245 queruntur.
1362 1188 1509 1232 Movet

110 1254 201 1286 tum
239 1246 368 1303 patris
402 1246 620 1296 maestitia,
654 1254 743 1287 tum
786 1245 955 1295 Brutus,
989 1247 1212 1302 castigator
1247 1246 1509 1288 lacrimarum

110 1310 237 1359 atque
270 1304 469 1345 inertium
504 1303 782 1360 querelarum,
815 1312 1056 1359 auctorque,
1089 1304 1204 1360 quod
1240 1305 1361 1353 viros,
1394 1305 1509 1361 quod

113 1359 328 1404 Romanos
359 1361 540 1411 deceret,
575 1377 689 1403 arma
721 1361 914 1418 capiendi
947 1361 1143 1402 adversus
1177 1361 1345 1403 hostilia
1374 1378 1505 1404 ausos.

111 1414 406 1460 Ferocissimus
422 1420 600 1476 quisque
617 1420 816 1460 iuvenum
838 1433 934 1460 curn
956 1419 1080 1460 armis
1096 1418 1353 1460 voluntarius
1369 1420 1504 1462 adest:

110 1490 153 1519 se
187 1476 301 1518 uitur
332 1485 375 1518 et
410 1486 550 1519 cetera
579 1477 811 1531 iuventus„
848 1471 968 1525 Inde,
1001 1475 1090 1532 pari
1121 1477 1329 1532 praesidio
1360 1476 1508 1520 relicto

112 1531 178 1575 Co
211 1535 318 1576 atiae
365 1535 418 1576 ad
458 1544 609 1591 portas,
651 1533 980 1590 custodibusque
1022 1533 1142 1584 datis,
1185 1550 1237 1576 ne
1275 1535 1368 1591 quis
1408 1550 1507 1577 eum

109 1599 268 1633 motum
282 1592 449 1648 regibus
465 1592 691 1642 nuntiaret,
709 1591 839 1633 ceteri
855 1592 1016 1641 armati,
1031 1591 1139 1633 duce
1159 1591 1305 1643 Bruto,
1324 1592 1505 1635 Romam

107 1649 293 1706 profecti.
359 1649 445 1691 Ubi
472 1665 523 1691 eo
554 1658 727 1692 ventum
758 1658 834 1699 est,
864 1665 1031 1706 quacun
1066 1665 1117 1691 ue
1150 1650 1320 1700 incedit,
1347 1661 1505 1693 armata

107 1706 333 1749 multitudo
349 1723 546 1765 pavorem
564 1723 610 1750 ac
628 1707 857 1750 tumultum
878 1707 988 1749 facit.
1035 1666 1229 1758 qRursus,
1254 1708 1326 1750 ubi
1342 1709 1503 1751 anteire

106 1765 307 1822 primores
339 1765 518 1808 civitatis
549 1766 708 1816 vident,
741 1766 947 1823 quiequid
979 1766 1044 1815 sit,
1078 1766 1193 1807 haud
1223 1775 1381 1808 temere
1414 1782 1502 1809 esse

104 1831 260 1865 rentur.
324 1823 418 1865 Nec
435 1824 641 1866 minorem
663 1834 825 1866 motum
843 1824 1079 1866 animorum
1104 1824 1264 1866 Romae
1282 1834 1367 1866 tam
1383 1834 1502 1867 atrox

105 1895 170 1923 res
193 1881 305 1931 facit,
328 1897 455 1939 quam
487 1880 693 1924 Collatiae
718 1882 884 1924 fecerat.
950 1881 1063 1939 Ergo
1091 1897 1146 1924 ex
1179 1883 1374 1924 omnibus
1401 1882 1503 1925 locis

104 1939 218 1981 urbis
238 1939 282 1981 in
303 1940 438 1982 forum
461 1940 653 1982 curritur.
719 1939 819 1989 Quo
839 1939 964 1981 simul
979 1949 1155 1982 ventum
1177 1949 1252 1991 cst,
1275 1956 1426 1998 praeco
1448 1942 1502 1983 ad

72 1997 321 2039 Stribunum
356 1996 570 2048 Celerum,
607 1998 650 2039 in
681 2013 766 2054 quo
798 2007 888 2039 tum
925 1998 1171 2055 magistratu
1201 1999 1306 2040 forte
1344 1998 1502 2041 Brutus

103 2063 204 2106 erat,
238 2055 442 2114 populum
477 2055 707 2097 advocavit.
771 2055 837 2097 Ibi
869 2056 1001 2097 oratio
1039 2055 1194 2106 habita,
1233 2072 1501 2113 nequaquam

103 2113 194 2155 eius
226 2114 406 2171 pectoris
438 2114 698 2170 intreniique,
736 2113 852 2169 quod
893 2113 1135 2155 simulatum
1171 2114 1225 2155 ad
1258 2130 1350 2155 eam
1386 2115 1499 2156 diem

102 2170 250 2222 fuerat,
273 2171 325 2213 de
358 2171 398 2212 vi
419 2186 467 2213 ac
483 2149 669 2213 libidine
695 2170 790 2213 Sex.
815 2170 1053 2227 Tarquinii,
1077 2171 1131 2212 de
1160 2180 1304 2227 stupro
1327 2172 1500 2213 infando

104 2227 328 2271 Lucretiae
360 2238 403 2271 et
427 2228 652 2271 miserabili
685 2229 827 2277 caede,
854 2228 906 2270 de
935 2229 1113 2270 orbitate
1145 2228 1259 2270 Trici
1295 2229 1401 2279 itini,
1431 2231 1496 2271 cui

103 2296 236 2329 morte
269 2287 379 2329 filiae
412 2302 537 2329 cansa
569 2287 714 2328 mortis
745 2286 959 2343 indignior
991 2301 1038 2328 ac
1075 2245 1348 2328 miserabilior
1377 2297 1496 2329 essct.

103 2344 266 2388 Addita
285 2345 480 2403 superbia
508 2345 637 2402 ipsius
658 2345 780 2401 regiS,
803 2344 991 2386 miseriae
1027 2360 1078 2386 ue
1108 2354 1150 2386 et
1171 2344 1331 2386 labores
1353 2345 1498 2401 plebis,

102 2402 145 2444 in
186 2403 313 2445 fossas
354 2403 599 2460 cloacasque
642 2402 949 2445 exhauriendas
991 2360 1217 2444 demersae.
1287 2402 1499 2444 Romanos

99 2460 304 2511 homines,
347 2461 523 2503 victores
563 2461 752 2502 omnium
793 2461 903 2502 circa
943 2460 1208 2526 populorum,
1246 2476 1270 2501 o
1303 2461 1416 2502 iflccs
1452 2476 1499 2502 ac

101 2517 301 2575 lapicidas
322 2534 397 2577 pro
419 2519 689 2561 bellatoribus
710 2519 851 2560 factos.
916 2518 1097 2575 Indigna
1125 2517 1212 2559 Ser.
1237 2476 1367 2559 Tiillii
1391 2519 1499 2575 regis

102 2587 330 2619 memorata
350 2577 511 2626 caedes,
530 2587 570 2619 et
595 2577 760 2618 invecta
776 2576 940 2633 corpori
958 2577 1084 2632 patris
1107 2575 1287 2617 nefando
1305 2576 1497 2617 vehiculo

149 2736 165 2767 7
195 2728 450 2766 Humanarum]
501 2730 702 2759 Erae-turum
735 2739 772 2758 ex
819 2739 873 2766 ges
885 2729 970 2768 apud
985 2728 1328 2768 eosl'ercndinupnls.
1361 2729 1494 2770 Quippe

99 2771 282 2802 coniectura
311 2770 473 2807 Rhenani,
498 2771 572 2801 licet
597 2772 690 2802 codd.
720 2772 772 2802 nd·
821 2781 908 2809 reges
931 2771 1034 2801 exacti
1061 2772 1129 2808 lege
1153 2772 1338 2808 tribunicia,
1360 2782 1402 2803 sc.
1426 2773 1494 2810 lego

100 2824 178 2845 vers.
196 2813 226 2844 in
244 2817 369 2843 textum
388 2813 508 2853 recepit
526 2813 666 2844 Bekker.
817 2814 903 2853 apud
933 2813 1036 2843 curin.-
1057 2825 1075 2843 n
1099 2815 1229 2844 tribuno
1247 2816 1390 2845 Veterum
1419 2816 1492 2846 lata.

141 2859 161 2887 8
188 2857 363 2887 Tribunum
377 2856 540 2893 (teter-vm]
567 2855 774 2895 Magistratus
823 2857 1022 2896 1’0n1p0n.2.
1050 2856 1090 2887 Ι).
1107 2857 1147 2887 ‹le
1164 2857 1250 2894 Uria.
1271 2857 1334 2888 Iur.
1359 2858 1492 2889 Niebhr,

100 2900 250 2935 urbanus,
266 2899 316 2929 cui
334 2908 450 2928 munus
465 2903 532 2928 emt
555 2900 709 2938 populum
731 2909 773 2929 nc.
819 2898 837 2929 i.
857 2909 886 2938 p.
905 2898 975 2939 506.
994 2900 1063 2937 5¹⁸·

99 2942 252 2983 patricios
272 2940 417 2973 curiatim
443 2941 653 2975 convocandi,
676 2945 706 2972 et
733 2941 773 2971 11--

1191 2991 1260 3026 ΡΖ
