1934 3211
200 274 244 306 U.
262 275 299 307 C.
318 285 389 315 3¹3·

197 318 238 349 A.
262 318 300 350 C.
317 329 388 359 439.

274 841 336 878 12.

200 894 244 926 U.
262 896 299 926 C.
319 906 387 934 314.

198 939 237 968 A.
263 939 299 969 C.
317 939 387 977 438.

199 982 235 1011 C.
252 981 359 1017 Furio,

199 1024 246 1054 M.
262 1023 393 1063 Papirio

199 1067 289 1097 Coss.

202 1545 245 1577 U.
263 1546 300 1577 C.
319 1554 388 1585 315.

200 1590 239 1619 A.
264 1589 300 1619 C.
318 1596 389 1628 437.

202 1632 294 1662 Proc.
313 1631 376 1661 Ge-

199 1674 305 1713 ganio,
319 1674 355 1704 L.

200 1716 353 1746 Menenio

201 1759 290 1790 Coss.

200 1835 325 1865 Fames.

416 182 497 220 238
932 180 1079 222 TITI
1116 179 1292 222 LIVII

416 286 541 327 quam
570 271 761 324 omnibus
791 271 959 314 Rutulis
987 273 1141 314 divisus
1168 282 1285 322 esset,
1307 271 1428 329 gleba
1454 271 1539 313 ulla
1558 271 1644 328 agri
1671 271 1796 328 assig-

416 338 594 371 naretur.
659 329 727 372 Sic
748 345 845 386 ager
864 330 917 371 ad
945 331 1150 372 Ardeates
1170 330 1303 371 rediit.
1366 329 1592 371 Triumviri
1612 329 1665 370 ad
1685 328 1827 371 colo-8

415 386 527 427 niam
559 387 743 429 Ardeam
775 388 1064 429 deducendam
1096 389 1221 429 creati
1253 387 1441 444 Agrippa
1472 387 1709 437 Menenius,
1742 386 1792 428 T.

418 443 604 486 Cloelius
642 445 816 495 Siculus,
851 446 912 487 M.
938 446 1145 487 Aebutius
1186 445 1300 486 Elva.
1376 445 1475 494 Qui,
1511 461 1586 502 per
1624 444 1795 485 minime

414 502 612 558 populare
634 503 907 544 ministerium
928 519 1025 559 agro
1046 503 1291 559 assignando
1312 503 1442 552 sociis,
1466 518 1590 559 quem
1617 501 1796 558 populus

417 559 632 601 Romanus
663 576 782 601 suum
814 561 1044 609 iudicasset,
1075 575 1204 616 quum
1235 560 1399 616 plebem
1430 561 1709 610 offendissent,
1741 574 1795 600 ne

414 617 661 672 primoribus
682 618 852 673 quidem
875 618 1046 658 Patrum
1067 618 1162 658 satis
1190 617 1360 673 accepti,
1384 617 1497 672 quod
1517 617 1622 657 nihil
1642 617 1795 673 gratiae

416 675 659 730 cuiusquam
681 675 898 724 dederant3
931 675 1182 724 vexationes,
1205 675 1257 715 ad
1278 674 1479 730 populum
1496 675 1576 715 iam
1598 674 1665 715 die
1686 674 1797 715 dicta

415 732 466 772 ab
488 733 673 781 tribunis,
697 732 832 772 coloni
854 732 1017 788 ascripti
1038 732 1292 773 remanendo
1316 732 1358 772 in
1386 732 1560 782 colonia,
1581 747 1707 788 quam
1736 740 1795 772 te·

416 798 519 829 stem
541 789 786 845 integritatis
808 790 1069 846 iustitiaeque
1091 790 1311 839 habebant,
1333 790 1522 831 vitavere.

472 846 561 887 Pax
593 847 706 887 domi
736 847 915 903 forisque
946 848 1024 888 fuit
1054 857 1095 889 et
1125 848 1204 889 hoc
1234 856 1276 888 et
1306 848 1550 903 insequente
1586 862 1707 896 anno,
1743 846 1793 889 C.

416 903 540 944 Furio
571 904 712 945 Pacilo
741 914 781 946 et
813 905 873 946 M.
905 906 1070 962 Papirio
1105 905 1252 946 Crasso
1283 905 1529 946 consulibus
1591 904 1715 954 Ludi,
1745 905 1796 946 ab

414 961 656 1003 decemviris
687 978 761 1018 per
790 963 1061 1004 secessionem
1092 963 1223 1019 plebis
1253 979 1277 1004 a
1306 963 1498 1004 Patribus
1529 978 1581 1003 ex
1611 971 1796 1004 senatus-

414 1019 601 1061 consulto
617 1021 714 1069 voti,
733 1036 782 1061 eo
798 1036 908 1062 anno
921 1022 1015 1062 facti
1034 1030 1140 1062 sunt.
1206 1020 1343 1062 Causa
1359 1021 1608 1062 seditionum
1624 1020 1797 1076 nequic-

415 1093 539 1133 quam
570 1094 594 1118 a
624 1077 812 1119 Poetelio
841 1079 1050 1134 quaesita:
1085 1079 1170 1134 qui,
1200 1079 1388 1119 tribunus
1416 1078 1546 1134 plebis
1570 1078 1720 1119 iterum
1748 1092 1828 1124 ea9

414 1135 501 1191 ipsa
522 1135 809 1177 denuntiando
830 1137 972 1186 factus,
996 1152 1145 1192 neque,
1168 1145 1215 1177 ut
1235 1136 1287 1177 de
1309 1136 1414 1192 agris
1431 1135 1665 1177 dividendis
1684 1135 1797 1191 plebi

412 1193 612 1234 referrent
633 1194 821 1235 consules
842 1194 894 1234 ad
915 1204 1117 1243 senatum,
1139 1194 1377 1250 pervincere
1398 1194 1555 1250 potuit:
1589 1201 1642 1243 et,
1665 1208 1796 1249 quum

414 1266 564 1306 magno
586 1252 810 1292 certamine
832 1252 1088 1301 obtinuisset,
1111 1261 1157 1292 ut
1178 1251 1492 1293 consulerentur
1518 1251 1674 1300 Patres,
1696 1266 1796 1292 con-

413 1308 549 1348 sulum
590 1324 642 1349 an
683 1310 943 1351 tribunorum
984 1309 1164 1366 placeret
1204 1310 1371 1350 comitia
1410 1308 1565 1359 haberi,
1607 1307 1796 1350 consules

415 1366 543 1406 creari
571 1366 668 1407 iussi
697 1377 815 1408 sunt:
850 1367 1112 1423 ludibrioque
1141 1377 1258 1408 erant
1279 1367 1414 1408 minae
1444 1366 1611 1416 tribuni,
1633 1366 1796 1407 denun-

416 1423 555 1464 tiantis
582 1439 623 1465 se
653 1424 861 1466 delectum
889 1426 1213 1481 impediturum3
1247 1440 1390 1481 quum,
1417 1424 1567 1480 quietis
1595 1423 1794 1473 finitimis,

416 1495 553 1536 neque
575 1481 696 1530 bello,
719 1498 855 1538 neque
877 1483 975 1524 belli
996 1492 1192 1539 apparatu
1215 1498 1318 1539 opus
1339 1491 1454 1523 esset.

476 1538 675 1594 Sequitur
695 1539 801 1580 113110
823 1541 1165 1596 tranquillitatem
1186 1556 1323 1581 rerum
1345 1555 1489 1589 annus,
1511 1538 1690 1580 Proculo
1710 1537 1797 1580 Ge-

414 1596 538 1651 ganio
561 1595 790 1646 Macerino,
814 1597 862 1638 L.
888 1598 1091 1638 Menenio
1113 1598 1274 1638 Lanato
1305 1597 1554 1646 consulibus,
1577 1595 1798 1652 multiplici

416 1653 532 1694 clade
562 1669 607 1694 ac
639 1654 822 1709 periculo
853 1655 1037 1709 insignis,
1061 1655 1344 1704 seditionibus,
1366 1655 1487 1704 fame,
1509 1669 1638 1709 regno
1666 1669 1794 1710 prope

416 1726 491 1766 per
511 1711 739 1767 largitionis
755 1711 1020 1753 dulcedinem
1044 1712 1085 1752 in
1108 1712 1286 1753 cervices
1303 1722 1484 1768 accepto.
1530 1711 1676 1752 Unum
1693 1711 1796 1751 afuit

416 1768 571 1809 bellum
603 1778 846 1810 externum:
881 1785 964 1825 quo
996 1770 1028 1810 si
1064 1778 1304 1825 aggravatae
1340 1784 1404 1810 res
1435 1776 1584 1817 essent,
1615 1768 1685 1808 vix
1716 1783 1795 1824 ope

417 1826 590 1867 deorum
617 1827 802 1867 omnium
834 1827 966 1868 resisti
996 1827 1208 1882 potuisset.
1273 1827 1462 1882 Coepere
1494 1841 1518 1866 a
1546 1826 1653 1866 fame
1674 1825 1794 1875 mala,

417 1898 490 1924 seu
519 1884 713 1925 adversus
735 1900 867 1925 annus
888 1885 1073 1941 frugibus
1093 1885 1183 1934 fuit,
1207 1900 1280 1925 seu
1301 1884 1522 1924 dulcedine
1545 1883 1795 1924 concionum

416 1950 458 1981 et
488 1942 599 1982 urbis
630 1941 792 1984 deserto
823 1957 1015 1997 agrorum
1046 1942 1187 1983 cultu:
1222 1957 1316 1982 nam
1349 1950 1573 1996 utrumque
1605 1940 1792 1981 traditur.

418 1997 473 2039 Et
494 1998 637 2040 Patres
658 1999 821 2055 plebem
844 1999 1042 2049 desidem,
1066 2009 1107 2040 et
1129 2000 1284 2040 tribuni
1311 1999 1442 2055 plebis
1469 2013 1582 2039 nunc
1605 1997 1795 2039 fraudem

415 2071 528 2096 1111110
558 2057 854 2112 negligentiam
886 2057 1103 2098 consulum
1134 2058 1392 2098 accusabant.
1454 2056 1671 2097 Postremo
1700 2069 1796 2110 per-

415 2113 558 2168 pulere
594 2114 759 2170 plebeii,
797 2115 909 2155 haud
944 2114 1187 2156 adversante
1223 2123 1380 2164 senatu,
1418 2123 1464 2155 ut
1497 2113 1545 2154 L.
1580 2112 1796 2153 Minucius

414 2172 645 2227 praefectus
676 2188 864 2213 annonae
896 2181 1126 2221 crearetur3
1159 2172 1316 2213 felicior
1341 2172 1383 2212 in
1406 2187 1454 2213 eo
1476 2170 1718 2227 magistratu
1741 2169 1795 2210 ad

414 2229 643 2270 custodiam
664 2229 864 2270 libertatis
884 2230 1059 2279 futurus,
1078 2245 1202 2286 quam
1225 2230 1276 2270 ad
1298 2229 1555 2270 curationem
1576 2227 1795 2268 ministerii

414 2286 494 2327 sui:
527 2301 765 2343 quanquam
786 2296 994 2343 postremo
1011 2303 1199 2328 annonae
1218 2302 1384 2343 quoque
1406 2286 1562 2327 levatae
1583 2284 1697 2325 haud
1716 2284 1795 2324 im-

414 2345 602 2385 meritam
634 2354 676 2385 et
705 2345 877 2400 gratiam
910 2355 951 2385 et
980 2345 1152 2400 gloriam
1185 2345 1291 2385 tulit.
1362 2343 1448 2391 Qui
1479 2357 1621 2398 quum,
1653 2341 1794 2381 multis

414 2401 523 2442 circa
551 2402 749 2443 finitimos
779 2402 954 2459 populos
984 2402 1260 2457 legationibus
1282 2410 1389 2442 terra
1413 2400 1598 2455 marique
1620 2398 1794 2454 nequic-

413 2474 537 2514 quam
560 2460 704 2509 missis,
727 2459 825 2515 (nisi
847 2459 959 2515 quod
991 2475 1042 2500 ex
1076 2459 1243 2500 Etruria
1273 2458 1385 2499 haud
1415 2458 1472 2498 ita
1501 2456 1679 2497 multum
1707 2455 1793 2496 fru-

412 2517 542 2557 menti
566 2517 785 2558 advectum
808 2517 889 2573 est)
912 2516 1073 2558 nullum
1105 2525 1363 2557 momentum
1395 2529 1583 2556 annonae
1604 2513 1789 2563 fecisset3
1808 2529 1822 2550 ι

1126 2638 1352 2677 consularium,
1378 2638 1410 2668 in
1446 2638 1560 2678 quibus
1594 2636 1792 2678 plebeiorum

1125 2682 1205 2712 ratio
1222 2681 1331 2711 haberi
1348 2684 1482 2720 poterat.
1507 2681 1621 2711 DRAK.

1177 2734 1189 2754 1
1221 2726 1327 2761 Quum
1349 2748 1355 2754 .
1373 2747 1380 2754 .
1397 2747 1404 2754 .
1422 2748 1428 2754 .
1450 2724 1575 2754 nullum
1605 2726 1793 2754 momentum

1125 2777 1273 2798 annonae
1291 2767 1437 2805 fecisset]
1475 2766 1587 2801 Quum
1614 2765 1694 2795 nihil
1721 2773 1791 2803 pro-

1125 2809 1250 2840 fecisset
1279 2810 1319 2839 ad
1350 2809 1520 2838 levandam
1546 2816 1726 2838 annonam:
1760 2809 1791 2836 et

455 2642 473 2670 8
496 2642 550 2670 Ad
572 2642 725 2671 coloniam
743 2641 899 2678 Ardeam]
941 2640 1081 2670 Ardeam

414 2682 445 2712 in
468 2693 600 2713 numero
622 2683 819 2713 coloniarum
838 2682 1025 2713 Latinarum
1049 2682 1081 2712 in

414 2726 542 2755 saeculo
560 2730 650 2755 sexto
673 2725 863 2762 invenimus,
879 2726 964 2755 unde
983 2735 1080 2764 appa-

414 2771 461 2796 ret
482 2768 647 2797 minimam
670 2772 792 2807 partem
811 2768 875 2807 agri
894 2768 1080 2798 Ardeatium

416 2808 535 2838 civibus
566 2810 722 2841 Romanis
751 2810 940 2850 assignatam
976 2810 1080 2841 fuisse.

415 2850 454 2880 cf.
474 2851 605 2881 Niebhr.
623 2853 653 2883 ii.
672 2863 702 2892 p.
720 2855 790 2892 448.

457 2902 476 2932 9
499 2894 551 2922 Ea
575 2895 661 2940 ipsa]
697 2897 751 2925 Ea
774 2897 845 2934 ipsa
871 2895 1013 2935 intelligo
1038 2895 1081 2924 le·

415 2944 485 2973 gem
503 2945 655 2973 agrariam
680 2940 711 2966 ct
735 2937 863 2967 comitia
884 2937 1081 2967 tribunorum

1125 2853 1288 2883 revolutus
1307 2852 1350 2881 ad
1370 2851 1634 2890 dispensationem
1650 2848 1791 2887 inopiae,

1126 2898 1157 2924 et
1178 2904 1215 2923 eo
1236 2893 1337 2923 redire
1360 2897 1499 2929 coactus,
1522 2895 1558 2922 ut
1580 2891 1728 2930 exiguum
1752 2889 1788 2919 il-

1126 2937 1181 2966 lud
1198 2936 1360 2971 frumenti,
1375 2935 1459 2973 quod
1476 2937 1543 2964 erat
1561 2933 1593 2964 in
1609 2933 1697 2969 urbe,
1713 2941 1788 2971 quo-
