1934 3211
582 167 708 210 LIB.
744 166 823 208 III.
871 166 1016 208 CAP.
1053 171 1118 210 72.

126 260 146 288 4
161 258 338 316 ‘gaudio
361 258 484 300 illos?
518 256 743 314 Scaptione
772 256 865 306 hoc,
888 257 1123 299 concionali
1151 259 1255 308 seni,
1279 260 1558 315 assignaturos
1573 268 1617 300 U.
1635 269 1673 301 C.
1692 278 1766 310 309·

125 300 173 377 ἐς
182 324 381 372 putarent
419 315 621 356 finitimos
659 313 867 371 populos?
920 313 1095 356 Clarum
1131 315 1209 357 hac
1245 315 1333 357 fore
1374 317 1557 372 imagine
1571 313 1611 343 A.
1636 312 1766 351 C·44-'›·

129 372 427 429 7‘Scaptium:
471 371 676 429 populum
709 372 952 413 Romanum
984 371 1322 428 quadruplatoris
1354 381 1396 414 et
1429 374 1559 414 inter-

126 430 364 486 8‘cept0ris
389 429 473 471 litis
501 429 662 471 alienae
691 444 913 486 personam
944 429 1153 470 laturum:
1188 445 1315 486 quem
1337 430 1451 471 enim
1477 430 1558 472 hoc

125 502 146 534 9
160 492 172 510 ‘
183 487 367 543 privatae
389 487 450 528 rei
466 486 650 528 iudicem
670 487 829 536 fecisse,
844 495 891 527 ut
911 486 990 527 sibi
1007 487 1379 528 controversiosam
1394 487 1560 528 adiudi-

1472 173 1554 211 223

160 549 299 586 ‘caret
328 545 452 586 rem?
487 544 703 600 Scaptium
734 545 871 600 ipsum
901 543 946 584 id
977 543 1164 599 quidem,
1191 545 1269 585 etsi
1300 545 1559 600 praemortui

160 601 269 642 ‘iam
308 601 362 643 sit
397 602 582 658 pudoris,
624 617 710 643 non
750 602 970 642 facturum.

975 601 985 618 '
1046 601 1165 643 Haec
1207 601 1413 651 consules,
1455 601 1559 643 haec

157 658 306 700 Patres
326 659 630 701 vociferantur:
665 659 739 700 sed
759 658 854 715 plus
871 658 1079 714 cupiditas
1092 667 1134 700 et
1155 667 1300 701 auctor
1317 659 1560 714 cupiditatis

163 715 356 773 Scaptius
381 716 502 758 valet.

158 773 289 815 licum
310 774 456 830 populi
480 774 662 815 Romani
691 788 792 814 esse.

567 717 755 758 Vocatae
782 716 915 757 tribus
942 715 1249 766 iudicaverunt,
1279 731 1426 771 agrum
1451 717 1558 772 pub-

858 772 952 814 Nec
978 773 1178 814 abnuitur
1205 773 1264 814 ita
1283 770 1423 822 fuisse,
1446 773 1480 814 si
1505 773 1560 814 ad

130 831 319 873 :iudices
350 831 452 872 alios
476 832 581 872 itum
607 830 735 872 foret:
769 845 883 871 nunc
914 829 1030 871 haud
1060 846 1158 872 sane
1186 831 1416 887 quicquam
1445 831 1558 872 bono

157 903 306 931 causae
327 888 490 930 levatur
513 888 699 930 dedecus
721 888 889 929 iudicii:
923 887 1052 943 idque
1075 903 1162 928 non
1184 888 1371 929 Aricinis
1394 887 1559 928 Ardea-

157 946 368 1002 tibusque,
398 961 525 1002 quam
551 946 745 987 Patribus
777 945 995 994 Romanis,
1024 945 1188 986 foedius
1216 955 1343 1001 atque
1370 945 1559 986 acerbius

156 1003 303 1045 visum.
368 1003 599 1059 Reliquum
623 1003 723 1043 anni
752 1003 944 1059 quietum
967 1003 1018 1043 ab
1040 1003 1210 1044 urbanis
1239 1002 1422 1044 motibus
1443 1010 1486 1043 et
1507 1002 1558 1043 ab

157 1061 343 1102 externis
364 1060 528 1102 mansit.

198 1199 219 1227 4
240 1188 428 1228 Scaptione]
457 1188 658 1218 Putarentne
681 1186 835 1217 finitimos

155 1231 296 1270 populos
311 1229 406 1260 huius
418 1230 529 1260 iudicii
545 1229 711 1259 infamiam
725 1233 757 1260 et
770 1233 834 1259 tur-

155 1272 339 1312 pitudinem
373 1273 587 1311 assignaturos
618 1272 761 1311 Scaptio,
797 1282 835 1302 ac

155 1325 219 1345 non
252 1315 360 1354 potius
393 1315 425 1344 in
459 1314 642 1345 universum
676 1314 835 1353 populum

155 1357 344 1388 Romanum
364 1367 434 1387 eam
452 1357 624 1388 reiecturus
636 1360 649 1387 Ρ
673 1358 779 1388 Cnssv.

199 1408 216 1439 5
242 1401 428 1430 C'oncionali
455 1400 541 1437 seni]
583 1399 703 1429 Forum
732 1404 834 1429 terere

155 1442 262 1479 solito,
288 1447 321 1472 et
351 1446 436 1472 totos
465 1442 533 1472 dies
562 1441 594 1471 in
627 1440 834 1471 concionibus

155 1495 360 1515 consumere:
385 1485 471 1524 quod
489 1488 556 1515 crat
573 1483 665 1513 otiosi
682 1482 833 1519 hominis,

155 1530 187 1558 et
204 1531 375 1567 propterea
391 1527 506 1566 probro
517 1526 654 1556 dabatur
666 1526 753 1564 apud
766 1525 831 1555 Ro-

155 1580 278 1600 manos
302 1569 371 1601 Cic.
388 1569 429 1599 ad
443 1570 510 1599 Att.
522 1568 541 1599 i.
558 1566 603 1599 16.
632 1568 833 1599 Concionalis

153 1613 271 1643 hirudo
285 1613 420 1648 aerarii,
436 1613 551 1642 misera
570 1622 608 1641 ac
631 1612 742 1641 ieiuna
764 1611 830 1649 ple—

155 1655 276 1686 becula.
303 1654 379 1685 Vid.
397 1654 540 1685 Gronov.
557 1654 597 1684 de
615 1654 736 1684 Pecun.
755 1652 830 1684 Vet.

153 1696 195 1728 iv.
234 1721 241 1728 .
265 1697 372 1728 Ciu-w.

238 1739 422 1779 Scaptium]
443 1739 575 1769 Clarum
591 1739 652 1770 huc
660 1740 737 1778 sore
752 1740 829 1769 ima-

149 1783 227 1822 ffl‘ne
252 1783 431 1822 Scaptium,
462 1781 493 1811 id
525 1786 583 1818 est,
614 1781 674 1811 hac
704 1781 831 1812 actione

153 1824 295 1855 nobilem
323 1828 355 1855 et
377 1824 535 1855 celebrem
561 1823 729 1864 Scaptium
754 1824 830 1855 fore.

154 1867 280 1898 Notum
294 1871 341 1898 est
356 1868 513 1907 imayines
525 1866 621 1897 fuisse
638 1866 759 1905 insigne
774 1877 829 1897 no-

153 1909 288 1940 bilitatis
303 1910 391 1949 apud
407 1910 582 1940 Romanos.
618 1910 718 1945 Quod
736 1909 832 1947 igitur

153 1952 271 1983 accidit
287 1951 472 1982 hominibus
487 1952 589 1986 novis,
604 1951 657 1990 qui
675 1952 716 1982 ad
733 1952 831 1982 hono-

154 2004 203 2025 res
217 1994 348 2025 admissi
365 1994 413 2024 ius
428 1994 576 2034 imaginis
591 1993 766 2033 accipiunt,
776 1998 832 2024 aut

154 2037 240 2076 quod
268 2036 429 2067 nobilibus
453 2041 527 2066 sunt
552 2036 717 2074 imagines,
740 2046 829 2075 argu-

155 2083 301 2108 mentum
334 2078 445 2117 ingens
473 2078 606 2116 gloriae,
637 2078 667 2108 id
700 2078 832 2117 Scaptio

156 2120 240 2150 lianc
255 2120 428 2156 actionem,
444 2121 533 2159 quasi
550 2125 646 2150 aucto
662 2130 739 2158 agro
756 2121 833 2159 pub-

158 2162 231 2200 lico,
255 2163 366 2193 dolent
394 2163 460 2193 sore
490 2163 531 2193 ad
565 2163 743 2201 populum:
780 2162 833 2201 qui

879 1190 988 1217 tamen
1022 1186 1092 1227 ipse
1122 1188 1264 1227 populus
1290 1188 1404 1218 eadem
1431 1186 1560 1218 actione

879 1229 1071 1260 invidiosum
1104 1231 1365 1269 quadruplatoris
1395 1234 1428 1260 et
1464 1230 1559 1261 inter-

880 1272 1019 1312 ceptoris
1036 1272 1101 1302 litis
1115 1272 1242 1303 alienae
1258 1283 1377 1302 nomen
1391 1273 1450 1303 sibi
1464 1283 1560 1312 quae-

880 1321 938 1345 rat.
987 1314 1039 1344 Ita
1055 1315 1189 1354 exponit
1205 1315 1292 1345 hunc
1310 1315 1416 1345 locum
1435 1314 1560 1345 Grono-

881 1356 961 1387 vius.
987 1357 1093 1388 Ciu-zv.

924 1406 940 1438 7
964 1400 1255 1438 Quadruplatoris]
1280 1400 1561 1439 Quadruplatores

879 1441 1039 1471 delatores
1049 1446 1139 1471 erant
1152 1440 1321 1472 criminum
1336 1442 1558 1481 publicorum:

877 1483 909 1513 in
927 1494 990 1522 qua
1006 1493 1040 1513 re
1059 1487 1206 1523 quartam
1227 1488 1352 1523 partem
1370 1493 1409 1514 ex
1427 1484 1559 1514 damna-

876 1529 983 1555 torum
1007 1526 1110 1563 bonis,
1126 1536 1206 1565 quos
1229 1526 1426 1562 detulerant,
1451 1536 1560 1556 conse-

877 1569 1067 1607 quebantur.
1123 1568 1190 1599 Alii
1218 1568 1331 1599 dicunt
1357 1569 1559 1609 quadrupla-

877 1615 958 1642 tores
974 1622 1041 1641 esse
1058 1621 1168 1641 eorum
1193 1621 1319 1641 reorum
1344 1615 1559 1648 accusatores,

877 1653 931 1692 qui
963 1653 1102 1684 convicti
1131 1653 1304 1693 quadrupli
1336 1653 1482 1683 damnari
1510 1663 1558 1683 so-

874 1697 974 1733 leant,
985 1700 1021 1726 ut
1037 1696 1128 1727 aleae
1140 1700 1201 1726 etc.
1224 1696 1263 1726 cf.
1273 1695 1432 1726 Asconius
1444 1695 1476 1726 in
1487 1695 1557 1727 Cic.

877 1738 987 1770 Divin.
1010 1739 1118 1770 Ciuzv.

919 1782 938 1812 8
963 1783 1063 1819 Quem
1086 1781 1188 1819 enim]
1219 1791 1261 1812 sc.
1286 1780 1371 1816 Quis
1397 1780 1495 1811 iudex
1522 1780 1554 1811 in

876 1824 1022 1863 privatae
1047 1823 1090 1854 rei
1115 1823 1234 1854 iudicio
1258 1823 1320 1854 hoc
1344 1833 1488 1862 unquam
1513 1823 1555 1854 se-

878 1866 946 1898 cit?

918 1918 938 1950 9
963 1910 1269 1947 Controversiosam]
1294 1909 1369 1939 Vox
1386 1907 1557 1945 rarissima,

875 1962 935 1982 nec
952 1952 1085 1982 fortasse
1101 1951 1210 1982 mendi
1228 1961 1352 1992 expers.
1394 1952 1491 1982 Certe
1508 1951 1555 1981 Si-

875 1994 990 2031 gonius
1004 1995 1143 2024 affirmat
1161 1998 1283 2024 veteres
1299 2004 1372 2024 suos
1388 1994 1485 2023 libros
1500 1993 1555 2023 ha-

877 2037 952 2066 bere
967 2041 1212 2067 controversam.
1237 2036 1345 2066 (ἷκεν.

925 2088 935 2108 1
962 2080 1052 2108 Bono
1074 2088 1191 2108 causae
1215 2079 1359 2115 levatur]
1391 2088 1433 2109 sc.
1457 2077 1554 2109 Boni-

879 2124 946 2151 tate
963 2130 1078 2150 causac
1096 2119 1198 2150 levius
1214 2118 1367 2150 redditur.
