1934 3211
389 197 474 235 414
910 190 1058 233 TITI
1095 190 1275 233 LIVII

175 293 220 325 U.
237 292 275 324 C.
294 300 366 334 397·
391 297 481 324 rem
509 296 660 324 novam
688 281 910 338 excogitat,
933 296 1018 337 qua
1044 280 1200 322 deinde
1234 279 1355 321 multi
1388 279 1520 321 nostri
1552 286 1679 335 atque
1711 287 1818 320 ‹ex-6

175 337 276 371 Ανθ·
295 343 367 376 355·
392 340 503 382 terni
533 340 816 396 imperatores,
838 347 979 380 nostra
1003 354 1172 394 quoque
1202 337 1376 394 quidam
1407 345 1555 387 aetate,
1582 336 1647 377 usi
1674 343 1783 376 sunt.

394 397 527 439 Mulis
559 405 686 437 strata
717 396 880 437 detrahi
912 397 1054 437 iubet:
1098 395 1292 451 binisque
1328 402 1492 436 tantum
1523 391 1786 435 centunculis
1803 405 1819 437 7

392 455 558 504 relictis,
588 469 800 510 agasones,
832 453 984 509 partim
1015 453 1200 508 captivis,
1231 453 1382 508 partim
1414 466 1633 508 aegrorum
1663 449 1788 491 armis

394 521 573 561 ornatos,
595 512 786 567 imponit.
850 510 930 552 His
954 510 1039 550 fere
1066 510 1178 550 mille
1204 510 1363 550 effectis
1388 519 1560 550 centum
1585 507 1789 549 admiscet

394 570 571 626 equites,
594 577 637 609 et
664 577 787 609 nocte
816 582 941 623 super
969 575 1102 607 castra
1128 567 1172 606 in
1201 576 1364 606 montes
1391 566 1581 615 evadere,
1604 580 1652 606 ac
1677 563 1789 605 silvis

395 643 438 669 se
470 626 678 668 occultare
710 625 852 665 iubet:
886 639 1025 679 neque
1057 623 1156 663 inde
1191 631 1286 663 ante
1320 623 1491 671 moveri,
1515 638 1641 678 quam
1669 622 1720 663 ab
1745 636 1788 662 se

396 685 634 740 acciperent
655 682 833 737 signum.
886 680 995 736 Ipse,
1018 680 1091 720 ubi
1112 679 1263 728 illuxit,
1286 679 1331 719 in
1351 679 1560 720 radicibus
1581 680 1790 720 montium

397 740 625 782 extendere
658 739 791 779 aciem
824 737 963 793 coepit
994 736 1153 786 sedulo,
1187 744 1235 777 ut
1267 736 1463 777 adversus
1495 745 1659 778 montes
1690 752 1791 778 con-

396 799 560 839 sisteret
580 796 719 836 hostis.
763 794 975 835 Instructo
991 794 1087 835 vani
1109 793 1276 834 terroris
1297 802 1510 850 apparatU,
1529 794 1603 850 qui
1619 794 1793 850 quidem

398 864 529 895 terror
549 853 642 909 plus
663 867 797 909 paene
818 852 925 893 veris
946 852 1102 892 viribus
1122 851 1291 907 profuit,
1313 851 1451 907 primo
1472 851 1641 892 credere
1664 851 1792 893 duces

400 911 633 960 Gallorum,
656 925 743 951 non
764 909 1036 950 descensuros
1065 909 1111 949 in
1141 924 1324 964 aequum
1350 909 1565 950 Romanos
1580 925 1591 958 ;
1623 908 1790 958 deinde,

398 969 471 1010 ubi
492 968 706 1024 degressos
736 976 909 1023 repente
931 967 1140 1015 viderunt,
1164 975 1207 1007 et
1231 966 1310 1023 ipsi
1340 966 1451 1007 avidi
1479 966 1718 1008 certaminis
1748 966 1794 1007 in

398 1026 606 1083 proelium
645 1033 798 1066 ruunt:
847 1025 1047 1080 priusque
1088 1039 1232 1080 pugna
1270 1024 1421 1080 coepit,
1460 1039 1587 1080 quam
1627 1024 1794 1080 signum

249 1085 314 1124 15.
400 1085 452 1125 ab
473 1083 651 1124 ducibus
672 1083 852 1123 daretur.
897 1082 1050 1123 Acrius
1071 1082 1259 1122 invasere
1284 1080 1397 1122 Galli
1419 1081 1616 1122 dextrum
1636 1096 1791 1123 cornu:

182 1142 360 1190 prosarium,
400 1156 539 1197 neque
567 1140 762 1181 sustineri
789 1140 1036 1196 potuissent,
1058 1139 1104 1179 ni
1123 1138 1228 1179 forte
1250 1153 1300 1179 eo
1324 1138 1417 1180 loco
1439 1139 1616 1180 dictator
1634 1139 1792 1188 fuisset,

182 1194 387 1259 fflr⁰gffiiuff
404 1197 499 1240 Sex.
535 1197 726 1239 Tullium
770 1197 942 1238 nomine
988 1197 1210 1252 increpans
1254 1196 1549 1252 rogitansque:
1599 1202 1611 1220 ‘
1629 1195 1793 1237 Siccine

343 1250 350 1258 ’
402 1262 688 1313 ‘pugnaturos
724 1255 877 1296 milites
912 1254 1236 1310 spopondisset?
1278 1254 1351 1295 ubi
1382 1253 1442 1294 illi
1477 1253 1678 1295 clamores
1713 1253 1797 1294 sint

401 1320 414 1338 ⁶
429 1329 543 1355 arma
563 1312 857 1369 poscentium?
884 1312 957 1352 ubi
979 1312 1116 1352 minae
1138 1311 1296 1352 iniussu
1314 1311 1574 1367 imperatoris
1592 1309 1797 1367 proelium

401 1371 636 1412 ‘inituros?
698 1370 767 1411 En
796 1370 934 1426 ipsum
969 1369 1265 1425 imperatorem
1295 1369 1405 1410 clara
1434 1383 1535 1410 voce
1565 1382 1712 1409 vocare
1743 1366 1798 1408 ad

402 1434 414 1452 ‘
429 1428 648 1484 proelium,
690 1436 734 1468 et
772 1428 832 1468 ire
873 1435 1080 1468 armatum
1119 1434 1215 1467 ante
1255 1426 1392 1482 prima
1431 1426 1559 1482 signa.
1638 1424 1796 1481 Ecquis

403 1491 677 1541 ‘sequeretur
706 1500 864 1534 eorum,
895 1485 968 1540 qui
1001 1484 1127 1525 modo
1160 1484 1328 1525 ducturi
1358 1484 1541 1533 fuerint3
1573 1483 1619 1524 in
1653 1482 1796 1523 castris

403 1542 600 1590 ‘feroceS,
623 1542 667 1581 in
699 1542 785 1582 acie
809 1542 1002 1597 pavidi?'
1063 1541 1177 1582 Vera
1203 1541 1455 1582 audiebant:
1489 1541 1631 1596 itaque
1660 1547 1797 1580 tantos

401 1598 540 1656 pudor
559 1599 748 1639 stimulos
769 1599 966 1647 admovit,
986 1608 1033 1639 ut
1048 1608 1219 1640 ruerent
1236 1599 1279 1639 in
1296 1599 1481 1640 hostium
1497 1598 1591 1648 tela,
1609 1597 1798 1639 alienatis

403 1672 428 1697 a
467 1656 669 1696 memoria
706 1655 881 1710 periculi
921 1655 1081 1696 animis.
1146 1656 1230 1696 Hic
1271 1656 1406 1711 primo
1446 1656 1628 1711 impetus
1666 1668 1797 1710 prope

403 1728 546 1755 vecors
592 1713 775 1753 turbavit
816 1712 980 1752 hostes:
1029 1727 1158 1767 eques
1199 1712 1353 1753 deinde
1397 1713 1571 1752 emissus
1612 1711 1798 1752 turbatos
1828 1722 1831 1723 ’

405 1770 563 1812 avertit.
625 1768 721 1825 Ipse
751 1768 942 1817 dictator,
965 1778 1187 1824 postquam
1214 1769 1425 1810 labantem
1452 1784 1537 1809 una
1556 1776 1672 1824 parte
1693 1767 1799 1808 vidit

405 1827 550 1876 aciem,
573 1827 691 1881 signa
714 1827 759 1866 in
783 1826 948 1867 laevum
973 1841 1104 1866 cornu
1125 1825 1299 1875 confert,
1323 1841 1407 1881 quo
1428 1826 1593 1866 turbam
1614 1824 1795 1866 hostium
1811 1833 1830 1864 8

405 1884 649 1939 congregari
680 1884 907 1932 cernebat3
941 1891 983 1923 et
1013 1883 1075 1931 iis,
1104 1884 1178 1939 qui
1208 1883 1253 1923 in
1283 1892 1426 1924 monte
1458 1891 1588 1932 erant,
1617 1883 1797 1938 signum,

406 1941 521 1997 quod
552 1948 814 1989 convenerat,
838 1940 967 1981 dedit.
1032 1940 1120 1981 Ubi
1150 1940 1249 1980 inde
1281 1955 1450 1996 quoque
1481 1955 1614 1981 novus
1644 1940 1800 1980 clamor

405 2008 532 2047 ortus,
562 2005 604 2038 et
637 1997 810 2038 tendere
843 1997 1014 2052 obliquo
1046 2005 1189 2038 monte
1224 1997 1275 2037 ad
1309 2006 1442 2038 castra
1471 1997 1691 2038 Gallorum
1722 1996 1831 2042 visi'9

405 2063 529 2104 sunt,
576 2063 668 2095 tum
708 2063 837 2103 metu,
879 2068 933 2095 ne
974 2054 1311 2104 excluderentur,
1352 2055 1504 2095 omissa
1542 2069 1685 2110 pugna
1723 2061 1798 2103 est,

407 2127 614 2168 cursuque
646 2112 778 2153 effuso
811 2111 864 2152 ad
897 2119 1030 2152 castra
1058 2111 1308 2153 ferebantur.
1374 2111 1461 2153 Ubi
1491 2126 1624 2167 quum
1656 2125 1802 2152 occur-

407 2170 525 2211 risset
564 2170 614 2210 iis
650 2169 712 2210 M.
732 2168 940 2218 Valerius,
976 2169 1174 2224 magister
1214 2169 1417 2224 equitum,
1455 2169 1541 2225 qui,
1582 2168 1801 2225 profligato

407 2227 556 2268 dextro
577 2241 721 2276 cornu,
745 2227 1015 2281 obequitabat
1042 2226 1227 2267 hostium
1255 2226 1541 2276 munimentis,
1563 2226 1617 2267 ad
1637 2233 1801 2267 montes

407 2284 613 2340 silvasque
635 2291 804 2325 vertunt
823 2284 992 2339 fugam:
1025 2283 1279 2339 plurimique
1307 2284 1366 2324 ibi
1394 2298 1418 2324 a
1444 2283 1580 2324 fallaci
1607 2283 1800 2338 equitum

408 2342 545 2398 specie
577 2341 908 2397 agasonibusque
940 2341 1107 2396 excepti
1138 2349 1259 2381 sunt:
1295 2349 1337 2382 et
1364 2355 1521 2389 eorum,
1544 2353 1649 2395 quos
1672 2352 1801 2394 pavor

408 2398 637 2455 pertulerat
667 2399 711 2438 in
742 2398 875 2447 silvas,
910 2406 1028 2438 atrox
1063 2397 1212 2438 caedes
1246 2405 1339 2453 post
1374 2396 1563 2438 sedatum
1593 2395 1800 2452 proelium

191 2465 356 2507 Sulpicius
409 2456 499 2497 fuit.
583 2455 676 2497 Nec
722 2454 827 2496 alius
866 2463 960 2511 post
1002 2454 1063 2496 M.
1095 2454 1282 2503 Furium,
1324 2469 1450 2510 quam
1494 2453 1545 2495 C.
1579 2452 1800 2509 Sulpicius,

192 2510 380 2548 triumphat.
410 2513 625 2554 iustiorem
646 2512 699 2554 de
724 2511 856 2553 Gallis
877 2512 964 2567 egit
985 2511 1255 2568 triumphum.
1306 2511 1413 2552 Auri
1435 2526 1605 2567 quoque
1627 2525 1681 2552 ex
1700 2508 1802 2551 Gal-

455 2678 474 2710 6
490 2680 593 2710 Illultz'
609 2679 709 2709 nostri
723 2678 1000 2717 imperatores]
1021 2687 1047 2708 e.
1055 2687 1084 2716 g.
1129 2677 1227 2707 tellae
1249 2676 1383 2707 terendo
1406 2679 1531 2716 tergum
1553 2675 1715 2705 mularum
1735 2673 1801 2704 vul-

413 2721 538 2752 Marius
563 2722 714 2751 adversus
738 2720 903 2750 Teutonas
927 2723 1084 2759 pugnatu-
1129 2723 1286 2749 nerarent.
1308 2719 1450 2750 Smoru.
1493 2719 1670 2757 Ayasemes,
1686 2715 1740 2756 qui
1756 2715 1801 2745 iu-

412 2773 474 2794 rus.
505 2763 581 2793 Vid.
600 2762 743 2794 Frontin.
761 2762 896 2799 Strateg.
913 2762 943 2792 ii.
962 2773 991 2800 4.
1129 2764 1239 2792 menta
1254 2760 1424 2791 sarcinaria
1440 2761 1612 2791 ducebant.

457 2812 473 2841 7
496 2806 624 2842 Strata]
660 2805 691 2836 h.
716 2805 736 2835 l.
761 2804 844 2835 Sunt
870 2804 1023 2841 clitellae,
1049 2806 1085 2834 ut
1172 2804 1192 2834 8
1217 2804 1345 2841 Aciem]
1377 2813 1420 2834 sc.
1445 2801 1611 2840 Hostium,
1637 2799 1691 2841 qui
1717 2810 1737 2830 a
1762 2799 1800 2830 si-

413 2845 483 2875 infr.
504 2856 535 2875 x.
555 2856 605 2883 40.
629 2848 780 2878 detractis
802 2847 946 2878 clitellis:
971 2846 1086 2885 quibus
1130 2845 1228 2876 nistro
1244 2855 1342 2876 cornu
1358 2854 1415 2875 suo
1432 2845 1642 2875 fluctuabant.

413 2887 696 2918 substernebantur
710 2890 906 2925 centum-uli,
917 2888 950 2919 h.
963 2898 990 2918 e.
1008 2898 1085 2927 pan·
1172 2897 1191 2928 9
1216 2888 1350 2928 obliquo
1371 2887 1491 2923 monte]
1521 2883 1670 2924 obliquis
1692 2884 1799 2914 trami-

414 2928 447 2958 ni
464 2937 503 2958 ex
516 2931 651 2967 utraque
667 2933 757 2967 parte
773 2930 962 2967 pendentem,
975 2939 1014 2959 ne
1031 2930 1085 2958 cli-
1130 2929 1214 2958 tibus
1230 2939 1286 2968 per
1301 2932 1443 2958 montem
1460 2927 1638 2957 tendentes.
