1934 3211
591 179 717 222 LIB.
751 180 833 223 111.
878 180 1027 223 CAP.
1061 185 1128 223 26.
1484 187 1563 228 173

166 269 259 326 lege
279 278 464 326 agerent,
482 269 615 310 duum
636 270 845 312 mensium
866 270 1047 326 spatium
1069 272 1310 314 consulibus
1330 274 1476 316 datum
1498 285 1561 317 est
1578 285 1622 318 U.
1639 287 1677 319 C.
1695 286 1768 328 ²96·

167 327 221 369 ad
250 326 555 382 inspiciendam
585 326 747 384 legem:
780 335 840 377 ut,
875 343 1009 383 quum
1045 327 1312 370 edocuissent
1343 332 1561 387 populum,
1576 330 1617 360 A.
1641 330 1679 362 C.
1697 328 1770 370 456·

167 383 272 439 quid
301 383 458 425 fiaudis
489 383 677 425 occultae
707 384 898 435 ferretur,
921 385 1107 426 sinerent
1135 385 1290 428 deinde
1319 389 1563 443 suffragium

166 440 284 481 inire.
349 439 445 482 Hoc
467 441 674 482 intervalli
696 442 842 483 datum
873 457 937 483 res
969 443 1215 498 tranquillas
1246 443 1291 484 in
1321 446 1424 486 urbe
1450 446 1561 487 fecit.

135 496 263 538 8Nec
293 497 537 539 diuturnam
568 499 756 554 quietem
784 499 927 555 Aequi
956 499 1187 541 dederunt:
1223 501 1309 556 qui,
1332 511 1456 558 rupto
1476 502 1564 544 foe·
1579 515 1712 546 Bellum

166 554 280 604 dere,
298 555 414 611 quod
435 556 565 596 ictum
588 565 675 597 erat
697 557 834 612 priore
857 572 968 597 anno
985 572 1082 609 cum
1102 557 1318 608 Romanis,
1337 559 1562 615 imperium
1577 567 1652 587 cum
1675 599 1680 605 ,

166 611 220 652 ad
244 611 485 654 Gracchum
511 611 723 654 Cloelium
745 613 952 655 deferunt.
1017 613 1058 655 Is
1089 623 1179 656 tum
1211 615 1336 672 longe
1367 617 1563 673 princeps
1577 600 1709 639 Aeqms.

164 668 209 709 in
232 670 398 725 Aequis
418 679 517 711 erat.
583 669 777 711 Graccho
798 670 906 712 duce
928 672 973 712 in
996 671 1256 714 Lavicanum
1279 688 1438 729 agrum,
1461 675 1561 715 inde

164 726 211 767 in
232 727 535 777 Tusculanum,
559 727 700 769 hostili
721 728 991 784 populatione
1009 730 1198 779 veniunt,
1218 730 1420 787 pleniqne
1442 747 1564 788 prae-

165 782 243 826 dae
274 784 319 824 in
351 784 509 840 Algido
540 795 673 826 eastra
702 784 853 827 locant.
917 785 969 827 In
1001 802 1050 827 ea
1080 796 1213 828 castra
1237 787 1291 836 Q.
1317 788 1482 838 Fabius,
1513 789 1561 830 P.

165 839 435 891 Volumnius,
459 842 512 882 A.
537 842 791 892 Postumius,
814 842 942 899 legati
974 844 1024 884 ab
1058 843 1208 894 Roma,
1231 855 1439 887 venerunt
1459 861 1564 902 que-

166 906 277 940 stum
299 899 483 948 iniurias,
499 908 541 940 et
562 915 615 940 ex
636 899 806 941 foedere
827 916 893 941 res
914 902 1152 957 repetitum.
1208 901 1293 943 Eos
1311 903 1562 958 Aequorum

166 956 406 1012 imperator,
431 962 562 1012 ‘quae
595 957 793 998 mandata
821 957 1006 999 habeant
1032 959 1084 1000 ab
1106 969 1255 1001 senatu
1278 960 1486 1010 Romano,
1509 961 1562 1002 ad
1577 966 1692 1006 Legati

169 1014 409 1069 ‘quercum'
429 1014 547 1056 iubet
571 1013 758 1056 ‘dicerez
792 1030 835 1056 se
857 1015 937 1056 alia
957 1016 1125 1058 interim
1147 1019 1363 1058 acturum?
1423 1018 1563 1067 Quer-
1575 1009 1675 1082 ἓξὲξ

167 1085 240 1112 cus
269 1071 420 1127 ingens
450 1072 572 1113 arbor
601 1072 810 1128 praetorio
839 1073 1099 1123 imminebat,
1122 1075 1242 1116 cuius
1263 1076 1412 1116 umbra
1432 1091 1563 1133 opaca
1591 1061 1612 1091 p
1677 1075 1685 1083 '

166 1127 287 1169 sedes
315 1136 414 1170 erat.
478 1129 518 1170 T
521 1144 592 1169 um
615 1144 667 1170 ex
689 1129 836 1185 legatis
857 1146 967 1171 unus
989 1131 1145 1181 abiens,
1172 1137 1237 1173 ‘et
1258 1133 1388 1182 haec,'
1408 1133 1561 1190 inquit,

132 1201 153 1232 9
168 1190 180 1209 ‘
192 1194 351 1226 sacrata
371 1201 563 1242 quercuS‚
586 1195 630 1227 et
650 1187 854 1242 quiequid
876 1187 1052 1228 deorum
1073 1198 1148 1238 est,
1171 1189 1345 1231 audiant
1364 1190 1513 1232 foedus
1538 1207 1564 1232 a

167 1243 309 1284 ‘vobis
329 1252 524 1299 ruptum:
558 1244 794 1299 nostrisque
819 1253 861 1285 et
886 1260 999 1286 nunc
1022 1245 1203 1301 querelis
1225 1247 1375 1296 adsint,
1399 1257 1442 1289 et
1462 1263 1562 1290 mox

167 1300 340 1348 ‘armis3
374 1315 504 1356 quum
528 1300 702 1342 deornm
732 1301 1037 1358 hominumque
1060 1303 1183 1343 simul
1204 1304 1357 1345 violata
1377 1305 1468 1346 iura
1488 1321 1563 1346 ex-

168 1362 180 1381 ‘
192 1358 444 1412 sequemur.’
500 1357 680 1398 Romam
703 1367 749 1399 ut
771 1358 932 1400 rediere
955 1359 1094 1415 legati,
1118 1369 1286 1401 senatus
1306 1361 1437 1411 iussit,
1460 1362 1564 1403 alte-

165 1429 258 1455 rum
294 1414 510 1455 consulem
547 1423 692 1455 contra
727 1414 969 1457 Gracchum
1006 1416 1051 1457 in
1090 1416 1296 1472 Algidum
1330 1419 1563 1460 exercitum

165 1471 346 1520 ducere3
380 1471 498 1512 alteri
521 1471 837 1527 populationem
858 1473 1008 1513 finium
1031 1473 1282 1571 Aequorum
1304 1477 1563 1531 provinciam
1610 1518 1623 1527 ,

165 1528 296 1570 dedit.
359 1528 539 1569 Tribuni
571 1544 646 1569 suo
674 1542 789 1570 more
818 1530 1024 1586 impedire
1057 1530 1110 1572 dc
1129 1540 1293 1573 ectum:
1328 1542 1371 1574 et
1391 1533 1563 1575 forsitan

165 1586 220 1627 ad
251 1585 446 1627 ultimum
477 1585 774 1642 impedissent3
808 1587 883 1628 sed
914 1603 1046 1629 novus
1074 1589 1212 1630 subito
1234 1589 1403 1632 additus
1431 1600 1564 1633 terror

164 1651 237 1685 est.
300 1642 378 1684 Vis
402 1642 652 1684 Sabinorum
674 1644 824 1700 ingens
845 1660 975 1701 prope
1007 1645 1060 1686 ad
1087 1647 1255 1687 moenia
1276 1649 1390 1689 urbis
1411 1649 1563 1691 infesta
1646 1656 1715 1694 26.

193 1700 434 1757 opulatione
465 1701 592 1742 venit.
655 1701 831 1743 Foedati
859 1703 960 1759 agri,
988 1711 1121 1744 terror
1150 1704 1330 1746 iniectus
1360 1706 1453 1747 urbi
1484 1716 1558 1748 est.
1574 1711 1686 1758 Sabipi
1703 1712 1771 1742 bel-

162 1716 277 1804 1i'um
303 1758 422 1815 plebs
442 1759 626 1815 benigne
648 1774 763 1800 arma
783 1760 919 1816 cepit:
954 1760 1278 1802 reclamantibus
1307 1763 1458 1805 frustra
1488 1765 1562 1805 tri-
1574 1753 1738 1826 ¹r¹1²1¹r¹l¹t¹¹¹sff

161 1815 298 1866 bunis,
322 1817 463 1872 magni
485 1816 570 1858 duo
592 1817 802 1858 exercitus
823 1818 977 1873 scripti.
1033 1817 1231 1859 Alterum
1255 1819 1440 1862 Nautius
1460 1837 1562 1862 con-
1653 1819 1660 1826 ’

135 1881 226 1915 ntra
252 1873 428 1915 Sabinos
455 1873 601 1915 duxit:
638 1875 865 1931 castrisque
897 1874 951 1916 ad
983 1875 1159 1917 Eretum
1191 1877 1349 1932 positiS‚
1381 1893 1458 1934 per
1487 1894 1561 1920 ex-

162 1931 398 1988 peditiones
428 1946 587 1988 parvaS,
609 1932 858 1988 plerumque
880 1934 1097 1974 nocturnis
1125 1934 1445 1986 incursionibuS,
1470 1944 1561 1976 tan-

163 1998 249 2030 tam
279 1989 514 2030 vastitatem
546 1990 589 2030 in
624 1989 780 2030 Sabino
810 2005 908 2045 agro
939 1990 1135 2040 reddidit,
1163 2000 1222 2040 ut,
1249 1993 1476 2048 comparati
1508 1993 1561 2034 ad

163 2062 270 2096 eam,
302 2062 432 2103 prope
465 2047 610 2087 intacti
631 2047 740 2087 bello
764 2047 868 2087 lines
892 2046 1074 2101 Romani
1095 2047 1349 2089 viderentur.
1414 2050 1561 2091 Minu·
1576 2058 1742 2089 Minucius

163 2104 229 2146 cio
251 2120 388 2160 neque
413 2104 580 2144 fortuna
601 2119 678 2144 nec
700 2104 761 2143 vis
782 2103 909 2144 animi
932 2103 1079 2144 eadem
1109 2105 1153 2144 in
1183 2106 1370 2159 gerendo
1392 2108 1561 2162 negotio
1575 2102 1660 2148 male
1677 2112 1743 2174 ¹3¹¹?

163 2161 268 2202 fuit:
305 2176 415 2210 nam,
449 2176 580 2216 quum
615 2160 729 2201 haud
760 2159 903 2216 procul
940 2161 991 2201 ab
1029 2161 1146 2201 hoste
1180 2171 1314 2202 castra
1344 2164 1560 2218 posuisset,
1574 2149 1784 2226 ξξζᾞὲηὲξζ

165 2218 281 2259 nulla
302 2233 554 2274 magnopere
577 2217 694 2258 clade
725 2227 907 2273 accepta,
931 2218 1074 2258 eastris
1105 2233 1147 2259 se
1180 2219 1355 2274 pavidus
1378 2222 1560 2264 tenebat.

169 2276 298 2324 Quod
330 2275 401 2316 ubi
430 2283 646 2316 senserant
677 2275 828 2323 hostes,
861 2276 990 2316 crevit
1021 2290 1073 2316 ex
1106 2286 1222 2317 metu
1253 2276 1402 2326 alieno,
1427 2287 1473 2318 ut
1502 2280 1561 2329 fit,

165 2333 361 2374 audacia:
396 2342 451 2382 et,
470 2341 592 2373 nocte
615 2332 750 2373 adorti
771 2341 916 2381 castra,
939 2341 1160 2388 postquam
1179 2349 1325 2389 parum
1344 2335 1403 2375 vis
1420 2346 1564 2391 aperta.

164 2390 410 2447 profecerat,
426 2389 681 2431 munitiones
698 2398 863 2446 postero
879 2389 948 2430 die
966 2390 1240 2432 circumdant.
1288 2392 1410 2440 Quae
1428 2393 1563 2448 prius·-

209 2534 228 2563 8
251 2534 360 2573 Rapio
377 2535 526 2573 foedere]
563 2534 692 2564 Errnsse
720 2534 844 2566 videtur

168 2574 290 2612 Livius,
311 2576 364 2614 qui
385 2577 498 2606 foedus
522 2577 743 2606 Romanorum
770 2588 843 2608 eum

169 2617 296 2647 Volscis
306 2617 403 2647 ictum
417 2618 456 2648 ad
471 2620 600 2656 Aequos
612 2624 772 2658 spectasse
788 2631 841 2649 ex-

167 2658 298 2690 istimat.
347 2660 487 2689 Romam
509 2660 643 2690 Volscos
666 2662 705 2690 nl»
724 2662 844 2700 Aequis

166 2706 235 2731 arte
267 2711 325 2731 sua
355 2701 449 2731 solita
475 2702 696 2737 dimciamnt,
720 2704 842 2743 quippe

170 2743 320 2774 Ecetram
342 2748 440 2781 atque
461 2744 593 2773 Antium
618 2745 744 2773 Volscis
769 2757 840 2776 con-

168 2790 339 2821 cessemnt,
351 2790 385 2815 ut
402 2785 433 2815 in
450 2796 507 2815 sua
523 2786 663 2824 ipsorum
684 2792 842 2825 potestate

168 2833 285 2864 essent,
322 2832 419 2866 atque
458 2827 501 2857 itu
540 2837 596 2867 per
639 2830 843 2867 septuaginta

167 2870 285 2901 exinde
302 2880 402 2900 annos
419 2880 530 2909 pacem
552 2880 625 2900 cum
646 2870 773 2901 Volscis
793 2872 842 2902 lit-

168 2913 324 2944 toralibus
352 2912 532 2943 servabant.
571 2911 611 2943 cs.
642 2911 713 2944 infr.
747 2913 785 2946 vi.
815 2923 843 2946 2.

890 2536 1025 2567 Niebhr.
1043 2536 1073 2567 ii.
1093 2547 1121 2575 p.
1142 2546 1210 2576 254.

931 2590 950 2619 9
973 2580 1108 2609 Sacrata
1126 2580 1279 2619 quercus]
1308 2578 1407 2609 Haud
1431 2579 1497 2610 scio
1519 2591 1560 2612 an

887 2631 1023 2659 querens
1043 2621 1121 2650 haec
1141 2621 1180 2650 sit
1200 2626 1334 2655 sucrum,
1351 2622 1455 2659 qualis
1472 2624 1559 2662 apud

892 2664 1066 2698 Vascones,
1087 2663 1139 2693 ebe
1163 2663 1222 2692 ‹mk
1247 2664 1286 2701 as
1305 2665 1483 2702 (iuer-nica,
1504 2665 1558 2696 ho-

886 2704 938 2734 die
955 2706 1145 2735 celebratur.

935 2757 943 2776 ι
973 2748 1026 2777 Aa!
1052 2748 1204 2785 Eretum]
1241 2747 1408 2786 Oppidum
1440 2748 1472 2779 in
1504 2749 1562 2781 Sn-

887 2788 970 2818 hinis
1002 2789 1216 2828 propintpnnn
1251 2789 1428 2827 Nomento,
1457 2795 1489 2822 et
1519 2793 1561 2823 ud

888 2830 1030 2861 Tmcrim
1050 2831 1135 2861 xviii.
1157 2831 1238 2863 mill.
1252 2842 1334 2873 pass.
1354 2844 1374 2864 a
1396 2833 1506 2867 Roma
1529 2834 1563 2865 in

889 2873 939 2904 via
954 2873 1078 2905 Salaria
1092 2873 1202 2906 situm.
