1934 3211
214 280 258 311 U.
275 280 312 311 O.
332 289 402 319 300.

212 323 251 353 A.
275 323 402 363 (1452.

212 365 325 404 Legati

211 408 357 438 Athenas

209 450 309 487 missi,
324 451 368 480 10-

208 502 284 531 gum
302 503 407 524 eausa.

278 621 345 658 32.

211 673 254 705 U.
271 676 309 706 C.
329 685 399 714 301.

209 718 247 748 A.
272 718 310 748 C.
327 727 399 757 451.

210 760 247 790 P.
257 759 414 797 Curiatio,

210 802 283 832 Sex,
293 802 396 837 Quin-

210 844 298 874 ctilio
315 845 403 876 Coss.

209 1310 252 1339 U.
270 1309 307 1339 C.
326 1318 396 1347 30²·

208 1352 245 1381 A.
271 1352 308 1382 O.
325 1359 397 1390 450.

206 1393 412 1430 C.Menenio,

209 1436 245 1466 P.
264 1435 368 1467 Sestio

206 1478 295 1509 Coss.

434 189 514 228 180
940 186 1090 228 ΤΙΤΙ
1132 186 1311 229 LIVII

433 282 445 302 ‘
457 277 653 318 daturum
670 277 783 333 leges
796 277 1023 326 neminem,
1039 278 1118 318 nisi
1135 292 1188 318 ex
1209 277 1431 326 Patribus,
1447 277 1626 318 aiebant.
1674 276 1820 341 Quum

430 334 483 376 de
505 334 666 391 legibus
687 334 942 383 conveniret,
966 334 1018 375 de
1045 334 1174 375 latore
1204 343 1367 375 tantum
1349 334 1687 431 Adiscrepareti)
1705 333 1821 374 missi

429 391 556 457 legati
578 391 772 433 Athenas
803 391 872 447 Sp.
898 391 1139 432 Postumius
1171 391 1389 441 Albus,A
1393 389 1853 440 .Manlius,P.Su1-9

428 449 561 505 piolus
596 448 869 497 Camerinus3
903 448 1096 512 iussique
1113 448 1291 489 inclutas
1321 448 1434 503 leges
1469 448 1633 489 Solonis
1664 447 1850 488 deseri-1

426 507 538 555 bere,
555 514 598 546 et
613 506 786 546 aliarum
804 505 1005 546 Graeciae
1021 505 1251 546 civitatium
1265 505 1468 554 instituta,
1482 520 1631 554 mores,
1646 505 1820 560 iuraque

425 578 609 604 noscere.

485 620 556 660 Ab
579 620 763 660 externis
779 618 898 660 bellis
912 618 1079 673 quietus
1101 633 1235 658 annus
1251 618 1348 667 fuit3
1383 619 1563 674 quietior
1579 618 1818 673 insequens,

427 677 476 719 P.
507 676 696 717 Curiatio
718 685 760 716 et
785 675 879 716 Sex.
904 675 1138 722 Quinctilio
1155 675 1406 724 consulibus,
1424 683 1629 731 perpetuo
1651 675 1818 716 silentio

428 734 716 774 tribunorxum
751 732 865 796 quod
895 732 1031 787 primo
1062 731 1307 796 legatorum,
1337 733 1410 788 qui
1447 732 1640 773 Athenas
1670 732 1818 781 ierant,

406 783 651 845 'legumque
692 789 1009 853 peregrinarum
1046 789 1303 844 exspectatio
1339 789 1554 845 praebuit3
1598 789 1698 830 dein
1734 789 1819 830 duo

426 846 549 887 simul
590 846 698 887 mala
731 846 919 902 ingentia
959 854 1117 896 exmta,
1154 846 1283 886 fames
1323 846 1663 902 pestilentiaque,
1696 846 1850 887 foedaz

425 903 599 952 homini,
621 903 744 944 foeda
764 902 1143 959 pecor1.Vastati
1165 903 1253 958 agri
1273 911 1396 944 511111;
1430 904 1528 945 urbs
1549 903 1725 944 assiduis
1746 918 1819 944 ex-

424 960 572 1002 hausta
595 959 832 1009 funeribus;
865 959 1020 1001 multae
1048 968 1089 1000 et
1114 960 1247 1001 clarae
1276 960 1474 1016 lugubres
1501 961 1662 1001 domus.
1725 960 1819 1001 Fla-

424 1032 521 1058 men
547 1016 778 1065 Quirinalis
797 1017 883 1058 Ser.
902 1016 1126 1058 Cornelius
1147 1025 1359 1066 mortuus3
1393 1032 1526 1073 augur
1549 1017 1599 1058 C.
1617 1017 1819 1058 Horatius

424 1074 651 1116 Pulvillus:
685 1074 729 1114 in
755 1074 874 1115 0111115
898 1074 1039 1115 10011111
1073 1074 1122 1115 C.
1150 1073 1378 1115 Veturium
1403 1090 1453 1116 eo
1484 1075 1691 1130 cupidins,
1719 1075 1819 1130 quia

424 1132 645 1173 damnatus
676 1146 700 1172 a
731 1131 853 1187 plebe
890 1140 990 1180 erat,
1023 1146 1201 1187 augures
1228 1131 1379 1187 legere.
1443 1131 1640 1173 Mortuus
1671 1131 1817 1172 consul

428 1189 698 1237 Quinctilius,
722 1197 920 1244 quattuor
941 1189 1098 1229 tribuni
1123 1188 1268 1244 plebis.
1333 1188 1564 1245 Multiplici
1589 1188 1707 1229 clade
1728 1189 1816 1230 foe-

424 1246 546 1287 datus
567 1261 723 1287 annus:
759 1247 810 1287 ab
832 1246 950 1286 hoste
973 1245 1105 1286 otium
1126 1245 1216 1286 fuit.
1362 1264 1364 1266 ’

481 1302 588 1344 Inde
629 1303 820 1344 consules
859 1302 908 1344 C.
954 1302 1195 1352 Menenius,
1238 1303 1285 1344 P.
1333 1302 1492 1344 Sestius
1535 1301 1813 1358 Capitolinus.

425 1359 579 1415 Neque
605 1375 655 1400 eo
681 1375 791 1401 anno
820 1360 1047 1415 quicquam
1077 1359 1175 1401 belli
1204 1360 1368 1400 externi
1395 1360 1499 1401 fuit:
1533 1360 1648 1400 domi
1678 1368 1817 1401 motus

423 1417 515 1457 orti.
570 1416 658 1457 Iam
675 1417 887 1457 redierant
902 1417 1028 1472 legati
1043 1432 1138 1458 cum
1155 1416 1309 1457 Atticis
1325 1417 1487 1473 legibus
1504 1433 1513 1458 ε
1547 1432 1598 1458 eo
1611 1417 1815 1458 intentius

422 1473 633 1514 instabant
661 1474 831 1523 tribuni,
861 1482 908 1514 ut
934 1474 1105 1514 tandem
1131 1474 1445 1515 scribendarum
1473 1474 1616 1530 legum
1645 1474 1815 1515 initium

420 1531 552 1572 fieret.
614 1530 760 1571 Placet
790 1531 920 1571 creari
948 1531 1205 1571 decemviros
1233 1531 1321 1571 51110
1352 1531 1660 1587 provocatione,
1687 1538 1731 1571 et
1759 1542 1846 1572 1103

423 1588 516 1644 quis
557 1603 607 1628 eo
640 1602 751 1627 anno
787 1587 891 1627 alius
927 1587 1190 1641 magistiatus
1226 1596 1343 1628 esset.
1407 1588 1812 1629 Admiscerenturne

422 1644 590 1699 plebeii,
614 1644 896 1685 controversia
919 1643 1179 1698 aliquamdiu
1199 1644 1301 1684 fuit:
1335 1652 1546 1699 postremo
1567 1658 1814 1685 concessum

422 1701 628 1750 Patribus,
651 1700 776 1741 modo
793 1715 845 1740 ne
867 1699 936 1741 lex
958 1699 1076 1741 Icilia
1096 1700 1148 1740 de
1164 1699 1402 1750 Aventino,
1425 1700 1614 1756 aliaeque
1631 1708 1812 1742 sacratae
1825 1716 1845 1744 4

422 1758 535 1814 leges
557 1759 865 1813 abrogarentur.

462 1875 481 1905 9
504 1866 666 1903 Athenas]
716 1865 768 1895 De
818 1865 878 1894 1130
933 1863 1091 1903 legatione

421 1908 566 1937 Athenas
586 1907 693 1944 missa,
709 1911 740 1937 et
767 1907 806 1936 de
826 1906 948 1945 legibus
965 1906 1092 1936 Solonis

420 1949 587 1989 descriptis
609 1950 674 1979 alia
695 1948 766 1978 aliis
793 1948 1000 1987 scriptoribus
1024 1949 1091 1986 pla-

421 1995 503 2022 cent.
549 1991 663 2022 Cicero
688 1991 720 2020 in
746 1991 831 2029 Rep.
853 1990 885 2020 ii.
906 1989 955 2029 36.
973 1991 1012 2019 (10
1037 1990 1091 2020 So—

420 2034 495 2063 lone
519 2033 650 2063 omnino
680 2033 763 2069 silet,
795 2033 850 2062 sed
874 2031 907 2061 in
936 2032 1033 2071 Legg.
1060 2031 1092 2062 ii.

421 2085 470 2114 23.
497 2076 655 2114 quaedam
685 2075 871 2104 “translata
896 2074 936 2104 de
967 2073 1094 2104 Solonis

419 2118 484 2147 fere
516 2117 661 2156 legibus''
692 2120 871 2146 memorat:
911 2120 1022 2146 contra
1059 2115 1091 2145 in

420 2160 509 2189 Orat.
531 2159 551 2189 i.
577 2170 627 2197 44.
648 2160 699 2188 ius
723 2160 816 2189 civile
842 2158 1000 2188 Romanis
1024 2158 1091 2187 fon-

416 2201 503 2231 tibus
519 2202 695 2231 deductum
715 2200 832 2230 scribit.
881 2199 994 2237 Vicus,
1012 2199 1090 2229 Gib-

416 2243 542 2279 bonius,
555 2246 587 2273 et
604 2244 711 2281 plures
726 2242 780 2272 alii
797 2241 990 2281 legationem
1007 2242 1091 2271 hanc

416 2288 584 2323 respuunt,
596 2283 777 2314 Gibbonius
791 2294 863 2313 vero
876 2283 1090 2313 narrationem

416 2326 505 2357 illam
531 2328 571 2357 de
592 2327 795 2356 Hermodoro
815 2325 970 2364 Ephesio,
991 2335 1087 2363 quam

415 2378 467 2407 ap.
493 2369 562 2400 Cic.
588 2369 685 2398 Tusc.
712 2368 778 2403 Qu.
805 2378 832 2398 v.
860 2366 911 2406 36,
941 2370 973 2397 et
1002 2367 1086 2397 Plin.

418 2411 462 2441 H.
485 2411 528 2441 N.
554 2411 664 2441 xxxiv,
694 2420 740 2440 11.
765 2410 932 2446 habemus,
964 2410 1085 2447 probat.

417 2452 553 2483 Niebhr.
580 2452 612 2482 ii.
641 2463 672 2491 p.
699 2461 769 2490 30²·
796 2452 917 2490 legatos
943 2451 1087 2480 Athenas

416 2494 528 2524 missos
558 2494 654 2524 fuisse
685 2496 803 2530 censet,
834 2493 887 2531 qui
919 2494 1004 2531 leges
1031 2503 1087 2531 po-

414 2537 519 2566 liticas
532 2535 779 2566 Atheniensium
791 2539 917 2565 tantum
931 2534 1086 2564 describe-

415 2582 500 2615 rent3
526 2577 756 2608 Waehsmuth.
782 2587 813 2616 p.
840 2576 910 2617 369.
940 2576 1084 2606 medium

414 2623 502 2649 tenet
524 2630 661 2650 cursum.
708 2619 792 2648 Fieri
819 2621 923 2657 potest
948 2621 984 2647 ut
1005 2618 1085 2648 11300

414 2661 531 2700 legatio
556 2662 589 2691 in
615 2662 768 2699 Magnam
795 2660 964 2690 Graeciam
990 2659 1086 2689 missa

415 2702 465 2739 sit,
482 2707 524 2740 et,
541 2713 658 2733 nomeu
676 2702 803 2733 Solonis
822 2702 944 2741 legibus
960 2703 1085 2731 decem-

416 2742 552 2774 virorum
578 2745 711 2784 perinde
737 2748 833 2782 atque
861 2743 1086 2774 auctoritatem

416 2784 618 2823 Pythagorae
631 2786 784 2816 institutis
796 2786 926 2816 Numae
942 2788 1085 2824 praeten-

413 2825 458 2861 di,
474 2835 491 2855 e
508 2828 672 2865 republica
689 2828 789 2857 visum
807 2827 912 2858 fuerit.

462 2876 472 2895 1
503 2868 540 2896 P.
556 2869 738 2907 Sulpicius]
780 2870 980 2899 Praenomen
1011 2870 1082 2899 Ser-

413 2909 501 2937 vium
525 2918 582 2946 pro
601 2911 716 2939 Publio
739 2911 997 2940 substituendum
1018 2920 1084 2940 esse

1137 1874 1210 1894 cum
1235 1863 1364 1903 Sigonio
1388 1863 1546 1894 consentit
1571 1863 1714 1904 Pighius.
1739 1866 1811 1895 Ser-

1135 1908 1223 1936 vium
1254 1905 1380 1945 reponit
1412 1906 1554 1943 Crevier,
1585 1907 1640 1937 sed
1668 1906 1811 1938 Bekker.

1137 1958 1211 1978 cum
1229 1948 1392 1987 Kreyssig.
1409 1948 1495 1979 facit.

1180 2000 1196 2020 2
1222 1991 1429 2028 Pestilentia]
1462 1990 1573 2026 Quam
1598 2000 1655 2029 per
1679 2000 1809 2021 omnem

1139 2031 1271 2062 Italiam
1298 2032 1496 2071 divulgatam
1523 2032 1632 2062 scribit
1655 2032 1754 2064 Dion.
1777 2043 1809 2064 x.

1181 2125 1198 2155 3
1221 2118 1273 2147 Ne
1283 2117 1509 2156 quis...alius]
1527 2126 1579 2155 ap.
1591 2116 1659 2148 Cic.
1671 2117 1711 2147 de
1722 2117 1807 2156 Rep.
1844 2117 1848 2123 “

1136 2156 1168 2188 ii.
1187 2157 1236 2197 36.
1261 2158 1374 2188 “inita
1390 2158 1470 2188 ratio
1486 2162 1533 2188 est
1549 2162 1585 2188 ut
1601 2162 1633 2189 et
1650 2160 1808 2197 consules,

1135 2203 1167 2229 et
1187 2200 1306 2230 tribuni
1329 2200 1433 2239 plebis
1453 2200 1641 2239 magistratu
1663 2211 1697 2231 se
1719 2201 1807 2231 abdi-

1135 2245 1255 2279 carent,
1279 2245 1377 2280 atque
1400 2246 1437 2272 ut
1461 2242 1635 2272 decemviri
1664 2242 1808 2273 maxima

1136 2287 1294 2322 potestate
1318 2284 1386 2314 sine
1410 2284 1637 2323 provocatione
1664 2295 1806 2315 crearen-

1133 2329 1195 2362 tur,
1220 2326 1273 2364 qui
1299 2329 1331 2355 et
1361 2336 1523 2355 summum
1547 2326 1721 2365 imperium
1751 2326 1805 2357 ha-

1132 2368 1243 2397 berent
1259 2371 1290 2397 et
1306 2369 1392 2406 leges
1406 2367 1613 2397 scriberent.''

1174 2420 1193 2447 4
1215 2411 1374 2449 Aliaeque
1402 2414 1549 2439 sacratae
1578 2411 1677 2448 loyes]
1716 2411 1804 2441 “Sa-

1131 2455 1241 2481 cratae
1270 2452 1363 2490 leyes,
1393 2454 1479 2487 sunt,
1506 2451 1621 2489 quibus
1645 2451 1803 2483 sancitum

1131 2496 1190 2529 est,
1220 2492 1274 2531 qui
1305 2493 1383 2531 quid
1412 2493 1563 2523 adversus
1598 2503 1652 2523 eas
1681 2494 1804 2532 fecerit,

1132 2544 1220 2564 sacer
1239 2534 1336 2564 alicui
1357 2535 1490 2564 deorum
1515 2534 1555 2565 sit
1580 2545 1654 2565 cum
1679 2535 1804 2566 familia

1129 2576 1364 2615 pecuniaque.''
1388 2577 1511 2607 Festus.
1558 2577 1599 2606 In
1614 2577 1729 2607 harum
1744 2588 1802 2607 nu-

1128 2628 1216 2648 mero
1230 2622 1297 2648 erat
1313 2619 1366 2648 lex
1381 2618 1439 2648 illa
1451 2619 1491 2648 de
1503 2618 1640 2649 tribunis
1652 2628 1735 2658 quae
1749 2629 1802 2659 ap.

1132 2659 1230 2691 Dion.
1243 2660 1282 2691 vi.
1294 2659 1344 2700 69.
1361 2660 1523 2691 recitatur.
1548 2661 1587 2691 cf.
1598 2671 1684 2700 supr.
1700 2661 1732 2692 ii.
1751 2670 1801 2700 33.

1132 2702 1232 2737 Quod
1257 2702 1282 2732 si
1307 2702 1386 2732 haec
1408 2713 1480 2732 vera
1501 2702 1575 2739 sint,
1591 2713 1673 2741 quae
1690 2702 1802 2733 Livius

1131 2748 1248 2781 narrat,
1269 2744 1415 2782 quamvis
1439 2744 1628 2774 decemviris
1650 2745 1799 2783 rempub-

1131 2786 1227 2816 licam
1252 2786 1550 2816 administrantibus
1573 2786 1656 2817 nulli
1679 2785 1799 2816 tribuni

1128 2828 1232 2866 plebis
1255 2832 1372 2865 essent,
1396 2832 1505 2858 tamen
1530 2828 1554 2859 si
1585 2828 1681 2858 modo
1711 2817 1799 2866 plebi

1129 2869 1230 2899 visum
1257 2870 1353 2900 fuerit
1382 2870 1527 2900 tribunos
1557 2868 1667 2906 creari,
1695 2878 1797 2899 sacro-

1128 2915 1271 2941 sanctam
1288 2911 1379 2942 illam
1398 2911 1509 2942 auxilii
1529 2909 1681 2941 lationem
1699 2910 1798 2941 habu-
