1934 3211
409 156 491 193 508
920 153 1067 195 TITI
1108 152 1288 194 LIVII

194 242 236 273 U.
254 242 291 272 C.
310 250 382 280 433-
410 231 573 272 suffecti
606 230 668 272 ΛΜ.
689 231 898 273 Aemilius
931 232 1072 288 Papus
1107 233 1297 282 dictator,
1336 231 1385 273 L.
1405 231 1600 272 Valerius
1633 231 1806 272 Flaccus

192 285 229 356 ᾗ·
253 284 292 356 Ξ·
310 292 382 331 3ἶ9·
411 288 606 344 magister
633 289 837 345 equitum.
901 289 994 330 Nec
1025 305 1100 346 per
1130 305 1200 331 eos
1231 290 1400 331 comitia
1429 289 1595 330 habita:
1629 297 1683 338 et,
1707 288 1807 344 quia.

191 350 252 398 iiu's
268 336 366 399 3223
411 346 606 387 taedebat
625 346 830 402 populum
859 347 1047 388 omnium
1076 348 1392 403 magistratuum
1418 347 1507 388 eius
1532 346 1645 396 anni,
1667 361 1732 387 res
1753 345 1806 386 ad

191 415 249 441 tor.
411 403 699 459 interregnum
739 403 875 445 rediit.
938 404 1173 460 Interreges
1209 405 1262 453 Q.
1286 404 1439 445 Fabius
1473 403 1702 452 Nlaximus,
1739 402 1803 443 M.

195 454 349 493 interreg-
411 459 603 501 Valerius
634 460 808 502 Corvus.
871 461 912 501 Is
937 461 1128 502 consules
1156 462 1310 502 creavit
1338 462 1391 510 Q.
1408 461 1640 502 Publilium
1661 459 1806 501 Philo-

192 506 291 568 ibn-md.
310 547 348 576 43
353 548 382 575 4·
410 532 506 557 nem
541 526 584 558 et
617 517 666 558 L.
686 518 901 574 Papirium
938 517 1165 559 Cursorem
1197 519 1362 568 iterum,
1397 518 1511 559 haud
1543 518 1672 558 dubio
1706 532 1806 558 con-

192 582 230 611 Α.
255 581 292 611 C.
312 582 382 619 318.
411 589 535 615 sensu
567 575 756 623 civitatis,
791 574 907 630 quod
942 575 1047 615 nulli
1083 590 1132 615 ea
1169 584 1413 630 tempestate
1450 575 1578 616 duces
1613 575 1806 616 clariores

192 625 235 658 Q.
248 622 390 652 Publilio
411 640 560 672 efflent·

193 666 262 695 III.
280 665 317 695 L.
330 665 390 695 Pa·
721 689 727 696 .
929 688 936 696 .
1134 689 1141 696 .
1259 689 1267 696 .
1694 689 1701 697 .

192 707 272 745 pirio
290 707 339 738 Π,
473 688 571 735 Quo
604 696 731 729 creati
767 696 865 729 sunt
897 688 978 738 die,
1010 704 1060 729 eo
1091 688 1169 743 (sic
1201 704 1315 729 emm
1347 689 1561 744 placuerat
1590 689 1805 743 Patribus)

191 751 280 780 Coss.
411 746 695 800 magistratum
724 745 922 794 inierunt,
945 745 1287 801 sollennibusque
1315 746 1683 787 senatusconsultis
1710 761 1805 802 per-

278 795 314 831 8·
409 801 540 850 fectis,
573 801 625 842 de
662 817 763 857 pace
799 801 995 844 Caudina
1026 803 1270 844 retulerunt.
1336 803 1392 844 Et
1422 803 1641 852 Publilius,
1674 818 1806 859 penes

408 873 535 913 quem
568 858 697 899 fasces
733 868 864 908 crant,
904 860 1014 901 ‘Dic
1052 860 1120 916 Sp.
1144 860 1363 910 Postumi,’
1396 860 1545 916 inquit.
1612 859 1700 908 Qui
1732 860 1805 901 ubi

407 916 598 965 surrexit,
636 916 785 957 eodem
826 917 897 957 illo
932 917 1064 967 vultu,
1103 933 1188 972 quo
1224 918 1300 958 sub
1336 918 1483 973 iugum
1518 917 1667 957 missus
1702 925 1803 966 erat,

193 984 349 1014 Postumii
410 978 420 995 ⁶
440 972 570 1014 Haud
602 989 695 1014 sum
727 974 921 1030 ignarus,’
954 975 1105 1030 inquit,
1150 975 1380 1024 ⁶consules,
1415 974 1683 1031 ignominiae,
1717 989 1804 1014 non

190 1027 421 1089 magnanima<
438 1030 608 1071 honoris
642 1047 767 1072 causa
798 1047 864 1072 me
896 1033 1079 1088 primum
1111 1032 1343 1073 excitatum
1374 1032 1617 1087 iussumque
1649 1031 1803 1080 dicere,

188 1073 355 1101 antenna.
411 1094 422 1111 ⁶
439 1103 524 1129 non
549 1096 750 1144 tanquam
775 1097 1022 1139 senatorem,
1045 1089 1119 1130 sed
1146 1098 1348 1145 tanquam
1376 1104 1494 1130 reum
1516 1104 1600 1144 qua
1626 1088 1805 1129 infelicis

410 1151 421 1168 ⁶
438 1145 547 1195 belli,
571 1161 656 1201 qua
675 1146 978 1202 ignominiosae
1000 1147 1124 1202 pacis.
1178 1146 1270 1202 Ego
1292 1155 1445 1196 tamen,
1469 1145 1639 1202 quando
1664 1160 1803 1201 neque

408 1208 420 1226 ⁶
436 1202 488 1243 de
520 1218 632 1244 noxa
661 1212 802 1245 nostra
831 1219 970 1259 neque
999 1204 1052 1245 de
1083 1219 1220 1260 poena
1250 1204 1460 1253 retulistis,
1483 1203 1634 1244 omissa
1657 1202 1805 1244 defen-

407 1266 419 1283 ⁶
435 1260 564 1309 sione,
588 1276 694 1316 quae
717 1276 804 1302 non
825 1261 1071 1302 difficillima
1092 1270 1200 1302 esset
1220 1261 1333 1317 apud
1354 1261 1468 1302 haud
1488 1261 1653 1316 ignaros
1673 1260 1804 1301 fortu-

407 1323 418 1341 ⁶
435 1333 584 1359 narum
605 1318 883 1359 humanarum
906 1319 1298 1375 necessitatumque,
1317 1318 1569 1360 sententiam
1590 1317 1642 1358 de
1664 1332 1727 1367 eo,
1750 1317 1803 1358 de

408 1381 417 1397 ⁶
435 1390 519 1430 quo
540 1375 751 1425 retulistis,
774 1376 918 1432 paucis
938 1392 1160 1432 peragam:
1195 1392 1302 1432 quae
1332 1375 1541 1417 sententia
1568 1374 1683 1416 testis
1710 1374 1802 1424 erit,

407 1432 607 1482 ⁶mihine,
634 1448 688 1474 an
720 1433 955 1489 legionibus
988 1434 1133 1474 vestris
1165 1434 1439 1490 pepercerim,
1467 1448 1599 1489 quum
1630 1447 1696 1473 me
1729 1447 1804 1474 seu

406 1494 417 1511 ⁶
435 1489 546 1543 turpi
587 1504 660 1529 seu
700 1491 932 1532 necessaria
970 1491 1193 1546 sponsione
1231 1491 1445 1532 obstrinxi.
1513 1490 1612 1538 Qua
1647 1498 1801 1538 tamen,

406 1550 417 1568 ⁶
433 1545 603 1600 quando
624 1546 785 1587 iniussu
813 1547 959 1603 populi
980 1549 1089 1589 facta
1109 1557 1183 1598 est,
1207 1564 1291 1589 non
1320 1556 1487 1589 tenetur
1510 1547 1692 1603 populus
1714 1546 1802 1588 Ro-

406 1608 417 1625 ⁶
433 1617 580 1643 manus
597 1618 607 1651 3
640 1618 720 1644 nec
742 1604 970 1659 quicquam
991 1620 1045 1645 ex
1070 1621 1131 1654 ea,
1154 1614 1448 1661 praeterquam
1469 1620 1643 1661 corpora
1662 1611 1804 1645 nostra

406 1659 642 1700 ‘debentur
675 1659 942 1701 Samnitibus.
1025 1661 1246 1702 Dedamur
1281 1677 1355 1717 per
1385 1662 1544 1702 fetiales
1574 1661 1680 1702 nudi
1710 1661 1802 1702 vin-

406 1722 417 1739 ⁶
435 1717 576 1772 otique
591 1733 599 1757 :
625 1717 886 1758 exsolvamus
902 1717 1104 1773 religione
1118 1718 1336 1774 populum,
1352 1719 1483 1773 siqua
1499 1718 1774 1773 obligavimus
1788 1733 1798 1766 3

406 1779 418 1797 ‘
434 1789 486 1814 ne
510 1774 613 1829 quid
634 1774 765 1814 divini
790 1774 1016 1815 humanive
1043 1775 1191 1824 obstet,
1213 1791 1297 1831 quo
1323 1775 1461 1815 minus
1487 1775 1642 1815 iustum
1663 1774 1802 1830 pium-

407 1837 517 1886 ⁶que
548 1830 600 1871 de
632 1831 795 1886 integro
828 1832 993 1872 ineatur
1025 1831 1194 1872 bellum.
1258 1831 1425 1872 Interea
1456 1831 1647 1872 eonsules
1680 1846 1801 1873 exer-

406 1894 417 1911 ⁶
434 1888 563 1928 citum
585 1888 777 1938 seribere,
800 1903 971 1938 armare,
994 1889 1173 1930 educere
1195 1889 1359 1944 plaeet3
1392 1904 1471 1929 nec
1496 1889 1611 1945 prius
1636 1888 1801 1944 ingredi

405 1951 416 1968 ⁶
433 1945 615 1986 hostium
644 1945 761 1995 fines,
784 1961 911 2001 quam
939 1946 1080 1986 onmia
1111 1946 1220 1986 iusta
1251 1946 1296 1986 in
1324 1945 1584 1987 deditionem
1616 1954 1800 1987 nostram

405 2002 616 2058 ‘perfecta
648 2010 783 2043 erunt.
846 2002 946 2051 Vos,
976 2003 1035 2043 dii
1068 2002 1335 2052 immortales,
1368 2017 1515 2058 precor
1545 2017 1799 2059 quaesoque,

405 2066 415 2082 ⁶
431 2059 462 2100 si
486 2059 601 2100 vobis
626 2075 713 2100 non
733 2060 813 2101 fuit
838 2060 966 2109 cordi,
993 2059 1062 2115 Sp.
1079 2060 1358 2110 Postumium,
1383 2060 1433 2101 T.
1450 2059 1675 2102 Veturium
1700 2075 1800 2101 con-

405 2122 415 2139 ⁶
432 2116 542 2157 sules
562 2131 659 2157 cum
685 2117 941 2158 Samnitibus
962 2132 1158 2173 prospere
1181 2117 1339 2158 bellum
1359 2132 1528 2173 gerere3
1552 2125 1594 2158 at
1608 2132 1681 2158 vos
1702 2117 1800 2158 satis

406 2180 416 2197 ⁶
432 2174 630 2223 habeatis,
653 2174 804 2215 vidisse
835 2189 911 2214 nos
939 2175 1015 2215 sub
1043 2175 1190 2230 iugum
1218 2175 1375 2224 missos,
1398 2174 1549 2215 vidisse
1575 2174 1798 2230 sponsione

405 2237 415 2254 ⁶
432 2230 577 2271 infami
593 2231 808 2286 obligatos
826 2231 967 2272 videre
990 2231 1126 2272 nudos
1142 2232 1387 2287 vinctosque
1409 2231 1598 2272 hostibus
1619 2230 1796 2280 deditos,

405 2294 416 2311 ⁶
432 2303 600 2329 omnem
622 2288 725 2329 iram
745 2288 929 2329 hostium
951 2289 1101 2329 nostris
1118 2289 1323 2344 capitibus
1339 2288 1608 2344 excipientes.
1653 2287 1798 2329 Novos

404 2345 622 2386 ‘consules
658 2346 928 2401 legionesque
964 2345 1176 2387 Romanas
1209 2346 1268 2386 ita
1299 2361 1396 2386 cum
1432 2345 1619 2386 Samnite
1652 2360 1797 2401 gerere

405 2402 600 2453 ‘bellum4
622 2402 770 2452 velitis,
808 2411 855 2443 ut
894 2402 1035 2443 omnia
1070 2412 1167 2444 ante
1202 2417 1279 2443 nos
1314 2402 1505 2444 consules
1540 2402 1649 2443 bella
1681 2410 1799 2458 gesta

405 2460 554 2500 ‘sunt'
618 2460 739 2508 Quae
781 2460 853 2500 ubi
888 2460 1009 2509 dixit,
1048 2468 1163 2501 tanta
1202 2459 1325 2500 simul
1365 2459 1588 2501 admiratio
1629 2459 1798 2500 misera-

404 2517 545 2572 tioque
577 2517 654 2557 viri
687 2517 855 2558 incessit
888 2532 1045 2566 omnes,
1075 2525 1122 2558 ut
1155 2516 1280 2558 modo
1313 2517 1383 2557 vix
1415 2517 1646 2566 crederent,
1678 2516 1796 2557 illum

451 2643 461 2663 1
488 2635 753 2675 ›S'ollemzibusque
772 2636 1073 2673 senatusconsultis]
1120 2635 1242 2672 retulit,
1263 2635 1343 2666 nihil
1368 2635 1582 2666 humanarum
1607 2645 1713 2666 rerum
1736 2635 1797 2666 sibi

406 2676 507 2706 Erant
532 2677 690 2715 quaedam
716 2678 756 2707 ad
781 2677 950 2716 religiones
981 2677 1075 2716 perti-
1122 2677 1220 2716 prius,
1236 2688 1332 2716 quain
1357 2679 1396 2708 (le
1419 2688 1471 2708 me
1494 2679 1654 2718 agendum
1675 2677 1795 2709 iudica-

404 2718 524 2754 nentia,
541 2720 580 2749 de
596 2719 711 2757 quibus
727 2720 838 2749 consul
855 2720 1075 2758 magistratum
1123 2720 1202 2750 vit.”
1225 2721 1330 2751 szv.

403 2758 504 2789 iniens
521 2771 560 2790 ex
576 2761 714 2792 sollenni
734 2772 821 2791 more
837 2765 984 2792 senatum
1001 2772 1074 2792 eon·
1163 2772 1178 2792 2
1201 2764 1306 2792 Ilaud
1319 2773 1390 2792 sum
1406 2763 1558 2802 iynarus]
1586 2762 1699 2794 Oratio
1714 2762 1794 2792 haec

403 2801 537 2831 sulebat.
564 2803 631 2833 Cic.
658 2807 729 2842 post
752 2803 890 2833 reditum
914 2805 955 2834 ad
980 2804 1072 2839 Quir.
1119 2804 1310 2842 fereReguli
1325 2804 1666 2844 sententimmapcic.
1679 2805 1718 2834 de
1729 2804 1792 2835 Off.

407 2851 451 2871 ιι.
469 2844 489 2856 “
504 2844 662 2874 Kalendis
684 2845 841 2875 Ianuariis
862 2847 898 2876 P.
917 2846 1075 2876 Lentulus
1119 2846 1162 2878 iii.
1184 2846 1232 2878 26.
1248 2848 1429 2878 adumbrat.

403 2884 524 2921 consul,
540 2885 633 2914 simul
657 2896 692 2915 ac
710 2887 748 2916 ‹le
765 2888 901 2917 sollemni
925 2888 1074 2926 religione

1818 992 1835 1012 t)
