1934 3211
604 169 731 210 LIB.
766 167 866 208 VII.
915 168 1063 209 CAP.
1098 173 1165 211 35.
1501 175 1584 216 437

179 258 280 301 illuc
310 259 429 315 signa
451 265 634 306 vertunt,
661 257 881 312 utriusque
912 257 972 298 rei
1003 258 1154 299 amissa
1183 260 1415 310 occasione,
1441 276 1582 317 neque
1598 272 1642 304 U.
1660 270 1698 303 C.
1718 281 1791 310 412.

178 314 344 371 insequi
375 313 604 364 consulem,
634 314 716 354 nisi
745 329 822 370 per
851 314 1031 355 eandem
1061 314 1227 365 vallem,
1257 316 1302 356 in
1328 332 1411 372 qua
1442 319 1582 373 paullo
1597 316 1635 346 A.
1659 316 1697 348 C·
1717 323 1790 354 340·

177 380 275 413 ante
314 371 550 413 subiectum
587 386 685 412 eum
721 371 814 412 telis
849 371 934 412 suis
974 371 1222 422 habuerant,
1259 382 1460 429 possunt3
1503 390 1582 417 nec

177 429 336 485 erigere
358 444 511 485 agmen
532 429 578 470 in
598 437 769 485 captum
790 444 917 485 super
937 444 980 471 se
1003 429 1055 470 ab
1072 429 1209 471 Decio
1227 430 1450 471 tumulum.
1497 431 1583 473 Sed

177 501 310 542 quum
338 486 400 527 ira
426 487 471 527 in
499 486 575 528 hos
606 486 750 543 magis,
774 487 848 542 qui
874 487 1085 528 fortunam
1112 487 1323 543 gerendae
1353 488 1414 529 rei
1441 488 1583 545 eripu-

176 552 309 594 erant,
333 552 423 585 tum
444 544 738 600 propinquitas
759 543 840 585 loci
861 552 988 600 atque
1011 544 1101 600 ipsa
1121 545 1310 601 paucitas
1331 545 1505 587 incitat:
1540 555 1583 588 et

175 615 291 643 nunc
312 602 573 643 circumdare
602 601 791 658 undique
818 601 970 643 collem
994 603 1165 643 armatis
1185 602 1345 653 volunt,
1368 611 1416 644 ut
1437 618 1462 644 a
1481 618 1583 645 con—

175 657 264 700 sule
297 658 482 701 Decium
512 659 824 709 intercludant3
862 675 976 701 nunc
1007 659 1119 701 viam
1149 660 1398 716 patefacere,
1430 670 1479 702 ut
1508 660 1583 702 de-

173 731 337 772 gressos
364 717 409 758 in
436 716 588 758 vallem
616 717 871 759 adoriantur.
935 716 1125 760 Incertos
1154 717 1259 774 quid
1286 727 1472 774 agerent,
1495 734 1583 760 nox

174 775 391 830 oppressit.

233 831 416 874 Decium
438 833 623 890 primum
644 849 738 890 spes
763 833 913 883 tenuit,
936 849 1033 874 cum
1061 834 1340 875 subeuntibus
1365 834 1410 875 in
1436 834 1584 876 adver-

174 904 268 930 sum
290 890 441 932 collem
463 906 514 932 ex
541 892 754 948 superiore
782 891 875 933 loco
904 907 946 932 se
975 900 1290 947 pugnaturum:
1324 891 1479 933 deinde
1508 892 1583 933 ad-

175 947 340 989 miratio
369 949 550 998 incessit,
578 949 695 1004 quod
725 964 803 990 nce
837 964 1022 1005 pugnam
1058 949 1227 999 inirent,
1258 964 1350 999 nec,
1380 949 1412 990 si
1447 950 1499 991 ab
1530 965 1581 992 eo

174 1005 350 1047 consilio
370 1006 595 1062 iniquitate
621 1005 702 1047 loci
724 1006 1048 1056 deterrerentur,
1072 1021 1197 1062 opere
1220 1022 1263 1048 se
1285 1006 1478 1063 valloque
1500 1008 1582 1048 cir-

174 1063 434 1104 cumdarent.
500 1063 611 1104 Tum
635 1064 952 1105 centurionibus
977 1064 1031 1105 ad
1056 1079 1099 1105 se
1121 1064 1291 1113 vocatis,
1327 1070 1338 1088 ‘
1358 1064 1580 1113 Quaenam

175 1119 276 1161 ‘illa
296 1121 461 1162 inscitia
482 1121 580 1162 belli
602 1136 650 1162 ac
671 1122 841 1178 pigritia
861 1122 953 1163 est?
985 1130 1057 1162 aut
1078 1137 1263 1177 quonam
1289 1122 1416 1163 modo
1438 1122 1505 1163 isti
1527 1138 1581 1164 ex

175 1182 187 1201 ‘
206 1176 406 1219 Sidicinis
425 1178 739 1235 Campanisque
763 1179 978 1220 victoriam
1001 1180 1289 1235 pepererunt?
1333 1178 1431 1220 Huc
1453 1189 1580 1236 atque

175 1235 299 1277 ‘illuc
321 1236 441 1292 signa
461 1237 633 1287 moveri,
657 1252 704 1278 ac
726 1236 853 1277 modo
875 1237 918 1277 in
941 1251 1074 1277 unum
1097 1236 1290 1286 conferri,
1308 1237 1434 1278 modo
1457 1237 1581 1278 educi

174 1293 366 1335 ‘videtis
432 1294 554 1350 Opus
582 1294 755 1350 quidem
787 1294 937 1350 incipit
968 1309 1105 1343 nemo,
1129 1309 1262 1350 quum
1291 1294 1373 1335 iam
1402 1295 1582 1336 circum-

174 1356 187 1374 ‘
203 1350 290 1392 dati
311 1351 419 1392 vallo
441 1353 704 1407 potuerimus
725 1367 825 1393 esse.
875 1351 989 1392 Tum
1010 1366 1109 1393 vero
1131 1366 1208 1392 nos
1229 1351 1384 1393 similes
1406 1352 1581 1393 istorum

175 1413 187 1433 ‘
203 1408 345 1458 simus,
387 1409 421 1449 si
463 1409 623 1450 diutius
664 1409 732 1450 hic
774 1424 998 1459 moremur,
1041 1424 1168 1465 quam
1205 1409 1476 1450 commodum
1513 1410 1578 1451 sit.

175 1467 454 1522 ‘Agitcdnm,
490 1467 547 1508 ite
580 1482 774 1517 mecum3
813 1477 872 1517 ut,
908 1467 1010 1507 dum
1044 1466 1149 1507 lucis
1182 1466 1343 1522 aliquid
1377 1475 1580 1523 superest,

175 1529 187 1548 ‘
203 1525 357 1580 quibus
385 1524 486 1566 locis
514 1525 722 1580 praesidia
749 1533 922 1580 ponant,
946 1540 1029 1580 qua
1051 1532 1192 1580 pateat
1213 1524 1312 1564 hinc
1334 1524 1485 1574 exitus,
1508 1539 1582 1566 ex-

174 1587 187 1606 ‘
202 1581 440 1638 ploremus.'
502 1582 622 1623 Haec
644 1583 785 1624 omnia
806 1581 951 1637 sagulo
975 1580 1134 1637 gregali
1157 1581 1346 1631 amictus,
1369 1581 1582 1623 centurio-

171 1639 297 1681 nibus
319 1640 419 1681 item
450 1640 773 1696 manipularium
796 1639 978 1680 militum
1001 1639 1149 1679 habitu
1171 1638 1322 1688 ductis,
1347 1654 1401 1680 ne
1426 1638 1580 1681 ducem

171 1697 392 1738 circumire
430 1697 570 1738 hostes
609 1705 818 1746 notarent,
856 1696 1134 1754 perlustravit.
1217 1696 1386 1753 Vigiliis
1422 1696 1579 1738 deinde

140 1753 396 1811 2dispositis,
431 1755 582 1796 ceteris
613 1755 809 1796 omnibus
842 1763 1040 1796 tesseram
1073 1753 1163 1795 dari
1197 1754 1340 1795 iubet:
1382 1754 1483 1795 ‘ubi
1515 1770 1580 1796 se-

140 1829 158 1861 3
173 1817 185 1837 ‘
200 1812 364 1855 eundae
384 1812 552 1868 vigiliae
581 1813 761 1853 buccina
785 1812 932 1853 datum
963 1812 1131 1867 signum
1163 1821 1284 1862 esset,
1307 1812 1456 1853 armati
1481 1827 1579 1853 cum

172 1875 185 1897 ‘
200 1869 368 1912 silentio
391 1870 446 1911 ad
466 1885 509 1911 se
531 1870 834 1911 convenirent.'
897 1870 997 1917 Quo
1019 1870 1105 1919 ubi,
1128 1869 1237 1911 sicut
1262 1869 1449 1910 edictum
1475 1879 1577 1920 erat,

1664 1699 1732 1738 35.

171 1928 288 1969 taciti
310 1936 613 1977 convenerunt,
638 1933 649 1951 ‘
664 1926 760 1968 Hoc
777 1927 1006 1976 silentium,
1025 1926 1206 1976 milites,⁷
1223 1927 1376 1983 inquit,
1400 1932 1412 1951 ‘
1425 1927 1578 1968 omisso
1592 1933 1706 1965 Oratio
1723 1933 1788 1964 De-

172 1985 371 2026 ‘militari
407 2000 590 2033 assensu,
633 1984 677 2024 in
714 1999 780 2025 me
818 1984 1032 2024 audiendo
1065 1984 1316 2024 servandum
1351 1992 1425 2025 est.

173 2042 453 2083 ‘sententiam
496 2057 632 2082 meam
674 2041 790 2081 vobis
830 2055 1046 2096 peregero,
1090 2049 1193 2088 turn,
1235 2041 1388 2095 quibus
1428 2041 1578 2082 eadem

174 2105 185 2124 ‘
202 2098 441 2156 placebunt,
465 2099 509 2139 in
530 2099 722 2139 dextram
744 2107 905 2153 partein
929 2097 1043 2138 taciti
1066 2097 1318 2138 transibitis:
1353 2113 1461 2152 quae
1483 2113 1578 2154 pars

174 2157 335 2197 ‘maior
379 2157 471 2205 erit,
514 2171 565 2196 eo
606 2156 784 2196 stabitur
823 2154 1008 2195 consilio.
1094 2153 1236 2203 Nune,
1279 2170 1387 2210 qnae
1435 2163 1576 2196 mente

175 2214 371 2271 ‘agitcm,
409 2213 563 2256 audite.
630 2213 730 2254 Non
766 2213 865 2269 fuga
897 2212 1069 2262 delato&
1107 2227 1186 2252 nee
1224 2212 1376 2253 inertia
1410 2211 1577 2254 relictos

897 2380 1017 2400 morem
1041 2369 1238 2409 descriptum
1265 2369 1327 2400 vid.
1352 2369 1439 2408 apud
1462 2369 1578 2409 Polyb.

901 2413 936 2444 vi.
957 2422 1005 2452 35.
1024 2418 1054 2443 et
1073 2413 1142 2442 fuse
1159 2411 1342 2451 expositum
1363 2422 1381 2441 a
1400 2411 1522 2451 Lipsi0‚
1538 2412 1579 2442 de

899 2456 971 2487 Mil.
994 2456 1087 2486 Rom.
1106 2466 1132 2485 v.
1150 2465 1179 2495 c).
1222 2454 1294 2484 Huc
1313 2460 1421 2484 :ruteni
1441 2459 1579 2484 tesserae

224 2382 235 2403 ι
262 2373 364 2412 Siyna
381 2395 388 2403 .
407 2395 413 2403 .
432 2396 438 2403 .
456 2373 560 2410 morlo]
591 2373 692 2411 Siqua
710 2395 717 2402 .
735 2394 743 2402 .
761 2394 768 2402 .
792 2381 850 2401 mo-

172 2416 211 2445 do
233 2416 269 2445 in
293 2426 393 2445 unum
410 2416 565 2454 conferri,
581 2414 671 2453 «primi
689 2413 852 2452 quiescere

173 2457 258 2487 intra
276 2462 379 2488 castr-a
399 2457 569 2487 statuerint
587 2456 768 2491 Samnitem
793 2467 852 2485 mo-

172 2501 212 2529 do
226 2500 331 2537 educi,
345 2499 435 2539 quasi
454 2499 549 2530 iidem
572 2504 684 2539 parent
702 2499 854 2529 invadere

175 2541 354 2573 Romanos.
378 2544 486 2574 Ciu-zv.

224 2593 240 2614 2
269 2585 448 2622 Tener-am}
489 2585 624 2615 'rossem
652 2584 779 2623 proprie
807 2588 853 2613 est

173 2626 296 2657 tabella
319 2626 447 2666 exigua,
475 2627 504 2657 in
530 2638 594 2666 qun
621 2627 854 2657 inscribebatur

174 2668 313 2709 signum,
343 2679 399 2699 seu
430 2670 612 2708 symbolum
648 2675 852 2699 nocturnum.

176 2711 226 2742 En
249 2712 308 2741 sub
329 2721 479 2741 occasum
502 2711 589 2747 solis,
605 2716 779 2749 antequam
801 2721 852 2749 pu-

174 2759 327 2784 nen-ntur
353 2753 491 2791 vigiliae,
519 2764 536 2783 n
563 2753 692 2782 tribuno
715 2754 853 2782 ‹lulmtur

175 2796 270 2826 militi
290 2795 431 2831 cnidum,
448 2795 514 2834 (cui
533 2797 573 2824 ob
591 2795 619 2824 id
640 2795 743 2834 ipsum
762 2800 851 2825 teuc-

174 2840 264 2869 rnrin
294 2849 411 2869 nomen
444 2839 528 2877 erat)
563 2848 681 2877 perque
712 2837 855 2874 ningulus

174 2881 285 2912 ordine
310 2881 493 2921 manipulos·
519 2881 715 2915 i1»nt,‹i‹m(-c
736 2880 776 2910 ml
800 2880 852 2909 tri-

174 2925 297 2956 bunum
310 2929 386 2956 ante
399 2929 527 2955 noctem
543 2924 719 2955 referretur.
753 2922 854 2955 Hunc

898 2509 961 2528 non
987 2499 1027 2528 ud
1055 2497 1177 2535 vigilius
1200 2498 1303 2527 solnm
1330 2497 1579 2533 adhibebantur,

898 2541 952 2570 sed
971 2545 1002 2571 et
1019 2541 1059 2570 ad
1078 2539 1213 2579 imperia
1226 2545 1256 2569 et
1275 2539 1429 2569 mundata
1446 2540 1579 2575 dueum,

899 2588 929 2613 et
948 2582 1104 2622 quidquid
1125 2582 1266 2622 denique
1289 2582 1407 2611 veilent
1433 2581 1580 2612 celeriter

899 2636 956 2665 per
985 2635 1114 2655 ‹unm-ni
1143 2624 1320 2654 exercitum
1355 2623 1554 2654 innotescere
1569 2635 1576 2654 t

898 2673 932 2697 ut
954 2672 1043 2707 putet
1063 2673 1131 2697 tum
1157 2678 1196 2697 ex
1222 2666 1282 2697 hnc
1308 2667 1391 2703 loco,
1407 2672 1476 2697 tuin
1493 2676 1532 2696 cx
1551 2678 1579 2699 c.

899 2710 1057 2749 sequenti.
1083 2711 1190 2739 Cum.

942 2762 958 2790 3
982 2753 1149 2782 Seu-undau-
1168 2752 1314 2790 i‘igst'litw]
1349 2751 1435 2782 Tota
1458 2762 1521 2782 nox
1546 2751 1578 2782 in

898 2799 1051 2833 qiinttunr
1072 2794 1193 2832 vigilia.-
1210 2794 1425 2831 dividefflutur,
1442 2804 1576 2833 quarum

899 2836 1061 2876 qum-libet
1080 2836 1181 2866 tribua
1199 2837 1283 2867 hori„
1299 2838 1476 2868 constabat.
1515 2837 1576 2867 ltu-

899 2890 962 2919 que
981 2879 1123 2909 net-undu
1142 2878 1248 2918 vigilia
1264 2879 1377 2920 incipit
1395 2890 1468 2911 cum
1485 2890 1577 2922 qnar-

900 2927 932 2954 tn
950 2922 1053 2954 noctis
1070 2922 1157 2954 horu.
1182 2923 1290 2955 Cum.

1490 1984 1577 2025 Ubi
1590 1977 1630 2050 tcii
1648 1977 1689 2007 ad
1705 1976 1788 2007 mili-

1605 2030 1646 2051 es.
