1934 3211
515 189 640 231 LIB.
682 188 738 230 II.
787 188 933 230 CAP.
979 193 1040 229 10.
1419 194 1471 231 83

85 278 282 337 stipendii
303 276 501 333 pendere,
520 276 553 316 si
575 275 726 316 liberos
749 275 986 317 educarent.
1051 275 1198 331 Itaque
1215 276 1317 318 haec
1335 278 1473 319 indul·
1490 293 1530 324 c,
1549 295 1585 325 (r.
1605 294 1676 333 246,-

137 337 226 379 ntia
255 335 442 383 Patrum,
472 332 626 389 asperis
653 333 920 389 postmodum
949 333 1072 374 rebus
1104 333 1147 373 iu
1178 334 1395 375 obsidione
1426 351 1472 376 ac
1487 338 1524 367 A.
1549 339 1586 368 C·
1605 337 1674 377 506-

167 408 204 444 e,
225 391 332 434 adeo
357 390 609 433 concordem
640 390 853 431 civitatem
881 391 1030 440 tenuit,
1053 400 1101 432 ut
1130 391 1293 447 regium
1317 407 1472 433 nomen

82 465 168 494 non
192 450 345 492 summi
373 449 516 504 magis,
549 463 675 504 quam
704 448 851 498 infimi,
875 448 1115 490 horrerent:
1149 463 1228 490 nec
1250 449 1473 505 quisquam

83 523 192 551 unus
221 507 341 549 malis
368 507 526 548 artibus
552 516 696 562 postea
723 515 807 547 tam
835 506 1047 562 popularis
1081 515 1201 556 esset,
1228 522 1352 562 quam
1384 516 1472 548 tum

81 568 189 609 bene
209 564 456 622 imperando
477 563 694 605 universus
714 572 881 605 senatus
901 563 990 605 fuit.

142 623 288 672 Quum
309 622 450 664 hostes
470 621 674 671 adessent,
697 636 773 678 pro
793 636 836 662 se
858 621 1035 678 quisque
1057 622 1102 662 in
1124 622 1270 663 urbem
1292 638 1344 663 ex
1366 623 1474 678 agris
1562 631 1622 668 10,

80 681 341 738 demigrant:
377 680 522 722 urbem
544 679 674 736 ipsam
696 680 889 736 saepiunt
913 679 1140 736 praesidiis.
1204 679 1303 721 Alia
1331 681 1472 730 muris,

51 739 162 782 salia
193 738 336 780 Tiberi
373 737 537 779 obiecto
572 737 824 779 videbantur
855 746 956 778 tuta.
1020 737 1134 778 Pons
1164 737 1363 779 sublicius
1394 738 1474 780 iter

80 812 214 855 paene
235 796 423 837 hostibus
444 795 584 837 dedit:
618 795 661 836 ni
684 810 792 836 unus
812 795 875 836 vir
894 795 1051 845 fuisset,
1076 794 1276 837 Horatius
1301 795 1452 838 Cocles
1460 812 1470 846 3
1487 812 1568 842 Hor.
1586 812 1691 843 Cocli-

80 855 147 912 (id
176 854 485 896 munimentum
516 852 588 894 illo
618 853 686 894 die
714 852 882 894 fortuna
912 853 1026 894 urbis
1057 852 1275 895 Romanae
1306 853 1472 910 habuit)
1485 855 1526 885 tis
1542 855 1666 885 fortitu-

81 913 168 970 qui,
185 912 347 969 positus
366 911 472 952 forte
488 911 532 951 in
549 911 725 952 statione
747 911 899 967 pontis,
918 925 1050 967 quum
1065 920 1235 968 captum
1251 912 1472 968 repentino
1485 898 1536 929 ‘³⁰’

82 971 139 1013 im
171 979 240 1012 etu
283 968 532 1019 Ianiculum,
575 976 701 1024 atque
741 968 841 1010 inde
883 969 1031 1010 citatos
1071 969 1292 1010 decurrere
1333 969 1473 1012 hostes

81 1029 122 1071 vi
155 1029 264 1077 isset,
287 1026 576 1084 trepidamque
607 1027 771 1068 turbam
797 1041 966 1068 suorum
995 1042 1109 1068 arma
1130 1027 1381 1084 ordinesque
1409 1043 1474 1070 re-

81 1086 288 1143 linquere,
329 1085 632 1142 reprehensans
676 1083 874 1140 singulos,
917 1085 1134 1134 obsistens,
1176 1086 1472 1142 obtestansque

82 1143 210 1186 deum
231 1153 273 1186 et
294 1143 514 1185 hominum
535 1142 676 1191 fidem,
694 1143 945 1183 testabatur:
981 1148 992 1166 ‘
1006 1143 1287 1199 nequicquam
1309 1143 1473 1185 deserto

51 1201 315 1259 4‘praesidio
343 1216 414 1242 eos
438 1201 594 1256 fugere.
660 1199 704 1241 Si
737 1200 956 1241 transitum
986 1209 1158 1256 pontem
1180 1216 1204 1242 a
1234 1211 1351 1257 tergo
1380 1201 1475 1243 reli—

85 1260 310 1316 ‘quissent,
334 1259 416 1299 iam
437 1257 530 1314 plus
552 1257 737 1299 hostium
758 1258 802 1298 in
830 1257 992 1299 Palatio
1016 1257 1324 1314 Capitolioque,
1348 1274 1473 1315 quam

85 1318 155 1358 ‘in
176 1316 378 1366 Ianiculo,
401 1316 499 1357 fore.
564 1314 712 1372 Itaque
742 1330 926 1365 monere,
949 1315 1201 1372 praedicere,
1225 1325 1271 1357 ut
1303 1326 1474 1372 pontem

86 1375 232 1425 ‘ferro,
274 1374 373 1431 igni,
423 1389 674 1430 quacunque
716 1373 756 1413 vi
797 1383 977 1429 possent,
1021 1373 1340 1429 interrumpant.
1421 1373 1474 1416 Sc

86 1433 318 1489 ‘impetum
350 1431 547 1481 hostium,
580 1440 785 1487 quantum
820 1445 992 1487 corpore
1027 1446 1112 1471 uno
1148 1440 1286 1487 posset
1317 1431 1474 1481 obsisti,

85 1490 413 1547 ‘excepturum'
472 1488 603 1530 Vadit
631 1488 730 1529 inde
752 1488 796 1528 in
823 1488 1006 1544 primum
1027 1487 1189 1529 aditum
1214 1489 1375 1545 pontis:
1411 1489 1474 1530 in-

84 1548 296 1605 signisque
318 1548 427 1589 inter
447 1555 671 1603 conspecta
690 1545 932 1587 cedentium
954 1561 1120 1602 pugnae
1143 1554 1270 1603 terga,
1293 1547 1476 1589 obversis

83 1606 274 1648 cominus
294 1604 347 1647 ad
368 1604 601 1646 ineundum
623 1603 830 1660 proelium
851 1603 988 1653 armis,
1011 1605 1101 1660 ipso
1126 1604 1326 1646 miraculo
1347 1605 1476 1646 auda-

0 1687 1 1696 *
54 1675 72 1706 5
85 1664 172 1706 ciae
189 1663 465 1720 obstupefecit
481 1661 630 1704 hostes.
694 1661 815 1703 Duos
829 1670 970 1703 tamen
991 1677 1087 1703 cum
1109 1677 1159 1703 eo
1175 1663 1312 1719 pudor
1325 1663 1474 1713 tenuit,

87 1720 157 1780 Sp.
181 1721 373 1763 Lartium
393 1736 441 1762 ac
463 1719 513 1761 T.
539 1719 824 1769 Herminium,
847 1719 990 1761 ambos
1010 1719 1142 1762 claros
1161 1735 1316 1777 genere
1337 1720 1476 1762 factis-

85 1794 180 1836 que.
244 1777 358 1821 Cum
379 1778 443 1820 his
464 1778 641 1835 primam
663 1777 839 1834 periculi
859 1777 1097 1834 procellam,
1121 1787 1163 1820 et
1183 1779 1299 1836 quod
1320 1779 1476 1821 tumul—

86 1837 367 1880 tuosissimum
395 1851 559 1894 pugnae
591 1844 692 1885 erat,
719 1850 944 1892 parumper
971 1836 1190 1878 sustinuit:
1224 1836 1379 1878 deinde
1405 1852 1476 1878 eos

84 1910 253 1952 quoque
274 1895 396 1952 ipsos,
419 1894 572 1951 exigua
592 1902 708 1950 parte
730 1893 870 1951 pontis
897 1893 1054 1945 relicta,
1076 1895 1379 1946 revocantibus,
1402 1895 1476 1951 qui

84 1952 392 2002 rescindebant,
415 1952 564 1994 cedere
587 1952 631 1992 in
657 1960 795 1993 tutum
824 1951 971 2008 coegit.
1037 1950 1351 1994 Circumferens
1376 1952 1475 1994 inde

85 2019 224 2053 truces
262 2010 482 2052 minaciter
517 2009 659 2051 oculos
699 2009 753 2050 ad
800 2024 991 2065 proceres
1034 2009 1319 2059 Etruscorum,
1362 2026 1475 2052 nunc

84 2068 269 2126 singulos
288 2083 526 2125 provocare,
548 2082 661 2108 nunc
678 2067 893 2123 increpare
916 2082 1075 2117 omnes,
1099 2073 1110 2091 ‘
1127 2067 1307 2109 Servitia
1328 2083 1474 2124 regum

87 2127 398 2183 ‘superborum‚
420 2141 517 2166 suae
534 2124 737 2166 libertatis
759 2124 1036 2174 immemores,
1059 2124 1236 2166 alienam
1260 2141 1476 2182 oppugna-

88 2190 204 2226 ‘tum
225 2184 391 2225 venire!
454 2182 654 2225 Cunctati
675 2181 933 2238 aliquamdiu
953 2192 1063 2232 smit,
1085 2182 1186 2223 dum
1209 2182 1313 2224 alius
1334 2183 1475 2232 alium,

88 2250 134 2284 ut
155 2240 359 2299 proelium
385 2241 601 2297 incipiant,
624 2240 995 2296 circumspectant:
1031 2240 1166 2296 pudor
1186 2240 1340 2282 deinde
1362 2256 1476 2282 com-

87 2299 218 2341 movit
237 2299 383 2348 aciem,
406 2308 461 2348 ct,
484 2298 662 2339 clamore
684 2297 859 2345 sublato,
884 2297 1071 2354 undiquc
1094 2299 1135 2338 iu
1161 2314 1289 2339 unum
1314 2299 1474 2340 hostem

88 2356 171 2400 tela
197 2357 436 2399 coniiciunt.
503 2355 623 2405 Quae
646 2371 776 2412 quum
807 2356 848 2396 in
871 2356 1036 2397 obiecto
1063 2366 1215 2398 cuncta
1235 2366 1351 2398 scuto
1381 2357 1477 2398 bac—

88 2415 248 2466 sissent,
264 2431 401 2472 neque
420 2414 488 2455 illc
507 2414 644 2455 minus
657 2414 889 2455 obstinatus
906 2414 1066 2470 ingenti
1084 2423 1256 2470 pontem
1271 2415 1478 2456 obtineret

90 2473 234 2529 gradu,
273 2473 353 2515 iam
390 2473 549 2529 impetu
591 2472 850 2513 conabantur
885 2471 1108 2513 detrudere
1146 2472 1303 2517 virum:
1346 2490 1356 2511 ‹
1378 2488 1477 2514 uum

91 2529 214 2571 simul
233 2530 370 2588 fragor
389 2530 499 2587 rupti
523 2529 673 2586 pontis,
695 2529 818 2571 simul
839 2529 993 2571 clamor
1018 2529 1317 2579 Romanorum,
1335 2489 1479 2571 alacri-

96 2596 179 2628 tate
200 2588 372 2644 perfecti
395 2588 531 2644 operis
564 2587 762 2634 sublatus,
786 2602 935 2643 pnvorc
965 2587 1101 2628 subito
1134 2588 1335 2644 impetum
1358 2588 1479 2629 susti-

137 2710 154 2742 3
180 2702 266 2731 l'mu
281 2702 447 2739 sublicius]
477 2703 517 2732 cf.
535 2702 553 2731 i.
572 2711 620 2740 33.
808 2701 885 2730 roret
908 2699 1058 2730 transitus
1082 2699 1233 2730 hostibus.
1261 2700 1330 2731 infr.
1348 2700 1410 2731 xxi.
1430 2710 1478 2740 32.

137 2757 154 2783 4
182 2745 365 2774 Transieram
380 2745 523 2784 pontem]
551 2744 569 2774 i.
586 2755 613 2774 c.
633 2749 761 2783 pontem
808 2747 828 2759 ⁶*
841 2743 1007 2773 transitum
1025 2753 1062 2771 cn
1080 2753 1142 2773 nun
1158 2745 1259 2773 emt-2·
1282 2744 1422 2774 Suum«.

95 2797 150 2827 per
163 2797 257 2827 quem
271 2786 478 2822 transiissent,
490 2786 667 2825 composita
679 2786 763 2816 enim
853 2795 870 2824 5
889 2787 977 2815 Duos
992 2786 1114 2823 tumen]
1133 2785 1282 2823 Singulos
1293 2796 1331 2816 cx
1349 2786 1480 2825 singulis

95 2829 179 2861 verbi
191 2831 237 2860 ire
249 2829 407 2859 interdum
421 2828 543 2868 piuuive
553 2828 764 2868 accipiuntur.
809 2827 953 2858 tribubus
967 2832 1104 2867 patrum.
1114 2839 1156 2858 uc.
1169 2827 1313 2861 Lartium
1327 2839 1366 2859 cx
1382 2829 1478 2860 Rum-

93 2872 165 2904 infr.
183 2872 246 2903 xxi.
265 2881 314 2911 43.
340 2871 426 2902 xxiii.
445 2873 494 2902 2⁸.
543 2871 647 2901 Poma
667 2870 763 2900 ctinm
811 2870 971 2905 nem-ibus,
990 2870 1194 2901 Herminium
1216 2882 1255 2901 cx
1273 2870 1480 2912 Titiensibus,

94 2914 268 2956 explicare,
283 2916 309 2944 ni
330 2919 455 2955 pontem
479 2925 498 2942 a
519 2918 606 2952 trryn
625 2912 764 2952 reliquis-
814 2913 984 2944 nomnium
1001 2923 1039 2943 cx
1060 2912 1242 2945 Luc-eribus.

94 2963 164 2989 nent
187 2958 368 2991 transitum,
390 2968 431 2987 nc.
450 2957 603 2989 hminum,
628 2957 645 2986 i.
665 2968 692 2986 υ.
712 2956 765 2994 qni

1178 3004 1250 3039 02
