1934 3211
521 167 648 210 LIB.
681 164 805 207 VIII.
854 166 998 207 CAP.
1033 172 1072 209 8.
1412 172 1494 213 457

105 258 274 315 ignarus
292 257 366 299 fati
386 255 616 310 futurique,
638 253 728 295 laus
748 268 802 294 an
822 266 961 309 poena
980 255 1130 296 merita
1153 266 1273 306 esset,
1307 263 1318 281 ‘
1338 257 1399 299 Ut
1428 273 1496 300 me
1512 274 1555 306 υ,
1573 275 1610 306 C.
1629 284 1701 315 415·

105 315 276 364 omnes,'
302 312 453 368 inquit,
493 317 651 367 ‘pater,
681 319 754 352 tuo
783 310 987 367 sanguine
1019 321 1158 353 ortum
1193 328 1289 354 vere
1326 314 1495 364 ferrent,
1511 318 1550 349 A.
1575 318 1612 349 C.
1631 327 1703 358 337-

106 378 380 476 “provocatus
397 368 607 424 equestria
619 367 723 409 haee
737 367 869 424 spolia
881 377 1004 424 capta
1017 384 1069 410 cx
1083 368 1202 410 hoste
1217 385 1336 411 caeso
1350 373 1497 427 porto.’

152 427 237 470 uod
264 426 337 467 ubi
364 425 524 467 audivit
551 424 711 474 consul,
734 424 962 481 extemplo,
985 425 1119 467 filium
1149 436 1372 477 aversatuS,
1398 443 1498 469 con-
1511 442 1539 472 A
1556 447 1647 482 patre
1663 453 1708 473 se-

103 484 268 525 cionem
284 482 454 525 classico
471 482 662 523 advocari
679 482 807 523 iussit.
847 481 969 530 Quae
983 483 1055 524 ubi
1071 483 1269 539 frequens
1286 485 1496 533 convenit,
1511 485 1577 514 curi
1594 495 1705 524 percu-

105 545 118 565 ‘
136 540 433 596 Quandoque,⁷
453 539 605 595 inquit,
640 545 651 562 ‘
665 548 724 589 tu,
747 538 798 580 T.
815 538 967 590 Manli,
990 555 1130 596 neque
1151 540 1376 597 imperium
1398 557 1499 583 con-

105 597 281 648 ‘sulare,
303 612 443 653 neque
475 597 735 638 maiestatem
765 597 942 652 patriam
966 597 1136 647 veritus,
1159 597 1355 639 adversus
1385 599 1500 641 edic—

104 660 117 679 ‘
132 663 221 696 tum
242 663 432 696 nostrum
454 663 573 695 extra
592 653 784 695 ordinem
805 653 850 694 in
870 653 1035 695 hostem
1055 656 1264 711 pugnasti,
1288 664 1343 706 et,
1366 671 1500 712 quan-

103 717 221 753 ‘tum
252 712 298 753 in
325 722 366 753 te
393 711 485 761 fuit,
512 711 776 767 disciplinam
798 710 1041 761 militarem,
1059 727 1143 768 qua
1166 713 1283 753 stetit
1311 713 1365 754 ad
1390 713 1499 755 hanc

103 768 245 810 ‘diem
277 768 473 810 Romana
502 783 579 818 res,
609 767 782 817 solvisti,
811 783 964 823 meque
1001 769 1046 809 in
1078 784 1172 810 eam
1205 771 1499 812 necessitatem

103 825 356 876 ‘adduxisti,
385 835 433 867 ut
465 834 537 867 aut
567 825 820 881 reipublicae
852 825 969 875 mihi,
1002 834 1075 867 aut
1107 827 1190 867 mei
1223 841 1499 884 meorumque

103 883 463 924 ‘obliviscendum
494 883 574 931 sit3
618 897 694 923 nos
723 883 864 938 potius
894 891 1036 925 nostro
1067 883 1221 925 delicto
1252 884 1498 940 plectemur,

103 945 259 995 ‘quam
294 939 529 996 respublica
564 947 681 980 tanto
715 954 791 980 suo
824 939 979 981 damno
1016 950 1158 981 nostra
1191 950 1366 997 peccata
1397 941 1496 983 luat.

102 1003 115 1021 ‘
131 996 271 1039 Triste
297 996 552 1053 exemplum,
574 995 649 1037 sed
673 996 717 1036 in
742 1005 956 1052 posterum
983 997 1146 1039 salubre
1173 998 1396 1049 iuventuti,
1419 999 1501 1040 eri-

102 1060 233 1096 ‘mus.
297 1053 373 1095 Me
407 1053 580 1110 quidem
613 1068 746 1109 quum
779 1053 968 1109 ingenita
999 1055 1148 1096 caritas
1182 1055 1375 1106 liberum,
1409 1066 1499 1097 tum

101 1111 343 1167 ‘specimen
372 1111 485 1152 istud
515 1111 692 1160 virtutis,
715 1111 942 1166 deceptum
972 1127 1080 1153 vana
1110 1112 1291 1169 imagine
1322 1113 1498 1163 decoris,

100 1168 173 1209 ‘in
209 1176 249 1210 te
280 1176 432 1210 movet.
499 1167 584 1209 Sed
605 1183 738 1224 quum
773 1178 846 1209 aut
881 1178 1014 1210 morte
1052 1179 1124 1210 tua
1158 1170 1386 1211 sancienda
1415 1171 1500 1212 sint

100 1225 349 1267 ‘consulum
384 1225 572 1281 imperia,
609 1233 681 1266 aut
722 1225 973 1281 impunitate
1010 1226 1054 1267 in
1090 1235 1343 1283 perpetuum
1379 1228 1500 1270 abro-

101 1282 292 1338 ‘ganda3
325 1297 379 1324 ne
410 1292 449 1324 te
472 1282 659 1338 quidem,
683 1283 716 1323 si
742 1282 845 1338 quid
874 1283 918 1323 in
948 1292 989 1324 te
1017 1284 1147 1324 nostri
1177 1284 1393 1340 sanguinis
1421 1294 1497 1336 est,

100 1345 319 1381 ‘recusare
351 1354 559 1389 censeam,
582 1339 686 1395 quin
714 1339 979 1395 disciplinam
1010 1340 1248 1390 militarem,
1271 1341 1396 1397 culpa
1427 1351 1500 1383 tua

101 1402 111 1420 ‘
158 1396 376 1452 rolapsam,
406 1411 544 1452 poena
575 1397 779 1437 restituas.
843 1396 877 1446 I,
908 1397 1041 1447 lictor,
1071 1397 1210 1454 deliga
1243 1398 1296 1439 ad
1328 1398 1498 1454 palum.’

141 1453 342 1494 xanimati
365 1468 511 1494 omnes
533 1462 617 1494 tam
639 1453 767 1494 atroci
790 1453 980 1509 imperio,
998 1469 1076 1495 nec
1098 1454 1219 1496 aliter
1240 1470 1366 1510 quam
1388 1456 1430 1495 in
1454 1471 1497 1497 se

98 1510 278 1566 quisque
311 1510 551 1551 destrictam
584 1519 804 1551 cernentes
835 1511 1027 1560 securim,
1054 1520 1171 1552 metu
1201 1512 1346 1567 magis,
1369 1527 1496 1568 quam

70 1567 317 1617 7modestia,
339 1567 549 1623 quievere.
613 1566 774 1622 Itaque,
799 1566 913 1608 velut
943 1582 1104 1609 emerso
1135 1568 1186 1609 ab
1217 1568 1494 1611 admiratione

97 1624 251 1673 animo,
274 1639 406 1679 quum
439 1624 604 1665 silentio
637 1624 767 1664 defixi
800 1624 1024 1674 stetissent,
1053 1633 1243 1680 repente,
1272 1635 1495 1682 postquam

97 1681 258 1722 cervice
279 1695 399 1721 caesa
418 1680 533 1721 fusus
554 1690 615 1721 est
636 1695 771 1730 cruor,
794 1689 885 1721 tum
910 1681 1042 1722 libero
1068 1691 1303 1738 conquestu
1329 1693 1494 1725 coortae

97 1752 219 1779 voces
245 1746 356 1787 sunt,
379 1745 426 1778 ut
454 1752 592 1793 neque
621 1736 828 1786 lamentis,
851 1753 990 1794 neque
1019 1739 1378 1781 exsecrationibus
1401 1756 1496 1797 par-

97 1803 284 1836 ceretur:
333 1794 558 1851 spoliisque
600 1803 842 1836 contectum
884 1795 1047 1836 iuvenis
1087 1811 1250 1852 corpus,
1288 1809 1494 1852 quantum

97 1851 345 1892 militaribus
372 1851 521 1892 studiis
540 1851 666 1893 funus
695 1851 827 1893 ullum
857 1852 1139 1894 concelebrari
1165 1863 1315 1910 potest,
1338 1864 1496 1896 structo

66 1917 218 1950 sextra
246 1908 402 1949 vallum
429 1924 530 1964 rogo
558 1918 837 1950 cremaretur:
873 1909 1177 1966 Manlianaque
1208 1911 1383 1967 imperia
1410 1927 1494 1953 non

98 1965 141 2006 in
166 1966 403 2022 praesentia
427 1965 554 2007 modo
579 1966 801 2015 horrenda,
824 1966 898 2007 sed
926 1967 1110 2022 exempli
1140 1968 1266 2008 etiam
1297 1969 1424 2010 tristis
1452 1969 1495 2010 in

98 2032 311 2078 posterum
334 2031 483 2063 essent.

159 2078 275 2119 Fecit
306 2088 447 2119 tamen
477 2078 669 2119 atrocitas
703 2093 862 2134 poenae
894 2079 1226 2120 obedientiorem
1257 2080 1354 2121 duci
1387 2081 1497 2122 mili-

101 2145 212 2176 tem:
246 2144 301 2184 et,
324 2144 615 2191 praeterquam
647 2135 762 2191 quod
793 2135 1008 2176 custodiae
1037 2135 1288 2191 vigiliacum
1320 2147 1363 2178 ct
1395 2138 1496 2179 ordo

99 2192 327 2233 stationum
359 2192 593 2233 intentioris
625 2192 782 2247 ubique
811 2207 934 2233 curae
963 2202 1094 2242 crant,
1119 2193 1160 2233 in
1191 2193 1339 2233 ntimo
1370 2195 1496 2235 ctiam

100 2249 342 2297 certamine,
366 2264 497 2304 quum
519 2248 766 2289 descensum
795 2249 836 2289 in
863 2250 994 2290 aciem
1017 2259 1092 2298 cst,
1116 2265 1164 2290 ca
1185 2251 1380 2291 severitas
1402 2266 1498 2307 pro·

101 2306 189 2347 fuit.
255 2305 350 2347 Fuit
372 2315 511 2347 autem
534 2306 644 2346 civili
675 2307 855 2347 maxime
882 2306 991 2347 bello
1018 2321 1159 2363 pugna
1184 2307 1355 2348 similis:
1391 2308 1497 2349 adeo

100 2363 205 2404 nihil
222 2363 333 2420 apud
353 2363 526 2403 Latinos
542 2362 757 2404 dissonum
775 2364 825 2404 ab
846 2363 1038 2405 Romana
1059 2379 1117 2412 rc,
1136 2374 1300 2428 practer
1322 2365 1496 2414 animos,

68 2429 200 2466 verat.
265 2419 427 2475 Clipeis
457 2429 581 2460 antea
614 2420 796 2461 Romani
828 2421 889 2461 usi
922 2430 1044 2461 sunt:
1079 2420 1248 2469 demde,
1275 2431 1496 2477 postquam

1511 526 1599 558 titur.

153 2550 168 2581 7
205 2543 295 2573 Velut
333 2553 451 2573 emer-m
488 2544 527 2572 ab
565 2543 778 2573 admiratione

102 2586 225 2622 animo]
263 2584 354 2614 Haec
376 2595 449 2614 cum
469 2585 581 2619 verbis,
598 2589 663 2614 tum
681 2585 779 2614 libero

102 2630 275 2666 conque-utu
285 2631 408 2657 mortue
420 2637 517 2660 voces,
525 2626 685 2662 iungenda
694 2632 777 2656 sunu.

147 2671 165 2697 8
191 2669 430 2708 Manlianaque
447 2669 600 2713 {viperio}
627 2669 665 2698 cs.
683 2668 777 2698 Dion.

108 2710 188 2740 Εἰς.
216 2710 291 2740 Vnt.
318 2720 365 2749 τι).
430 2709 516 2739 nuu-
552 2710 677 2739 Manlio
715 2709 780 2739 1›i0

104 2751 250 2782 attribuit
281 2762 351 2781 cam
383 2752 574 2787 orationem,
597 2762 693 2789 quum
727 2761 780 2789 up.

110 2794 176 2824 Liv.
195 2794 264 2824 infr.
280 2794 363 2824 xxvi.
381 2803 428 2823 υ.
447 2793 593 2830 legimus,
609 2803 710 2832 neque
726 2804 782 2832 τρο

107 2842 222 2867 vestros
239 2846 337 2867 mores
353 2836 465 2866 mnan!
479 2837 573 2873 scrre
593 2840 713 2874 poetro,
729 2846 779 2864 nc-

822 2553 883 2582 qne
906 2552 959 2571 vos
983 2543 1151 2581 imperium
1178 2552 1292 2579 meum,
1308 2542 1337 2571 id
1355 2542 1441 2580 quod
1461 2543 1499 2573 Α.

824 2583 915 2614 Maio
932 2584 1073 2613 maxime
1090 2584 1218 2614 arridet.

866 2636 885 2665 c)
909 2627 1046 2664 Flipaen'x]
1076 2626 1218 2655 Rotundi
1237 2625 1382 2664 quidem,
1403 2627 1499 2665 Argo-

826 2667 887 2697 lieu
925 2668 1038 2701 formu,
1068 2668 1127 2697 toti
1166 2678 1203 2697 cx
1241 2678 1314 2698 acre
1352 2669 1499 2700 confecti.

823 2712 921 2739 Scuta
949 2715 1057 2739 nutem
1089 2710 1239 2746 oblonga,
1265 2710 1309 2740 itu
1339 2715 1371 2740 ut
1396 2714 1500 2741 totum

825 2761 941 2789 corpus
977 2757 1190 2789 protegerent.
1223 2751 1394 2783 viminibus
1427 2763 1499 2783 con-

826 2799 915 2822 texta
942 2798 971 2822 ct
997 2793 1083 2822 corio
1108 2799 1272 2833 cooperta,
1296 2804 1369 2825 nere
1392 2799 1500 2826 tamen

827 2835 910 2865 circa
927 2845 1014 2865 oram
1034 2835 1170 2867 firmata.
