1934 3211
584 215 709 257 LIB.
750 215 782 256 Ι.
830 216 974 257 CAP.
1020 220 1081 257 ll.
1475 221 1522 259 15

141 304 423 353 continebant,
457 303 531 345 sed
561 305 922 361 congregabantur
953 304 1141 360 undique
1178 303 1232 344 ad
1264 304 1410 346 Titum
1442 305 1526 347 Ta-

141 363 259 411 tium,
296 366 437 418 regem
476 361 752 403 Sabinorum:
796 370 837 403 et
872 361 1103 418 legationes
1137 376 1200 411 eo,
1237 362 1352 417 quod
1394 363 1526 403 maxi-

139 434 255 460 mum
289 419 402 460 Tatii
436 435 592 461 nomen
626 419 671 460 in
705 419 770 460 his
801 420 1040 475 regionibus
1075 429 1175 468 erat,
1207 420 1523 461 conveniebant.

143 475 429 518 Caeninenses
452 476 798 533 Crustuminique
820 486 863 518 et
883 477 1163 518 Antemnates
1193 486 1325 542 erant,
1348 476 1401 518 ad
1422 493 1527 533 quos

139 534 229 575 eius
258 535 424 576 iniuriae
453 550 546 592 pars
575 535 822 592 pertinebat.
885 535 1020 576 Lente
1051 550 1173 591 agere
1204 535 1254 576 iis
1276 534 1424 576 Tatius
1454 534 1527 576 Sa-

139 592 312 648 binique
346 592 422 633 visi
453 602 562 634 sunt.
624 592 710 649 Ipsi
740 593 850 634 inter
878 607 921 634 se
952 602 1034 634 tres
1063 592 1208 649 populi
1248 592 1527 634 communiter

139 649 296 691 bellum
317 660 474 707 parant.
520 650 588 692 Ne
609 649 872 692 Crustumini
892 650 1064 716 quidem
1086 660 1211 706 atque
1234 651 1525 700 Antemnates,

139 722 216 773 pro
236 708 414 749 ardore
404 723 547 765 iraque
576 707 919 758 Caeninensium,
942 709 1039 749 satis
1059 723 1101 750 se
1130 708 1306 764 impigre
1336 717 1522 750 movent:

108 766 197 808 2ita
226 781 302 822 per
331 781 373 807 se
405 781 542 822 lpsum
573 781 729 808 nomen
763 765 1043 808 Caeninum
1033 782 1077 807 m
1107 781 1252 822 agrum
1286 766 1526 807 Romanum
1540 777 1671 808 Bellum

139 823 344 880 impetum
365 823 474 865 facit.
525 823 609 865 Sed
629 824 756 865 effuse
779 824 1034 865 vastantibus
1054 824 1103 865 fit
1124 824 1269 865 obvius
1290 839 1386 865 cum
1408 839 1526 866 exer-
1539 821 1653 852 Caeni-

138 881 227 922 citu
248 881 467 932 Romulus,
489 881 654 938 levique
677 882 902 923 certamine
925 881 1059 931 docet,
1092 897 1240 923 vanam
1261 882 1350 923 sine
1371 882 1526 924 viribus
1539 874 1647 895 nense

139 939 243 980 iram
263 954 374 981 esse:
398 940 629 981 exercitum
649 939 789 981 fundit
816 939 1038 996 fugatque:
1064 940 1207 981 fusum
1237 940 1523 996 persequitur:

139 1012 283 1054 regem
303 997 348 1038 in
368 997 527 1054 proelio
548 998 769 1039 obtruncat
789 1008 830 1039 et
851 997 1022 1054 spoliat·
1047 997 1152 1039 duce
1175 997 1356 1039 hostium
1379 998 1527 1048 occiso,

139 1055 285 1096 urbem
303 1056 439 1112 primo
460 1056 621 1112 impetu
640 1056 762 1112 capit.
825 1055 931 1097 Inde
953 1056 1141 1097 exercitu
1161 1055 1315 1097 victore
1338 1056 1526 1106 reducto,

138 1112 226 1170 ipse
257 1128 389 1170 quum
418 1113 535 1155 factis
564 1114 625 1154 vir
655 1113 913 1170 magnificus,
946 1123 1035 1155 tum
1065 1113 1267 1155 factorum
1298 1123 1528 1156 ostentator

137 1170 251 1212 haud
281 1186 430 1221 minor,
453 1171 584 1228 spolia
604 1171 722 1213 ducis
752 1171 933 1212 hostium
964 1171 1072 1213 caesi
1100 1187 1299 1228 suspensa
1327 1172 1527 1213 fabricato

138 1228 192 1270 ad
218 1228 263 1270 id
287 1238 382 1285 apte
412 1229 569 1270 ferculo
599 1244 760 1285 gerens,
787 1229 831 1269 in
862 1228 1119 1286 Capitolium
1145 1229 1349 1270 ascendit:
1383 1230 1526 1286 ibique

138 1302 191 1328 ea
209 1301 341 1343 quum
361 1286 415 1328 ad
435 1302 636 1343 quercum
666 1287 896 1343 pastoribus
923 1302 1079 1328 sacram
1105 1287 1375 1344 deposuisset,
1405 1287 1528 1328 simul

139 1359 236 1385 cum
272 1344 384 1386 dono
424 1344 657 1402 designavit
701 1345 856 1401 templo
898 1344 1007 1385 Iovis
1049 1344 1166 1394 fines,
1209 1360 1526 1401 cognomenque

108 1415 127 1446 3
141 1401 303 1444 addidit
323 1402 426 1444 deo:
463 1408 473 1426 ‘
490 1402 651 1467 Iupiter
669 1402 852 1451 Feretri,’
868 1402 1019 1457 inquit,
1044 1408 1054 1425 ‘
1068 1402 1171 1443 haec
1193 1403 1269 1443 tibi
1290 1403 1422 1444 victor
1439 1402 1527 1444 Ro·
1542 1411 1667 1451 Iupiter

142 1459 306 1501 ‘mulus
336 1475 410 1501 rex
440 1460 554 1516 regia
584 1475 697 1500 arma
726 1459 826 1509 fero,
859 1458 1146 1515 templumque
1183 1459 1233 1500 iis
1273 1454 1712 1516 reglombus,Feret1-1us

142 1523 271 1574 ‘quas
303 1517 428 1558 modo
460 1517 600 1558 animo
635 1526 814 1558 metatus
846 1532 951 1567 sum,
993 1517 1157 1567 dedico,
1199 1517 1341 1559 sedem
1377 1519 1528 1575 opimis

107 1599 128 1626 4
142 1574 321 1632 ‘spoliis,
345 1589 465 1631 quae,
494 1575 662 1631 regibus
682 1574 942 1640 ducibusque
974 1574 1157 1616 hostium
1179 1576 1320 1626 caesis,
1344 1591 1410 1617 me
1432 1592 1530 1618 auc-

140 1638 299 1674 ‘torem
329 1641 563 1689 sequenteS‚
585 1633 741 1689 posteri
770 1632 930 1674 ferent.’
990 1632 1110 1674 Haec
1142 1633 1286 1690 templi
1311 1644 1373 1675 est
1397 1635 1527 1690 origo,

137 1690 253 1747 quod
272 1690 455 1747 primum
477 1691 665 1732 omnium
680 1690 842 1732 Romae
863 1700 1067 1732 sacratum
1088 1700 1160 1733 est.
1197 1691 1262 1733 Ita
1277 1691 1431 1734 deinde
1448 1693 1529 1734 diis

136 1748 284 1799 visum,
307 1763 385 1790 nec
406 1749 563 1790 irritam
584 1748 811 1790 conditoris
833 1748 978 1805 templi
995 1764 1139 1791 vocem
1155 1764 1258 1799 esse,
1277 1765 1360 1806 qua
1373 1750 1527 1792 laturos

136 1821 187 1848 ea
205 1806 337 1864 spolia
363 1815 550 1864 posteros
574 1807 856 1864 nuncupavit.
886 1822 964 1848 nec
992 1807 1261 1850 multitudine
1285 1818 1527 1865 compotum

106 1864 226 1913 5eius
256 1864 357 1906 doni
387 1864 546 1922 vulgari
579 1863 758 1906 laudem.
821 1864 931 1906 Bina
960 1874 1116 1922 postea,
1146 1865 1257 1907 inter
1287 1875 1349 1907 tot
1381 1882 1526 1916 annoS,

136 1931 198 1964 tot
228 1922 348 1973 bella,
379 1938 520 1980 op1ma
545 1932 665 1979 parta
691 1933 789 1964 sunt
815 1922 969 1980 spolia:
1001 1923 1107 1965 adeo
1138 1938 1229 1965 rara
1249 1924 1339 1965 eius
1360 1924 1528 1966 fortuna

135 1979 297 2022 decoris
316 1981 406 2022 fuit.

196 2038 312 2080 Dum
334 2054 384 2081 ea
404 2039 462 2080 ibi
486 2038 667 2080 Romani
688 2047 853 2095 gerunt,
878 2039 1202 2081 Antemnatium
1224 2040 1432 2082 exercitus
1453 2055 1528 2106 per
1608 2043 1670 2081 11.

137 2097 397 2138 occasionem
425 2111 472 2137 ac
500 2096 770 2138 solitudinem
795 2096 1035 2138 hostiliter'
1026 2112 1069 2137 1n
1101 2097 1205 2138 fines
1228 2097 1473 2139 Romanos
1462 2113 1527 2139 1n-
1539 2099 1715 2129 Antemna

137 2154 371 2196 cursionem
399 2154 509 2195 facit.
573 2153 746 2211 Raptim
774 2164 817 2195 ct
847 2154 901 2195 ad
931 2154 1006 2195 hos
1038 2154 1230 2196 Romana
1259 2155 1369 2211 legio
1400 2142 1688 2197 ductateSViCti

137 2211 295 2269 palatos
330 2213 374 2253 in
409 2212 516 2268 agris
551 2212 766 2268 oppressit.
830 2211 928 2253 Fusi
965 2212 1092 2268 igitur
1126 2213 1261 2269 primo
1291 2213 1452 2270 impetu
1485 2223 1528 2255 ct

137 2269 315 2312 clamore
362 2270 523 2318 hostes;
575 2269 777 2326 oppidum
825 2279 1017 2327 captum.
1070 2270 1312 2326 duplicique
1354 2271 1527 2313 victoria

184 2439 202 2460 ἰ
231 2430 409 2460 Caeninum
452 2430 582 2467 nomen]
653 2429 807 2468 Populus,
851 2429 882 2460 in
911 2430 1011 2460 classe
1045 2430 1220 2470 procincta,
1246 2435 1418 2470 antequam
1446 2431 1529 2461 alius

137 2482 248 2503 ornnes
267 2472 496 2508 Caeninenses,
518 2471 672 2511 quidquid
697 2482 806 2502 eorum
851 2473 1019 2512 quisquam
1063 2473 1165 2513 spolia
1200 2473 1347 2513 cepisset,
1384 2474 1529 2504 detractu

138 2515 209 2553 fuit,
231 2520 267 2546 ut
289 2526 403 2547 nomen
429 2515 593 2551 Latinum,
617 2516 809 2550 Hernicum,
853 2520 944 2546 erunt
973 2526 992 2546 a
1018 2516 1100 2546 duce
1127 2517 1287 2551 nomano.
1313 2517 1361 2546 vel
1385 2516 1480 2546 etiam
1509 2528 1529 2546 u

139 2558 328 2594 Romanum,
343 2559 517 2589 Etruscum
535 2562 595 2588 etc.
641 2558 693 2588 Sic
717 2562 750 2588 et
772 2557 809 2587 τὸ
855 2559 1045 2598 manipulari
1064 2559 1174 2589 milite.
1224 2559 1342 2589 Eorum
1361 2564 1451 2589 enmt
1468 2559 1529 2589 tria

137 2599 282 2636 θηβαίων
304 2599 399 2638 ὄνομα
423 2611 475 2640 ap.
493 2600 698 2638 Aeschinem,
714 2605 745 2631 ct
769 2601 806 2630 si·
851 2612 978 2640 gener-n,
995 2601 1102 2631 munia
1118 2607 1226 2631 tumen
1244 2602 1362 2640 opima.
1389 2602 1439 2632 Cf.
1454 2601 1527 2632 Fes-

139 2642 228 2673 milia
242 2643 328 2674 alibi.
354 2643 438 2674 Bur.
852 2649 903 2674 tus
934 2655 961 2675 v.
993 2644 1140 2683 Opimus.
1187 2644 1326 2675 l‘erizon.
1358 2644 1527 2676 Animadv.

183 2695 200 2725 3
223 2686 349 2725 Iupiter
380 2687 522 2724 Feretri]
566 2686 690 2726 Iupiter
715 2688 810 2717 Fere·
857 2687 942 2717 nist.
963 2695 989 2725 7.

138 2730 221 2759 erius
239 2727 343 2758 dictus
354 2733 402 2758 est
423 2739 444 2759 a
457 2729 593 2767 ser-etro,
608 2729 674 2759 nive
691 2729 811 2759 ferculo
898 2739 914 2768 5
939 2731 1043 2767 Bina]
1080 2729 1229 2759 Secunda
1251 2729 1325 2760 tulit
1349 2731 1385 2760 A.
1407 2730 1526 2761 Corne-

140 2772 195 2802 illo
218 2771 405 2811 spoliorum.
431 2772 529 2810 quod,
554 2776 589 2801 ut
619 2772 714 2801 modo
742 2782 809 2801 nur·
857 2772 954 2802 lianc
957 2783 1055 2809 ossus,
1070 2771 1166 2802 Iam
1179 2772 1353 2803 'lolumnio
1366 2782 1438 2811 rege
1452 2773 1525 2804 Vei-

140 2816 229 2846 rabat
255 2813 374 2849 Livi-m,
398 2813 457 2853 ipsi
484 2815 676 2845 sacrabatur.
704 2814 810 2845 Cam.
855 2815 976 2844 entium
1007 2814 1123 2850 occino
1156 2815 1197 2845 U.
1219 2816 1256 2846 C.
1285 2817 1355 2854 318.
1383 2815 1452 2847 infr.
1486 2816 1526 2848 iv.

138 2858 189 2890 Cf.
224 2858 320 2896 Prop.
356 2856 395 2887 iv.
433 2865 479 2887 ιο.
520 2856 606 2887 Plut.
650 2857 681 2887 in
719 2857 812 2887 Rom.
865 2867 908 2897 ιτ).
933 2857 1026 2887 tertia
1048 2858 1094 2888 Μ.
1111 2857 1268 2888 Claudius
1289 2858 1465 2889 Marcellus
1487 2870 1526 2890 ex

145 2910 189 2940 ¹7·
863 2899 1041 2930 Britomaro
1058 2900 1226 2931 Gallorum
1244 2911 1327 2941 rege,
1346 2901 1387 2934 U.
1400 2902 1438 2933 C.
1456 2911 1527 2941 530.

187 2956 204 2982 4
229 2944 350 2983 Opima}
370 2943 494 2982 apelii-e]
531 2941 577 2972 Ea
593 2942 721 2981 quidem
744 2942 811 2972 sola
856 2943 925 2974 infr.
944 2953 994 2973 xx.
1015 2952 1063 2983 55.
1087 2943 1192 2975 (ἷκεν.

141 2987 249 3026 opima
265 2986 351 3017 dicta
368 2992 452 3024 sunt,
468 2995 549 3025 quae
567 2985 640 3016 duci
661 2984 811 3022 hostium,
