1934 3211
600 181 727 223 LIB.
761 181 837 223 IV.
885 181 1031 224 CAP.
1066 187 1105 226 7.
1457 189 1540 227 233

123 268 317 319 sineunt,
339 268 394 310 A.
420 268 691 325 Sempronius
719 270 954 321 Atratinus,
976 271 1026 313 L.
1050 272 1221 322 Atilius,
1250 273 1302 314 T.
1327 273 1539 325 Cloelius3
1556 287 1600 320 U.
1617 287 1656 320 c.
1674 298 1709 329 3¹
1719 298 1746 321 1.

155 340 335 382 quorum
364 325 409 366 in
441 326 686 382 magistratu
714 328 938 370 concordia
966 329 1082 371 domi
1142 345 1259 371 acem
1288 331 1416 372 etiam
1444 332 1543 374 foris
1558 332 1594 361 A.
1618 331 1656 363 C·
1672 341 1746 371 44¹·

155 383 358 440 praebuit.
423 382 543 435 Sunt,
565 384 638 441 qui
662 394 833 442 propter
851 385 1063 428 adiectum
1136 403 1341 444 equorum
1368 387 1543 431 Volsco-
1555 373 1761 446 ss'osffipm‘

155 455 334 498 rumque
354 440 465 483 bello
486 450 529 483 et
556 441 805 484 Ardeatium
827 443 1053 486 defectioni
1073 444 1232 487 Veiens
1251 445 1423 496 bellum,
1445 447 1546 503 quia
1557 439 1668 489 Tri'bb.
1683 440 1756 492 Mil.

155 498 242 540 duo
262 498 453 540 consules
473 499 587 541 obire
610 509 672 542 tot
691 500 815 542 simul
835 501 945 544 bella
964 503 1202 559 nequirent,
1225 503 1415 545 tribunos
1435 504 1544 546 mili-

155 565 246 598 tum
275 565 359 599 tres
388 567 548 599 creatos
575 557 731 609 dicant,
763 559 851 601 sine
880 560 1095 602 mentione
1126 561 1412 618 promulgatae
1439 561 1544 619 legis

153 613 209 656 de
235 614 475 657 consulibus
501 615 693 657 creandis
723 632 777 659 ex
803 616 941 674 plebe,
967 627 1011 660 et
1038 618 1214 675 imperio
1243 627 1286 661 et
1310 619 1544 676 insignibus

152 672 438 714 consularibus
477 688 583 715 usos.
661 673 763 716 Non
804 684 944 717 tamen
983 691 1059 733 pro
1100 676 1264 718 firmato
1304 676 1388 718 iam
1427 678 1544 720 stetit

152 730 417 787 magistratus
448 730 538 772 eius
570 731 657 782 ius;
700 733 798 788 quia
839 733 961 775 tertio
996 749 1152 784 mense,
1184 749 1312 790 quam
1341 735 1541 785 inierunt,

151 802 358 844 augurum
388 788 569 839 decreto,
600 790 776 846 perinde
807 806 854 832 ac
884 791 986 833 vitio
1016 792 1156 842 creati,
1188 791 1346 834 honore
1376 793 1540 843 abiere3

151 845 268 902 quod
305 845 357 888 C.
393 845 580 897 Curtius,
612 848 686 904 qui
721 848 901 890 comitiis
935 864 1081 891 eorum
1110 850 1358 906 praefuerat,
1393 865 1542 907 parum

120 909 264 945 6recte
287 904 601 946 tabernaculum
622 905 810 962 cepisset.

209 961 359 1018 Legati
376 962 428 1003 ab
445 962 590 1004 Ardea
612 963 792 1004 Romam
813 974 1032 1014 venerunt,
1047 965 1106 1006 ita
1120 964 1173 1007 de
1194 965 1348 1007 iniuria
1361 981 1541 1022 queren-

152 1027 227 1070 tes,
244 1029 304 1070 ut,
322 1020 356 1061 si
376 1019 618 1062 demeretur
637 1036 698 1070 ea,
716 1021 759 1062 in
779 1021 948 1063 foedere
965 1032 1091 1080 atque
1109 1023 1292 1065 amicitia
1312 1039 1542 1075 mansuros,

151 1077 346 1119 restituto
366 1092 478 1134 agro,
500 1088 730 1135 appareret.
794 1079 864 1121 Ab
885 1090 1033 1122 senatu
1054 1095 1298 1137 responsum
1321 1091 1408 1123 est:
1443 1087 1455 1106 ‘
1470 1081 1543 1123 Iu—

152 1139 166 1158 ‘
179 1134 339 1176 dicium
360 1135 506 1192 populi
534 1136 715 1178 rescindi
736 1137 788 1178 ab
815 1146 962 1179 senatu
984 1153 1070 1179 non
1094 1153 1227 1195 posse,
1249 1148 1542 1196 praeterquam

152 1192 293 1249 ‘quod
316 1193 433 1235 nullo
461 1209 540 1235 nec
564 1194 758 1251 exemplo
779 1210 857 1236 nec
878 1195 967 1237 iure
993 1196 1124 1247 fieret,
1147 1196 1394 1238 concordiae
1416 1197 1543 1239 etiam

151 1255 165 1274 ‘
180 1250 377 1292 ordinum
416 1266 550 1293 causa.
626 1251 670 1294 Si
711 1251 919 1294 Ardeates
957 1269 1032 1295 sua
1072 1263 1260 1310 tempora
1298 1264 1541 1311 exspectare

153 1307 324 1358 ‘velina
350 1309 652 1366 arbitriumque
683 1311 846 1352 senatui
876 1310 1077 1353 levandae
1109 1311 1286 1353 iniuriae
1317 1327 1416 1353 suae
1447 1328 1542 1369 per-

153 1366 360 1417 ‘mittant,
391 1367 493 1417 fore,
524 1376 570 1408 ut
600 1367 820 1424 postmodo
845 1368 1069 1425 gaudeant,
1091 1384 1134 1411 se
1161 1369 1248 1410 irae
1276 1369 1540 1420 moderatos3

152 1429 165 1448 ‘
180 1424 410 1481 sciantque,
434 1425 627 1467 Patribus
655 1434 788 1482 aeque
816 1441 938 1467 curae
966 1426 1105 1476 fuisse,
1127 1441 1181 1468 ne
1210 1442 1295 1483 qua
1321 1427 1474 1468 iniuria
1498 1428 1542 1468 in

153 1487 166 1506 ‘
182 1496 253 1524 eos
273 1483 463 1533 oriretur,
488 1497 536 1524 ac
557 1498 610 1524 ne
635 1492 726 1524 orta
745 1483 945 1524 diuturna
968 1484 1101 1525 esset.’
1161 1483 1227 1525 Ita
1246 1484 1387 1541 legati,
1409 1500 1542 1542 quum

150 1554 194 1581 se
215 1554 304 1581 rem
325 1540 530 1597 integram
551 1540 752 1582 relaturos
772 1540 989 1591 dixissent,
1011 1542 1187 1583 comiter
1205 1542 1376 1584 dimissi.

121 1610 140 1642 1
208 1596 393 1648 Patricii,
423 1613 556 1655 quum
587 1598 677 1640 sine
708 1598 843 1640 curuli
874 1599 1118 1656 magistratu
1149 1600 1385 1657 respublica
1419 1609 1540 1652 esset,

150 1744 348 1775 tribunorum
360 1744 495 1786 collegia
504 1745 694 1777 invenimus.
721 1745 821 1777 Hunc

149 1787 270 1818 nodum
296 1787 431 1819 Niebhr.
454 1788 500 1818 ita
519 1788 661 1828 expedit.
707 1788 822 1825 Quan-

149 1830 191 1861 do
216 1834 369 1870 quattuor
394 1836 576 1867 occurrunt,
599 1835 730 1871 quartus
755 1831 823 1870 ille,

150 1877 186 1903 ut
209 1873 346 1911 videtur,
368 1874 526 1910 tribunus,
547 1875 671 1914 collega
689 1874 819 1914 quidem

149 1915 363 1954 tribunorum,
378 1927 441 1947 non
458 1921 566 1948 autem
583 1917 729 1947 tribunus
742 1930 750 1954 ;
764 1918 819 1948 sed

149 1962 272 1996 contra,
284 1959 464 1999 praefectus
479 1959 565 1990 urbis
580 1964 612 1990 et
627 1970 692 1990 sem
699 1970 754 1999 per
767 1970 820 1999 pa-

149 2000 269 2039 tricius,
281 2002 334 2042 qui
351 2012 518 2033 censorum
536 2002 604 2033 vice
619 2003 821 2041 fungebatur,

150 2048 320 2084 postquam
337 2045 407 2084 lege
418 2044 558 2075 Aemilia
570 2055 703 2075 censura
713 2055 823 2075 annua

148 2090 183 2116 et
198 2086 358 2117 semestris
373 2088 458 2117 facta
473 2091 530 2117 est.
573 2087 660 2116 Hinc
676 2091 752 2117 ante
767 2097 822 2117 an-

150 2137 228 2158 num
252 2138 324 2168 350,
340 2128 365 2159 si
389 2130 517 2168 quando
541 2139 686 2159 censores
708 2133 824 2166 essent,

150 2174 215 2201 tres
234 2171 337 2202 solum
359 2171 477 2201 tribuni
497 2171 592 2202 creati
612 2175 696 2202 sunt.
743 2172 821 2202 Post

149 2224 270 2244 annum
284 2214 532 2254 350‚duplicato
547 2214 745 2244 tribunorum
764 2225 819 2244 nu-

151 2266 251 2293 mer0,
281 2267 414 2287 munera
453 2256 605 2296 praetoris
637 2257 703 2288 sive
738 2257 823 2287 urbis

152 2299 304 2339 praefecti
330 2309 351 2330 a
377 2300 560 2330 censoribus
585 2300 626 2330 ad
654 2310 754 2330 unum
782 2310 821 2330 ex

150 2341 284 2372 tribunis
310 2342 502 2373 militaribus
523 2342 633 2373 delata
658 2348 744 2380 sunt,
768 2343 823 2382 qui

148 2389 259 2416 tamen
285 2395 412 2425 semper
438 2385 591 2425 patricius
617 2391 708 2416 esset.
757 2386 821 2416 Ex-

147 2427 225 2459 inde
241 2428 350 2465 fiebat,
360 2432 395 2458 ut
410 2438 537 2468 semper
553 2438 634 2458 unus
645 2440 672 2458 e.
685 2428 823 2466 collegio

149 2470 348 2501 tribunorum
362 2470 514 2511 patricius
523 2471 683 2501 existeret.
709 2474 821 2507 Quan-

148 2513 191 2543 do
203 2517 311 2544 autem
325 2518 398 2544 octo
410 2513 541 2544 nomina
556 2514 748 2550 scribuntur,
757 2515 822 2544 duo

149 2565 316 2586 censorum
339 2560 425 2592 sunt,
443 2561 479 2587 ut
499 2567 517 2587 e
540 2557 624 2588 Fast.
641 2557 749 2597 Cupit.
769 2558 818 2588 ed.

151 2598 329 2637 Burghesio
346 2599 441 2638 plane
456 2603 590 2630 constat.

194 2651 211 2680 5
236 2642 390 2679 Cloelius]
426 2641 478 2672 lta
499 2652 538 2672 ex
562 2642 688 2672 emend.
713 2642 819 2680 Sigon.

149 2684 292 2724 reposuit
317 2683 477 2714 Bekker.:
515 2685 689 2715 Caecilium
719 2685 819 2715 Drak.

149 2731 182 2757 et
200 2728 295 2759 Crev.
318 2736 414 2765 quem
437 2737 477 2756 ex
505 2726 633 2757 nomine
659 2727 819 2766 plebeium

150 2769 247 2800 fuisse
277 2774 385 2800 censet
411 2768 545 2800 Niebhr.
570 2769 600 2799 ii.
629 2780 658 2799 n.
684 2779 759 2809 902.
795 2769 821 2800 si

150 2813 247 2844 modo
273 2812 305 2843 in
333 2822 371 2842 eo
396 2811 525 2842 nomine
552 2812 821 2851 acquiescendum

149 2855 199 2887 sit.

196 2897 217 2929 6
245 2898 497 2929 Tubernuc-ulum
523 2898 671 2937 cepisset]
711 2896 818 2928 Cumi-

150 2944 266 2972 tiorum
284 2940 532 2971 centuriatorum
551 2951 646 2970 causa
661 2939 820 2970 exercitus

865 1746 1096 1786 imperabatur,
1120 1745 1268 1786 civesque
1292 1755 1404 1777 omnes
1426 1748 1542 1778 armati

866 1790 924 1820 sub
950 1789 1058 1829 signis,
1082 1789 1114 1820 in
1136 1789 1202 1820 suis
1222 1789 1356 1829 quisque
1379 1789 1542 1829 centuriis,

866 1831 898 1862 in
928 1842 1081 1872 campum
1110 1832 1265 1863 Martium
1297 1832 1541 1865 conveniebant.

866 1875 900 1906 Is
936 1875 1032 1915 igitur
1068 1875 1282 1916 magistratus,
1312 1875 1366 1915 qui
1405 1875 1542 1907 comitiis

865 1922 1022 1958 praeerat,
1034 1918 1292 1955 tabernaculum,
1303 1921 1458 1958 tanquam
1473 1919 1540 1949 dux

864 1960 1035 1998 exercitus,
1050 1965 1142 1991 extra
1163 1960 1362 2000 pomoerium
1382 1960 1541 2000 capiebat.

867 2003 906 2033 In
920 2014 958 2033 eo
970 2007 1079 2033 autem
1093 2003 1251 2043 capiendo
1264 2003 1423 2042 quaedam
1436 2005 1540 2034 obser-

866 2045 932 2075 vari
945 2046 1124 2084 oportebat,
1135 2056 1218 2084 quae
1233 2045 1258 2075 si
1274 2045 1380 2076 minus
1395 2045 1454 2076 rite
1468 2050 1542 2077 acta

866 2092 983 2124 essent,
997 2087 1154 2126 quidquid
1171 2087 1309 2117 comitiis
1332 2088 1396 2118 illis
1419 2088 1540 2119 iussum

868 2134 948 2166 erut,
975 2140 1031 2169 pro
1057 2129 1145 2160 irrito
1171 2129 1358 2160 habebatur.
1409 2130 1541 2169 Insigne

865 2173 1052 2211 exemplum
1080 2172 1153 2202 vide
1183 2172 1269 2211 apud
1297 2172 1366 2203 Cic.
1391 2172 1432 2203 de
1460 2173 1538 2204 Nat.

867 2215 964 2246 Deor.
978 2214 1008 2245 ii.
1027 2224 1072 2245 10.
1086 2218 1118 2245 et
1139 2224 1184 2245 11.
1225 2214 1420 2245 Plutarchus
1435 2215 1489 2254 qui
1505 2215 1538 2246 in

869 2257 933 2288 vita
961 2257 1109 2288 Marcelli
1140 2257 1276 2288 eandem
1309 2257 1397 2288 illam
1425 2268 1491 2288 rem
1519 2268 1539 2289 a

866 2300 1022 2331 Cicerone
1055 2304 1264 2330 memoratam
1305 2300 1415 2339 paullo
1444 2300 1540 2332 aliter

867 2348 985 2380 narrat,
1003 2343 1246 2373 tabernaculum
1271 2342 1343 2382 capi
1365 2343 1474 2373 scribit
1496 2344 1535 2375 ad

866 2386 1023 2416 sumenda
1040 2385 1194 2425 auspicia.
1218 2386 1324 2416 (ἷκεν.
1371 2385 1537 2420 Quemad-

867 2429 999 2459 modum
1031 2439 1069 2459 ea
1101 2428 1182 2459 coeli
1212 2427 1309 2466 regio,
1331 2438 1427 2467 quam
1457 2428 1537 2460 lituo

865 2471 1039 2502 deliniebat
1061 2481 1173 2509 augur.
1188 2470 1347 2510 templum
1366 2471 1470 2501 vocari
1489 2482 1536 2501 so-

867 2515 966 2550 lebat,
981 2515 1027 2545 ita
1050 2514 1075 2544 is
1098 2514 1129 2544 in
1154 2514 1277 2553 templo
1303 2514 1402 2550 locus,
1417 2524 1455 2544 ex
1473 2524 1536 2553 quo

863 2557 1031 2595 augurium
1063 2556 1262 2596 capiebatur,
1291 2556 1535 2587 tabernaculum

863 2600 1099 2639 appellabatur.
1124 2599 1265 2630 Snwm.
1290 2599 1330 2629 cf.
1346 2608 1432 2638 supr.
1448 2598 1468 2630 i.
1490 2600 1535 2631 ¹8.

914 2651 930 2681 7
959 2644 1036 2673 Sine
1065 2642 1172 2672 curuli
1203 2642 1411 2680 mayiseratu]
1458 2641 1535 2673 Nie-

865 2685 978 2715 buhrio
994 2685 1025 2716 ii.
1043 2695 1072 2715 n.
1093 2686 1164 2722 852.
1183 2684 1289 2723 placet
1312 2683 1456 2714 tribunos
1478 2684 1535 2715 mi-

866 2727 974 2757 litares
1003 2727 1166 2757 curulibus
1202 2726 1374 2756 honoribus
1402 2726 1536 2759 minime

866 2780 938 2800 usos
964 2769 1071 2805 fuisse,
1095 2780 1132 2799 ex
1159 2779 1197 2799 eo
1221 2769 1306 2808 quod
1337 2779 1390 2809 ap.
1416 2769 1536 2802 zonat.

867 2812 917 2842 vii.
951 2822 995 2852 ¹9-
1029 2811 1174 2851 legimus,
1203 2812 1329 2842 nullum
1359 2811 1535 2850 tribunum,

862 2855 1008 2894 quamvis
1031 2853 1160 2885 victoria
1183 2854 1306 2893 egregia
1329 2864 1368 2885 ex
1392 2852 1536 2887 hostibus

864 2902 1036 2938 reportata,
1049 2896 1246 2937 triumphurn
1265 2896 1407 2929 curulem
1425 2897 1533 2938 egisse.
