1934 3211
334 274 405 306 394-

215 265 260 297 U.

213 309 254 340 A.
335 309 407 348 358.

277 265 315 297 C.

278 308 317 340 C.

293 774 356 812 10.

218 949 388 989 Singulare

218 996 382 1022 certamen

218 1034 258 1065 T.
270 1034 388 1065 Manlii

220 1087 293 1108 cum
307 1077 416 1109 Gallo.

428 174 512 212 408

950 167 1098 209 TITI
1140 165 1319 208 LIVII

433 260 587 316 adegit,
608 259 856 316 ingentique
885 258 1073 299 exercitu
1105 258 1156 299 ab
1188 258 1290 299 urbe
1321 256 1543 313 profectus,
1565 255 1610 296 in
1637 253 1827 295 citeriore

433 318 525 374 ripa
546 317 726 358 Anienis
758 325 891 357 castra
921 315 1071 372 posuit.
1135 315 1248 356 Pons
1280 315 1325 355 in
1361 313 1500 354 medio
1536 320 1637 361 erat,
1668 310 1830 352 neutris

434 390 533 417 eum
563 374 866 431 rumpentibus,
895 388 949 414 ne
979 372 1138 414 timoris
1168 372 1373 413 indicium
1401 379 1519 412 esset.
1582 368 1750 410 Proelia
1775 367 1828 408 de

434 432 680 488 occupando
715 440 844 487 ponte
881 431 1025 471 crebra
1060 438 1203 478 erant,
1241 445 1333 478 nec,
1371 429 1445 484 qui
1479 428 1728 484 potirentur,
1765 425 1831 465 in-

435 490 558 531 certis
579 490 747 538 viribus,
770 489 867 529 satis
889 487 1069 528 discerni
1094 495 1269 542 poterat.
1333 486 1446 526 Tum
1473 484 1627 526 eximia
1647 481 1831 538 corporis

436 547 727 603 magnitudine
773 546 818 585 in
858 559 1035 585 vacuum
1080 552 1255 598 pontem
1298 542 1446 583 Gallus
1495 541 1721 598 processit3
1774 546 1830 588 et,

437 613 643 660 quantum
693 602 877 643 maxima
915 616 1016 641 voce
1067 600 1216 655 potuit,
1271 605 1282 623 ‘
1306 599 1447 647 Quem
1497 598 1638 648 nunc,'
1677 596 1830 653 inquit,

439 668 450 685 ‘
469 662 607 702 Roma
641 661 777 701 virum
816 658 1086 698 fortissimum
1124 656 1262 706 habet,
1299 656 1509 712 procedat,
1547 655 1741 712 agedum,
1779 652 1833 694 ad

439 725 664 774 ‘pugnam,
692 724 739 757 ut
771 723 912 756 noster
944 714 1124 755 duorum
1157 722 1332 754 eventus
1365 713 1568 762 ostendat,
1602 721 1695 753 utra
1729 724 1832 767 gens

439 775 576 816 ‘bello
612 774 665 815 sit
697 772 868 813 melior.’
938 771 1029 812 Diu
1064 770 1174 811 inter
1208 771 1410 826 primores
1440 770 1641 810 iuvenum
1675 769 1832 810 Roma-

437 847 588 873 norum
629 831 842 872 silentium
876 829 967 878 fuit,
1006 843 1139 884 quum
1175 836 1217 868 et
1251 828 1435 868 abnuere
1470 834 1682 867 certamen
1715 841 1833 867 vere-

437 898 595 939 rentur,
637 896 680 929 et
723 887 991 944 praecipuam
1041 893 1195 926 sortem
1240 884 1415 941 periculi
1464 892 1608 940 petere
1658 883 1830 924 nollent.

439 947 553 989 Tum
590 946 640 987 T.
669 945 869 994 Manlius,
908 944 957 985 L,
984 942 1107 992 filius,
1138 942 1212 998 qui
1247 950 1410 998 patrem
1445 957 1470 982 a
1503 940 1725 982 vexatione
1760 940 1834 981 tri-

437 1004 607 1045 bunicia
645 1002 941 1051 vindicaverat,
979 1015 1031 1042 ex
1072 1000 1249 1041 statione
1290 999 1344 1040 ad
1383 999 1628 1040 dictatorem
1668 997 1832 1054 pergit:

440 1067 451 1086 ⁶
467 1061 636 1103 Iniussu
657 1060 757 1113 tuo,’
778 1059 930 1115 inquit,
964 1064 975 1082 ‘
991 1058 1229 1113 imperator,
1250 1066 1368 1098 extra
1395 1055 1587 1097 ordinem
1615 1069 1836 1110 nunquam

440 1125 452 1143 ⁶
467 1118 768 1175 pugnaverin13
810 1132 910 1166 non,
947 1116 981 1157 si
1021 1124 1177 1156 certam
1212 1114 1427 1155 victoriam
1462 1113 1638 1154 videam.
1705 1111 1749 1154 Si
1788 1120 1836 1153 tu

441 1175 688 1232 ‘permittis,
724 1174 818 1216 volo
856 1189 934 1229 ego
972 1172 1032 1213 illi
1069 1172 1232 1213 belluae
1264 1171 1497 1220 ostendere,
1527 1169 1697 1226 quando
1728 1168 1835 1210 adeo

441 1234 587 1275 ‘ferox
616 1232 843 1289 praesultat
872 1230 1055 1271 hostium
1088 1229 1228 1285 signis,
1251 1244 1318 1269 me
1347 1243 1399 1269 ex
1426 1243 1476 1269 ea
1498 1227 1654 1268 familia
1682 1236 1834 1276 ortum,

441 1298 576 1347 ‘quae
613 1289 833 1331 Gallorum
864 1303 1015 1344 agmen
1048 1302 1101 1328 ex
1132 1301 1235 1342 rupe
1270 1286 1452 1341 Tarpeia
1482 1284 1662 1326 deiecit?
1721 1283 1836 1325 Tum

440 1348 629 1397 dictator,
671 1347 842 1388 ‘Macte
878 1345 1059 1394 virtute,⁷
1094 1344 1246 1399 inquit,
1293 1349 1367 1384 ‘ac
1402 1343 1557 1398 pietate
1594 1341 1639 1382 in
1673 1349 1836 1398 patrem

441 1412 452 1430 ‘
468 1405 743 1461 patriamque,
767 1404 817 1445 T.
835 1402 985 1451 Manli,
1008 1411 1108 1443 esto.
1173 1401 1322 1456 Perge,
1345 1408 1388 1441 et
1415 1414 1572 1441 nomen
1593 1399 1836 1440 Romanum

440 1469 451 1486 ‘
467 1463 683 1511 invictum,
704 1461 943 1503 iuvantibus
964 1459 1056 1509 diis,
1078 1458 1266 1515 praesta.⁷
1316 1458 1499 1498 Armant
1519 1456 1617 1498 inde
1639 1456 1836 1498 iuvenem

441 1519 659 1574 aequales:
694 1519 885 1574 pedestre
915 1525 1080 1559 scutum
1109 1516 1233 1572 capit,
1258 1514 1451 1571 Hispano
1473 1514 1656 1570 cingitur
1682 1513 1834 1570 gladio,
1848 1498 1877 1581 g.

442 1686 560 1716 nempe
587 1675 712 1706 videtur
735 1674 883 1707 Ciceroni
908 1674 1013 1705 dictus
1038 1684 1115 1711 esse,

444 1720 534 1759 quasi
551 1720 643 1750 timor
658 1720 778 1748 multus
792 1731 800 1754 ,·
826 1718 901 1748 licet
916 1717 1013 1746 hodic
1030 1716 1115 1746 docti

445 1763 607 1792 deducant
623 1761 731 1800 potius
753 1771 772 1791 a
794 1758 924 1799 tumeo.)
969 1760 989 1774 ‘⁴
1002 1759 1119 1797 Itaque

444 1804 581 1835 maiores
616 1803 714 1833 nostri
745 1803 923 1833 tumultum
955 1801 1120 1837 Italicum,

445 1847 531 1886 quod
542 1850 609 1876 erat
620 1845 814 1876 domesticus
826 1858 833 1881 3
851 1845 1027 1874 tumultum
1041 1843 1117 1873 Gal-

446 1890 557 1926 licum,
584 1889 669 1928 quod
696 1891 763 1918 erat
792 1886 909 1918 Italiae
940 1885 1120 1922 finiti1nus3

447 1935 611 1971 praeterea
634 1931 761 1960 nullum
777 1930 956 1959 tumultum
975 1927 1119 1958 nomina-

446 1975 534 2004 bant.
567 1973 707 2004 Gravius
721 1976 831 2002 autem
846 1971 1024 2001 tumultum
1040 1980 1119 2006 esse,

446 2026 543 2056 quam
556 2017 690 2052 bellum,
700 2015 776 2045 hinc
788 2013 924 2052 intelligi
938 2013 1024 2050 licet,
1035 2012 1120 2051 quod

446 2059 533 2088 bello
555 2057 739 2088 vacationes
754 2057 875 2093 valent,
891 2056 1035 2085 tumultu
1055 2064 1120 2084 non

446 2101 590 2131 valent.”
635 2100 729 2130 Ideni
753 2098 842 2129 aliud
863 2098 987 2137 agendo
1006 2096 1120 2127 descri-

446 2143 493 2173 bit
512 2153 550 2173 ea
565 2153 647 2182 quae
670 2142 848 2172 tumultum
872 2139 1017 2171 comitari
1039 2140 1120 2170 sole-

445 2186 535 2222 bant,
554 2185 639 2216 Phil.
654 2195 681 2215 v.
700 2194 749 2224 31.
794 2185 815 2199 “
829 2183 1058 2219 ΤιιῑηιιΙῖωη,”
1073 2182 1119 2211 in-

445 2228 527 2267 quit,
541 2229 562 2243 ‘⁶
576 2227 715 2264 decerni,
737 2225 895 2256 iustitium
919 2224 1028 2261 indici,
1045 2234 1120 2263 saga

445 2270 528 2301 sumi
553 2269 624 2300 dico
648 2274 806 2309 oportere,
822 2268 985 2298 delectum
1009 2266 1119 2296 haberi

445 2312 580 2343 sublatis
593 2311 814 2342 vacationibus
826 2310 858 2340 in
872 2311 950 2339 urbe
962 2313 994 2339 et
1006 2309 1038 2338 in
1053 2309 1118 2340 Ita-

445 2354 522 2385 lia.”
556 2354 600 2384 Et
616 2355 730 2384 eodem
746 2353 843 2383 modo
860 2352 971 2382 Livius
986 2351 1056 2381 infr.
1068 2352 1118 2381 28.

445 2399 466 2414 “
481 2397 594 2433 Quum
611 2395 715 2436 (quod
734 2405 791 2435 per
812 2404 945 2433 magnos
959 2394 1120 2424 turnultus

446 2438 545 2480 solet)
572 2439 694 2469 iustitio
722 2437 857 2474 indicto,
881 2436 1026 2466 delectus
1052 2435 1120 2466 sine

447 2481 669 2512 vacationibus
697 2479 827 2510 habitus
854 2480 971 2509 esset.”
1024 2478 1120 2513 Quae

445 2528 555 2554 tamen
579 2523 688 2554 omnia
708 2522 754 2552 ita
776 2520 967 2560 accipienda
984 2524 1070 2556 sunt,
1084 2523 1121 2549 ut

445 2567 617 2603 tumultus,
633 2568 759 2605 praeter
778 2564 863 2594 hanc
881 2562 1072 2593 strictiorem
1088 2565 1120 2592 et

446 2608 589 2639 maxime
635 2606 798 2647 propriam
844 2604 1120 2644 significationem,

447 2650 546 2681 etiam
576 2650 696 2680 laxiore
727 2659 820 2680 sensu
847 2647 1024 2687 quamlibet
1051 2656 1119 2686 per-

447 2692 664 2723 turbationem
690 2702 729 2722 ae
752 2690 1000 2730 trepidationem
1023 2689 1119 2719 deno-

449 2738 505 2766 tet.
530 2735 636 2766 CREV.
668 2733 707 2764 ef.
725 2744 809 2773 supr.
827 2732 858 2763 ii.
877 2732 926 2763 26.
946 2731 995 2762 vii.
1012 2741 1063 2770 42.

490 2778 509 2807 8
532 2779 685 2808 Pedes-tre
699 2780 824 2807 scutum
839 2776 943 2814 capit]
971 2775 1034 2804 Pro
1050 2783 1120 2812 par-

447 2827 500 2847 ma
516 2819 679 2853 nimirum.
694 2828 791 2857 quam
812 2817 935 2856 equites
957 2817 1120 2856 gerebant.

448 2859 488 2888 In
505 2859 565 2889 hac
582 2870 690 2899 pugna
705 2860 914 2890 describenda
929 2863 1058 2889 secutus
1073 2862 1121 2888 est

447 2900 558 2931 Livius
581 2901 756 2937 Claudium
781 2901 1046 2940 Quadrigarium,
1068 2911 1120 2931 cu-

1160 1673 1210 1704 ius
1234 1675 1329 1704 verba
1353 1673 1416 1704 vid.
1439 1673 1528 1712 apud
1551 1673 1590 1703 A.
1611 1671 1699 1703 Gen.
1720 1671 1763 1702 ix.
1789 1680 1837 1711 13.

1161 1716 1267 1747 CnEv.

1206 1767 1225 1798 9
1248 1758 1399 1796 Hispano
1416 1781 1422 1787 .
1434 1780 1441 1787 .
1456 1780 1463 1787 .
1477 1757 1602 1796 yladz’o]
1625 1755 1763 1787 Gladius
1776 1756 1837 1787 Hi-

1164 1800 1314 1839 spanicus
1335 1799 1491 1830 brevitate
1512 1799 1603 1838 agilis
1625 1802 1705 1835 erat.
1720 1800 1741 1814 “
1755 1798 1838 1838 pari-

1163 1844 1308 1881 terque‚”
1331 1841 1435 1881 inquit
1452 1842 1566 1881 Polyb.
1585 1841 1624 1871 vi.
1642 1850 1691 1880 23.
1716 1842 1736 1857 ‘⁶
1748 1845 1780 1872 et
1795 1841 1838 1872 ad

1164 1885 1311 1923 punctim
1334 1884 1529 1914 laedendum
1553 1883 1726 1918 excellens,
1743 1888 1774 1914 et
1795 1884 1838 1915 ad

1165 1927 1282 1957 caesim
1307 1936 1347 1956 ex
1376 1930 1512 1965 utraque
1542 1930 1632 1965 parte
1657 1925 1838 1956 feriendum

1165 1969 1347 1999 vehemens.
1393 1969 1572 1999 Constabat
1601 1968 1687 1998 enim
1716 1968 1839 1999 lamina

1165 2011 1273 2041 valida
1289 2014 1321 2041 et
1335 2011 1461 2041 firma.”
1493 2010 1544 2040 Eo
1560 2010 1703 2041 Romani
1718 2010 1839 2042 milites

1164 2054 1348 2084 utebantur.
1391 2054 1567 2093 Hispanici
1590 2053 1768 2092 appellatio
1791 2053 1838 2084 in-

1166 2095 1252 2126 dicat
1268 2106 1342 2126 eum
1359 2096 1526 2126 Romanos
1548 2096 1589 2125 ab
1610 2095 1768 2134 Hispanis
1787 2105 1838 2126 ac-

1165 2138 1297 2178 cepisse.
1343 2138 1407 2169 Sed
1437 2137 1487 2168 his
1512 2138 1713 2177 temporibus
1738 2139 1838 2177 quod-

1164 2191 1239 2211 nam
1270 2180 1429 2211 Romanis
1459 2190 1533 2210 cum
1561 2179 1724 2219 Hispania
1753 2190 1838 2211 eom-

1162 2222 1318 2255 mercium
1331 2226 1399 2254 erat
1410 2226 1423 2253 Ξ)
1457 2223 1501 2253 Et
1515 2223 1672 2261 Polybius
1685 2221 1775 2253 testis
1791 2225 1838 2254 est

1165 2266 1332 2296 Romanos
1361 2266 1448 2296 bello
1470 2264 1692 2295 Hannibalico
1714 2265 1839 2304 gladios

1166 2308 1331 2347 Hispanos
1357 2317 1415 2347 pro
1442 2307 1552 2346 patriis
1578 2316 1739 2337 assumere
1767 2317 1837 2338 coe-

1164 2350 1257 2389 pisse.
1309 2349 1467 2380 Dicamus
1495 2348 1592 2388 igitur
1621 2358 1694 2378 eum
1726 2347 1837 2388 Lipsio

1166 2392 1306 2429 Livium,
1317 2392 1383 2422 sive
1398 2391 1505 2431 potius
1518 2390 1768 2431 Quadrigarium
1784 2391 1838 2422 hic

1164 2434 1305 2465 indicare
1319 2434 1455 2464 voluisse
1477 2433 1620 2473 gladium
1644 2434 1838 2472 pedestrem,

1164 2477 1219 2515 qui
1238 2477 1380 2507 diversus
1402 2479 1470 2506 erat
1492 2476 1532 2505 ab
1555 2475 1712 2514 equestri:
1737 2485 1837 2515 quum

1164 2522 1273 2548 autem
1296 2518 1353 2548 illo
1376 2528 1455 2548 aevo
1479 2528 1543 2557 quo
1566 2517 1724 2548 scribebat
1747 2517 1838 2554 Quae

1165 2560 1329 2599 drigarius,
1346 2560 1472 2600 gladius
1495 2561 1718 2591 Romanorum
1743 2561 1838 2600 pede-

1165 2606 1228 2633 ster
1242 2604 1445 2642 Hispanicus
1468 2606 1500 2633 et
1523 2605 1616 2640 esset,
1635 2606 1668 2632 et
1688 2602 1838 2633 vocifere-

1165 2649 1228 2683 tur,
1252 2645 1346 2675 illum
1375 2645 1563 2684 scriptorem
1593 2645 1739 2675 locutum
1769 2653 1838 2674 esse

1165 2698 1205 2718 ex
1228 2697 1304 2718 suae
1326 2687 1441 2718 aetatis
1464 2686 1707 2724 consuetudine,
1726 2695 1837 2725 quam-

1166 2730 1212 2760 vis
1225 2730 1352 2770 gladius
1366 2739 1430 2769 quo
1447 2729 1593 2760 Manlius
1607 2739 1684 2759 usus
1698 2731 1757 2765 est,
1772 2737 1837 2758 non

1165 2772 1260 2803 fuerit
1283 2782 1392 2802 revera
1416 2771 1626 2811 Hispanicus,
1644 2771 1699 2801 sed
1722 2779 1762 2800 ex
1785 2779 1837 2800 ve-

1166 2814 1224 2845 teri
1250 2815 1474 2845 Romanorum
1503 2823 1601 2844 more.
1647 2812 1723 2844 Vid.
1747 2811 1836 2852 Lips.

1166 2857 1206 2888 de
1223 2857 1296 2888 Mil.
1315 2857 1411 2889 Rom.
1428 2855 1471 2887 iii.
1490 2865 1517 2894 3.
1541 2856 1647 2888 ΟΜΝ,
