1934 3211
594 193 722 234 LIB.
758 193 834 235 IV.
884 194 1032 236 CAP.
1067 199 1134 239 27.
1480 202 1562 240 253

159 285 317 327 bellum
347 284 548 325 differtur.
613 284 679 326 Ita
713 284 833 326 dubii
868 300 1039 342 quoque
1070 286 1276 328 inclinant
1307 289 1361 329 ad
1392 291 1564 331 nomina
1580 302 1623 333 U.
1641 302 1679 334 C.
1699 311 1770 342 3²4·

159 342 309 383 danda.
372 341 430 382 Et
448 341 646 383 Hernicis
666 342 914 398 Latinisque
936 343 1090 385 milites
1105 344 1316 400 imperati:
1351 347 1563 403 utrimque
1578 345 1617 374 A.
1642 345 1680 376 C.
1698 347 1771 384 428-

159 399 283 441 enixe
305 399 523 440 obeditum
544 399 738 441 dictatori
758 409 831 441 est.

220 455 340 498 Haec
369 457 511 498 omnia
537 457 748 498 celeritate
777 457 940 513 ingenti
969 466 1083 499 acta:
1117 458 1348 516 relictoque
1381 459 1431 501 C.
1456 459 1566 501 Iulio
1645 464 1712 502 27.

128 513 331 555 sconsule
352 514 406 554 ad
433 515 688 570 praesidium
717 515 842 564 urbis,
865 523 908 555 et
937 515 986 556 L.
1011 515 1121 557 Iulio
1153 517 1352 573 magistro
1373 518 1567 574 equitum

127 586 148 618 9
161 571 212 612 ad
226 571 363 612 subita
379 572 477 612 belli
494 572 736 621 ministeria,
754 587 807 613 ne
821 587 905 628 qua
921 587 998 622 res,
1021 588 1106 629 qua
1121 574 1336 630 eguissent
1348 575 1394 615 in
1410 575 1566 624 castris,

160 638 402 678 moraretur,
417 629 608 679 dictator,
622 639 850 686 praeeunte
865 629 919 670 A.
933 629 1134 672 Cornelio
1147 632 1347 687 pontifice
1368 632 1566 681 maximo,

131 701 143 722 ¹
159 685 282 727 ludos
302 701 476 742 magnos
496 687 702 728 tumultus
729 702 853 728 causa
879 688 1018 729 vovit:
1052 688 1348 745 profectusque
1377 690 1428 730 ab
1450 690 1566 738 urbe,

160 744 295 785 diviso
322 759 419 785 cum
445 744 650 792 Quinctio
681 744 852 786 consule
883 746 1086 795 exercitu,
1109 746 1162 787 ad
1193 747 1333 788 hostes
1361 747 1564 803 pervenit.

164 801 282 843 Sicut
312 802 412 842 bina
439 811 572 843 eastra
601 802 798 851 hostium,
827 817 954 858 parvo
985 803 1096 844 inter
1123 819 1165 845 se
1191 805 1325 860 spatio
1355 804 1566 854 distantia,

159 859 364 908 viderant,
388 859 465 915 ipsi
495 875 664 915 quoque
698 859 811 901 mille
832 860 961 901 ferme
983 876 1126 916 passus
1154 862 1205 902 ab
1235 861 1366 911 hoste,
1389 861 1569 902 dictator

161 917 362 965 Tusculo,
394 917 541 958 consul
574 917 779 965 Lanuvio,
811 918 1049 973 propiorem
1086 918 1226 959 locum
1264 919 1407 960 castris
1444 934 1567 974 cepe-

161 985 271 1015 runt.
335 974 399 1015 Ita
419 984 618 1030 quattuor
634 975 854 1024 exercitus,
873 975 1048 1016 totidem
1067 976 1331 1017 munimenta
1347 976 1567 1032 planitiem

162 1032 207 1073 in
228 1032 380 1081 medio,
400 1047 486 1073 non
506 1033 642 1088 parvis
659 1032 785 1073 modo
806 1033 1124 1074 excursionibus
1145 1033 1197 1074 ad
1218 1034 1389 1089 proelia,
1407 1033 1481 1074 sed
1504 1033 1569 1074 vel

162 1089 216 1130 ad
249 1089 520 1146 explicandas
556 1090 768 1145 utrimque
802 1090 911 1130 acies
947 1090 1044 1130 satis
1080 1100 1308 1146 patentem,
1342 1091 1564 1132 habebant.

165 1146 273 1197 Nec,
296 1162 350 1188 ex
373 1162 457 1202 quo
486 1147 629 1188 eastris
658 1157 791 1188 castra
815 1146 967 1188 collata
992 1157 1102 1197 sunt,
1126 1158 1331 1189 cessatum
1364 1164 1387 1189 a
1408 1148 1569 1189 levibus

163 1204 332 1261 procliis
353 1214 434 1252 est;
467 1205 586 1246 facile
604 1205 790 1261 patiente
813 1204 1029 1254 dictatore,
1048 1205 1304 1247 conferendo
1321 1206 1428 1247 vires
1449 1220 1567 1262 spem

164 1262 381 1303 universae
412 1262 622 1311 victoriae,
650 1271 810 1303 tentato
838 1262 1057 1318 paullatim
1085 1272 1241 1304 eventu
1273 1263 1566 1312 certaminum,

163 1335 259 1361 suos
287 1320 538 1376 praecipere.
601 1319 751 1375 Itaque
778 1319 929 1369 hostes,
961 1319 1076 1360 nulla
1104 1320 1147 1360 in
1176 1320 1335 1376 proelio
1363 1321 1473 1361 iusto
1504 1336 1568 1361 re-
1583 1329 1784 1377 oppugnata

164 1377 263 1419 licta
290 1392 377 1433 spe,
401 1386 529 1418 noctu
559 1377 692 1418 adorti
715 1386 847 1417 eastra
878 1376 1074 1425 consulis,
1097 1392 1185 1418 rem
1215 1378 1256 1418 in
1288 1393 1431 1418 casum
1454 1378 1568 1418 anci·
1582 1374 1725 1444 &fit-”¹¹¹⁸

164 1435 262 1492 pitis
291 1445 466 1476 eventus
493 1435 774 1476 committunt.
840 1433 1013 1475 Clamor
1042 1434 1181 1475 subito
1207 1444 1335 1484 ortus,
1359 1449 1444 1475 non
1468 1450 1569 1476 con—
1582 1425 1636 1445 ω’
1653 1425 1697 1444 η’

164 1492 264 1533 sulis
286 1493 412 1534 modo
427 1492 583 1547 vigiles,
602 1491 833 1532 exercitum
851 1490 1006 1531 deinde
1024 1507 1207 1541 omnem,
1226 1492 1301 1533 sed
1318 1491 1567 1533 dictatorem

164 1565 334 1607 quoque
357 1565 409 1591 ex
430 1565 577 1590 somno
605 1549 771 1590 excivit.
837 1548 924 1589 Ubi
946 1549 1155 1604 praesenti
1177 1564 1256 1605 ope
1286 1564 1351 1590 res
1372 1549 1566 1605 egebant,

164 1607 310 1649 consul
332 1622 410 1648 nec
431 1607 572 1648 animo
590 1606 756 1655 defecit,
775 1621 853 1646 nec
875 1605 1075 1647 consilio:
1110 1622 1204 1663 pars
1226 1606 1406 1648 militum
1431 1616 1570 1663 porta-

165 1680 257 1706 rum
289 1665 488 1706 stationes
520 1664 713 1705 firmant:
757 1678 852 1719 pars
884 1679 1039 1704 corona
1074 1664 1229 1705 vallum
1263 1664 1452 1720 cingunt.
1517 1663 1567 1705 In

164 1722 304 1764 alteris
326 1721 439 1778 apud
467 1721 715 1762 dictatorem
737 1721 893 1770 castris,
917 1736 1002 1776 quo
1031 1721 1171 1762 minus
1194 1721 1399 1762 tumultus
1420 1730 1495 1771 est,
1519 1737 1569 1763 eo

133 1781 258 1837 zplus
285 1778 642 1828 animadvertitur,
666 1778 770 1834 quid
798 1793 902 1834 opus
927 1779 1036 1819 facto
1065 1779 1127 1820 sit.
1193 1778 1326 1820 Misso
1355 1779 1570 1835 extemplo

164 1838 218 1880 ad
239 1847 371 1879 castra
390 1837 589 1886 subsidio,
612 1836 680 1877 cui
712 1835 782 1892 Sp.
806 1835 1050 1877 Postumius
1073 1835 1208 1877 Albus
1237 1836 1398 1892 legatus
1419 1837 1570 1893 praefi-

164 1896 286 1945 citur,
318 1895 406 1951 ipse
445 1903 562 1950 parte
598 1893 813 1950 copiarum
846 1908 974 1949 parvo
1005 1894 1184 1935 circuitu
1214 1893 1353 1935 locum
1387 1894 1570 1934 maxime

165 1961 371 1995 secretum
403 1953 454 1993 ab
486 1951 670 1992 tumultu
700 1951 819 2006 petit,
853 1950 966 1991 unde
1003 1966 1056 1991 ex
1093 1951 1348 2007 necopinato
1380 1966 1570 1992 aversum

164 2010 329 2052 hostem
360 2009 541 2050 invadat.
607 2008 661 2056 Q.
698 2007 931 2063 Sulpicium
963 2007 1148 2062 legatum
1177 2008 1368 2063 praeficit
1398 2008 1566 2048 castris:

167 2067 229 2108 M.
255 2067 383 2108 Fabio
412 2067 550 2120 legato
579 2065 760 2119 assignat
788 2064 977 2119 equites:
1013 2079 1090 2105 nec
1113 2074 1209 2105 ante
1232 2064 1369 2105 lucem
1403 2079 1569 2104 movere

166 2125 283 2165 iubet
305 2138 488 2172 manum,
509 2123 616 2163 inter
632 2131 859 2162 nocturnos
881 2120 1085 2161 tumultus
1107 2120 1325 2161 moderatu
1341 2120 1567 2161 difficilem.

169 2181 338 2229 Omnia,
362 2195 469 2236 quae
491 2179 555 2220 vel
585 2178 690 2218 alius
712 2179 936 2233 imperator
956 2177 1141 2233 prudens
1169 2187 1212 2218 ct
1234 2178 1412 2233 impiger
1434 2177 1474 2217 in
1499 2177 1568 2218 tali

166 2254 210 2280 re
232 2237 490 2294 praeciperet
513 2245 754 2290 ageretque,
777 2234 979 2291 praecipit
1001 2234 1148 2275 ordine
1171 2244 1297 2290 atque
1320 2234 1430 2289 agit:
1467 2234 1570 2275 illud

166 2295 369 2337 eximium
384 2294 544 2336 consilii
563 2293 777 2348 animique
800 2292 1026 2348 specimen,
1049 2302 1091 2332 et
1109 2292 1355 2347 neutiquam
1374 2291 1569 2345 vulgatae

167 2352 314 2400 laudis,
347 2351 462 2407 quod
500 2350 607 2391 ultro
643 2349 695 2390 ad
729 2349 1014 2405 oppugnanda
1049 2360 1182 2390 castra
1219 2349 1417 2397 hostium,
1457 2348 1569 2389 unde

167 2410 322 2452 maiore
351 2409 517 2463 agmine
548 2407 754 2464 profectos
782 2406 1043 2462 exploratum
1075 2407 1220 2455 fuerat,
1245 2405 1306 2447 M.
1327 2405 1569 2458 Geganium

167 2482 263 2509 cum
300 2466 542 2508 cohortibus
575 2464 750 2506 delectis
792 2463 912 2504 misit.
979 2463 1081 2512 Qui,
1120 2473 1341 2519 postquam
1385 2463 1570 2504 intentos

212 2604 231 2632 8
255 2604 308 2633 Aa!
328 2603 525 2642 praesidinm
547 2603 652 2639 urbis]
683 2600 843 2631 Nimirum
894 2599 962 2628 iius
978 2609 1062 2638 supr.
1081 2599 1099 2629 i.
1119 2608 1167 2637 35.
1187 2599 1278 2628 ludos
1298 2608 1429 2634 mugnus
1452 2607 1471 2627 a
1493 2597 1570 2628 'sar-

168 2645 344 2684 lanionibus
376 2646 510 2674 urbanis
543 2644 733 2683 prm-fecum.
789 2642 845 2672 Le·
892 2641 992 2679 quinii
1015 2641 1110 2671 Prisci
1136 2641 1337 2679 temporibus
1352 2640 1500 2669 solennes
1516 2650 1569 2669 nn-

168 2687 279 2726 gionen
304 2687 445 2716 urbanae
470 2687 509 2716 nd
540 2685 732 2724 prm-sidium
761 2684 847 2713 urbis
893 2693 973 2712 num*
1003 2683 1164 2713 munais-w.
1224 2683 1338 2721 ltaque
1370 2682 1421 2712 hic
1454 2681 1569 2711 intelli-

169 2740 207 2759 ω(
236 2728 414 2769 proletariis
437 2733 535 2766 utque
557 2727 687 2757 aerariis
712 2726 848 2765 aliisque
893 2725 987 2762 genili
1017 2725 1164 2754 videntur
1193 2725 1257 2754 ludi
1286 2724 1414 2763 Magnis
1439 2723 1572 2757 similes,

169 2771 325 2802 oiumnmli
344 2770 544 2808 cmm-rimae
561 2775 644 2799 sunt.
893 2766 946 2805 qui
973 2767 1083 2796 undeni
1108 2767 1179 2801 diis,
1195 2767 1308 2797 codem
1334 2771 1492 2806 apparatu
1519 2767 1571 2796 fic-

212 2824 232 2854 9
249 2814 417 2843 Aduubiln
430 2813 501 2841 bellu·
515 2811 710 2847 ''edraim-rin]
730 2809 848 2844 itt-‚Qui
897 2814 975 2838 rent.
1002 2811 1108 2839 (mm.

170 2856 346 2887 exercitum
375 2865 392 2884 e
416 2855 596 2883 amiantum
624 2852 848 2882 milio-idiurium
942 2861 954 2880 2
983 2851 1151 2890 lia-templu
1171 2852 1214 2880 m!
1236 2851 1361 2888 eastra]
1389 2861 1431 2880 nc.
1449 2852 1571 2880 Consu-

170 2898 394 2928 conscriberet.
416 2896 671 2927 Nit1i·11r.is.n‹·1.
688 2896 756 2924 260.
768 2904 841 2933 ‘10²-
898 2894 945 2927 lin.
969 2904 1065 2931 quam
1095 2903 1204 2923 vocem
1234 2893 1285 2922 liic
1310 2902 1492 2932 expressam
1520 2902 1571 2921 eu-

220 2951 227 2970 ι
259 2941 361 2970 Lmlm
387 2940 534 2977 nmynnnl
580 2937 769 2967 >ta-inminuit
801 2935 849 2965 Li·
899 2945 1056 2974 peu-mun.
1081 2937 1188 2965 (¹1uzv.
