1934 3211
615 154 740 199 LIB.
776 154 828 195 V.
872 154 1019 196 CAP.
1058 159 1121 196 13.
1491 161 1574 199 303

165 258 260 285 rum
282 243 543 286 exsultantes
565 244 725 285 tribuni
745 243 894 300 plebis,
917 243 1035 299 quod
1063 244 1247 285 maxime
1269 247 1574 301 rempublicam
1591 258 1635 290 U.
1652 257 1691 290 C.
1711 267 1783 298 355·

165 301 437 357 impediebat,
464 300 518 341 de
548 301 706 341 tributo
733 301 999 341 remiserunt.
1065 299 1283 341 Collatum
1312 302 1574 353 obedienter,
1589 302 1629 333 A.
1654 302 1692 333 C.
1710 310 1785 342 397·

165 358 423 412 missumque
443 357 498 398 ad
514 357 750 398 exercitum
763 365 837 397 est.
881 357 1038 398 Anxur
1053 357 1099 397 in
1115 356 1282 399 Volscis
1297 359 1416 399 brevi
1431 375 1577 416 recep·
1659 368 1725 406 13.

165 422 256 455 tum
277 422 352 463 est,
375 414 579 470 neglectis
600 414 669 455 die
690 414 797 455 festo
819 413 1020 455 custodiis
1042 414 1168 455 urbis.

133 475 154 509 6
223 469 408 527 Insignis
429 486 564 512 annus
595 471 735 512 hieme
756 470 898 527 gelida
922 486 969 512 ac
997 471 1144 512 nivosa
1163 471 1257 521 fuit,
1280 472 1388 514 adeo
1410 482 1457 514 ut
1484 473 1576 515 viae

165 527 342 578 clausae,
367 528 536 569 Tiberis
557 528 852 584 innavigabilis
872 528 1010 569 fuerit.
1077 528 1263 570 Annona
1284 544 1337 570 ex
1360 538 1458 571 ante
1476 545 1579 571 con-

164 594 286 626 vecta
305 585 428 642 copia
448 585 552 626 nihil
577 586 767 626 mutavit.
832 585 890 626 Et
911 585 1012 641 quia
1043 585 1091 626 P.
1108 585 1314 636 Licinius,
1338 595 1386 628 ut
1407 597 1578 643 ceperat

164 642 281 684 haud
301 642 561 684 tumultuose
583 643 887 699 magistratum,
910 643 1068 685 maiore
1090 643 1247 700 gaudio
1276 644 1424 700 plebis,
1449 659 1577 700 quam

164 698 457 756 indignatione
500 700 689 749 Patrum,
732 700 792 741 ita
832 700 959 741 etiam
1000 701 1154 756 gessit3
1198 700 1383 742 dulcedo
1424 702 1578 742 invasit

195 757 369 799 roximis
404 757 586 798 comitiis
628 757 894 798 tribunorum
935 757 1120 799 militum
1160 757 1348 814 plebeios
1389 759 1574 800 creandi.

164 771 293 855 {Inus
323 813 386 855 M.
411 813 616 855 Veturius
651 830 705 856 ex
741 814 928 871 patriciis
963 815 1199 856 candidatis
1231 815 1373 857 locum
1409 816 1692 857 tenuit:U.C.
1711 825 1782 865 356·

194 870 354 913 lebeios
384 870 487 913 alios
518 872 710 913 tribunos
737 871 921 913 militum
952 872 1161 914 consulari
1189 881 1397 929 potestate
1428 888 1575 915 omnes
1590 869 1629 941 §ff
1648 868 1690 940 ξ·
1710 868 1782 916 399·

164 886 252 969 {ere
284 929 499 969 centuriae
529 928 689 979 dixere,
717 929 780 970 M.
800 929 1100 985 Pomponium,
1133 929 1183 971 C.
1205 930 1415 980 Duilium,
1445 930 1576 972 Vole-
1589 915 1799 985 Θῒρχῗιῇῗῑῗζ

138 995 314 1027 7ronem
335 985 582 1036 Publilium,
611 985 692 1027 Cn.
715 986 972 1036 Genucium,
996 987 1046 1028 L.
1067 987 1261 1029 Atilium.

226 1042 411 1084 Tristem
433 1042 630 1093 hiemem,
654 1043 740 1084 sive
762 1059 817 1085 ex
838 1044 1090 1100 intemperie
1112 1044 1232 1094 coeli,
1255 1045 1410 1101 raptim
1437 1053 1575 1086 muta-

168 1099 283 1141 tione
314 1100 359 1140 in
390 1101 650 1141 contrarium
682 1100 804 1151 sacta,
841 1101 927 1142 sive
960 1101 1042 1142 alia
1072 1117 1157 1158 qua
1187 1102 1240 1143 de
1272 1117 1408 1152 causa,
1438 1103 1576 1159 gravis

167 1156 453 1213 pestilensque
483 1158 678 1199 omnibus
700 1157 950 1200 animalibus
979 1167 1113 1200 aestas
1141 1160 1334 1215 excepit:
1369 1160 1489 1200 cuius
1510 1160 1576 1200 in-
1591 1171 1794 1203 Pestilentia.

135 1213 342 1255 Ssanabili
363 1215 551 1270 pernicie
573 1216 746 1271 quando
775 1231 854 1257 nec
883 1231 1008 1257 causa
1028 1232 1106 1258 nec
1139 1216 1235 1257 finis
1266 1217 1573 1267 inveniebatur,

166 1270 263 1312 libri
305 1270 501 1328 Sibyllini
535 1288 589 1314 ex
629 1273 993 1314 senatusconsulto
1030 1273 1134 1314 aditi
1174 1283 1282 1315 sunt.
1347 1274 1575 1315 Duumviri
1590 1285 1761 1317 Lectister-

135 1328 292 1370 9sacris
319 1328 541 1380 faciundis,
564 1330 822 1371 lectisternio
845 1340 947 1371 tunc
975 1331 1159 1386 primum
1182 1331 1226 1371 in
1248 1331 1350 1372 urbe
1382 1331 1577 1373 Romana
1589 1328 1680 1358 nium
1698 1329 1760 1369 pri-

167 1385 290 1435 facto,
353 1401 400 1427 er
434 1386 524 1428 dies
556 1396 650 1429 octo
685 1387 932 1444 Apollinem
968 1388 1279 1444 Latonamque,
1312 1388 1498 1429 Dianam
1533 1396 1576 1430 ct
1589 1381 1690 1402 mum.

169 1401 416 1494 Herculem,
440 1443 703 1486 Mercurium
726 1453 853 1500 atque
884 1444 1138 1501 Neptunum
1161 1445 1307 1495 tribus,
1331 1461 1459 1501 quam
1488 1460 1576 1486 am-

167 1500 352 1556 plissime
375 1509 465 1542 tum
487 1502 676 1558 apparari
698 1510 875 1558 poterat,
898 1502 1036 1543 stratis
1057 1501 1177 1543 lectis
1197 1502 1427 1558 placavere.
1482 1502 1577 1544 Pri-

167 1557 297 1598 vatim
313 1573 482 1614 quoque
506 1559 550 1599 id
571 1573 734 1600 sacrum
756 1559 1014 1600 celebratum
1032 1567 1106 1601 est.
1170 1559 1282 1601 Tota
1302 1561 1405 1602 urbe
1427 1568 1576 1616 paten-

168 1614 281 1656 tibus
302 1615 452 1665 ianuis,
470 1616 795 1672 promiscuoque
814 1631 892 1657 usu
913 1631 1052 1658 rerum
1075 1616 1267 1658 omnium
1289 1617 1333 1658 in
1350 1617 1575 1674 propatulo

166 1672 315 1769 posito,
334 1681 455 1713 notos
472 1673 723 1729 ignotosque
740 1674 894 1729 passim
916 1673 1098 1715 advenas
1116 1674 1161 1714 in
1177 1674 1408 1730 hospitium
1425 1675 1575 1716 ductos

182 1738 329 1778 erunt3
363 1738 407 1770 et
441 1744 539 1770 cum
571 1730 754 1771 inimicis
785 1746 956 1786 quoque
988 1731 1172 1787 benigne
1202 1746 1250 1771 ac
1281 1733 1459 1773 comiter
1489 1747 1575 1773 ser-

166 1800 313 1827 mones
325 1786 503 1836 habitos,
521 1787 667 1842 iurgiis
683 1802 730 1827 ac
744 1786 888 1827 litibus
902 1796 1202 1843 temperatum3
1233 1788 1385 1830 vinctis
1402 1804 1573 1845 quoque

166 1842 339 1900 dempta
360 1844 404 1885 in
425 1859 496 1885 eos
517 1844 609 1885 dies
630 1843 821 1893 vincula3
855 1844 1051 1900 religioni
1072 1845 1230 1886 deinde
1255 1845 1397 1896 fuisse,
1421 1847 1574 1902 quibus

166 1915 258 1942 cam
287 1917 312 1942 ο
344 1916 412 1942 em
437 1901 498 1942 dii
530 1901 738 1951 tulissent,
768 1901 927 1942 vinciri.
992 1901 1169 1943 Interim
1195 1902 1250 1943 ad
1278 1902 1410 1944 Veios
1441 1913 1575 1945 terror
1590 1916 1756 1948 Proelium

167 1916 391 2014 multiplex
426 1959 530 2007 fuit3
575 1959 708 1999 tribus
741 1959 784 1999 in
815 1974 948 1999 unum
979 1959 1101 2000 bellis
1133 1959 1306 2001 collatis.
1373 1960 1573 2017 Namque
1588 1960 1629 1990 ad
1648 1960 1758 1991 Veios.

166 2015 331 2065 eodem,
361 2031 447 2071 quo
475 2024 611 2064 antea,
639 2015 765 2056 modo
791 2016 903 2056 circa
928 2016 1205 2065 munimenta,
1233 2032 1365 2072 quum
1398 2027 1573 2073 repente

170 2071 410 2136 Capenates
439 2072 674 2128 Faliscique
702 2072 888 2112 subsidio
917 2072 1142 2121 venissent,
1165 2073 1363 2114 adversus
1390 2083 1472 2115 tres
1500 2090 1574 2115 cx-

167 2138 321 2170 erc1tus
341 2129 514 2184 ancipiti
537 2128 696 2184 proelio
718 2141 952 2185 pugnatum
974 2138 1048 2170 est.
1113 2130 1228 2171 Ante
1251 2131 1393 2171 omnia
1413 2131 1574 2172 adiuvit

214 2272 234 2303 6
259 2275 374 2305 Hieme
398 2274 523 2312 yelida]
567 2273 604 2303 In
636 2272 733 2303 Dion.
765 2272 845 2302 Exc.

168 2315 244 2347 vat.
263 2317 317 2347 xii.
335 2316 471 2354 legimus
493 2315 598 2345 nivem
616 2316 656 2345 nd
675 2315 845 2345 minimum

165 2359 266 2389 altam
284 2363 408 2398 septem
428 2359 527 2397 pedes
543 2358 649 2394 fuisse,
668 2358 775 2397 plures
792 2358 846 2387 bo-

166 2401 271 2431 mines
295 2402 499 2440 pecudesque
522 2400 635 2438 frigore
659 2401 849 2439 absumptos

167 2443 275 2479 fuisse,
292 2454 415 2473 necnon
433 2444 560 2473 arbores
575 2443 649 2481 gelu
666 2443 808 2474 adustas.

213 2493 229 2524 7
254 2488 312 2517 (¹11.
334 2487 532 2524 Genucium]
565 2487 790 2524 Aaynrinum,
813 2489 847 2515 ut

168 2537 206 2558 ex
224 2528 349 2567 Fmgm.
363 2528 448 2558 Fast.
461 2528 569 2568 Capit.
587 2531 735 2567 apparet,
749 2537 844 2566 quem

169 2570 338 2609 patricium
364 2570 460 2600 fuisse
483 2575 614 2600 censent
641 2570 796 2609 Burghes.
814 2573 846 2600 et

169 2612 306 2642 Niebhr.
363 2613 425 2642 Pro
451 2614 564 2649 Atilio,
590 2614 765 2643 Servilium
799 2622 842 2642 re-

169 2654 244 2694 poni
274 2654 409 2684 Niebhr.
439 2655 519 2691 vult,
546 2655 599 2685 sed
629 2654 783 2692 Burgbefl.
807 2656 844 2685 L.

167 2698 305 2727 Atilium
328 2696 469 2727 Priscum
492 2697 663 2734 legendum
683 2701 802 2727 monet.

217 2740 235 2767 8
265 2740 433 2777 l'eruim'e]
482 2740 570 2769 Olim
609 2749 701 2769 camus
736 2738 848 2769 tertius

168 2781 301 2820 quintae
314 2781 540 2812 declinationis
557 2792 619 2811 non
637 2782 740 2811 nolum
759 2781 790 2811 iu
807 2782 849 2816 ei,

168 2825 224 2855 ned
248 2824 278 2854 in
303 2836 320 2855 e
344 2824 590 2859 temiinabntur,
606 2823 768 2862 quomodo
791 2822 847 2854 eti-

891 2282 942 2302 am
972 2276 1096 2302 veteres
1124 2282 1232 2302 casum
1261 2273 1438 2303 secundum
1467 2274 1573 2304 termi-

892 2325 967 2344 nare
980 2315 1139 2349 solebant,
1150 2320 1186 2344 ut
1200 2315 1269 2345 infr.
1284 2315 1325 2345 ix.
1342 2324 1393 2354 37,
1414 2325 1470 2354 pro
1485 2317 1575 2355 geni-

893 2357 959 2387 tivo
975 2358 1038 2388 dies·
1063 2357 1093 2387 in
1120 2357 1208 2388 libris
1222 2357 1365 2396 antiquis
1380 2359 1431 2389 die
1449 2359 1573 2398 legitur.

895 2400 1010 2430 Dant.

934 2452 954 2482 ‘)
979 2443 1205 2479 Lean-ternio]
1246 2442 1345 2478 Quod
1370 2442 1482 2472 iisdem
1508 2443 1574 2474 sere

893 2484 996 2514 verbis
1019 2496 1038 2514 n
1064 2485 1161 2515 Dion.
1181 2485 1260 2515 Exe.
1283 2485 1357 2515 Vnt.
1378 2485 1432 2516 xii.
1459 2493 1485 2524 7.
1504 2495 1572 2515 nni·-

892 2532 989 2557 ratur.
1025 2526 1114 2557 Libri
1132 2527 1178 2556 illi
1194 2527 1345 2567 Sibyllini
1363 2538 1490 2566 semper
1503 2538 1572 2559 cue-

892 2569 1043 2599 rimonias
1069 2570 1212 2599 Graecus
1237 2570 1438 2599 adhibendas
1465 2580 1572 2601 mune-

890 2613 976 2642 bnnt.
1031 2612 1069 2642 In
1097 2612 1146 2641 his
1175 2622 1248 2642 vero
1275 2612 1380 2652 epulis
1406 2612 1478 2641 Diis
1506 2623 1571 2643 ma-

890 2654 1009 2684 ioribus
1036 2654 1111 2684 lecti
1137 2654 1168 2684 in
1195 2654 1252 2684 viis
1279 2655 1515 2691 sternebantur,
1540 2655 1572 2686 in

891 2697 1007 2735 quibus
1032 2706 1142 2727 corum
1168 2697 1417 2736 exponebantur
1442 2697 1572 2728 simuln-

893 2749 956 2769 cm.
989 2739 1027 2769 cf.
1049 2739 1123 2769 Val.
1142 2738 1232 2770 Max.
1250 2739 1281 2770 ii.
1304 2749 1328 2771 ι.
1351 2744 1383 2771 et
1407 2739 1478 2771 infr.
1495 2739 1572 2772 xxii.

899 2790 944 2812 ιο.
