1934 3211
410 196 488 238 172
922 193 1070 236 ΤΙΤΙ
1110 192 1289 235 LIVII

189 295 233 327 U.
251 295 289 326 C.
307 301 378 334 295.
406 284 460 325 ad
480 283 722 326 iudicium
710 300 771 326 ire
798 299 886 326 non
907 284 1094 336 auderet,
1116 300 1261 326 omnes
1282 299 1355 326 eae
1376 298 1453 334 res,
1475 283 1521 324 in
1541 298 1674 325 unum
1694 298 1795 325 con-

187 339 227 370 Α·
251 338 288 369 C.
306 344 378 376 457·
405 350 616 397 gruentes,
639 342 753 383 haud
783 343 915 398 magis
943 342 1115 383 dubiam
1136 342 1450 383 damnationem
1470 340 1642 391 Volscii,
1665 355 1794 396 quam

407 400 615 441 Kaesonis
636 399 807 441 Volscio
830 409 934 441 teste
955 399 1103 449 fuerat,
1126 399 1344 440 faciebant.
1407 398 1459 439 In
1490 413 1607 439 mora
1636 397 1793 439 tribuni

404 466 536 506 erant,
559 457 632 512 qui
654 457 823 498 comitia
843 466 1083 512 quaestores
1108 456 1261 497 habere
1284 457 1336 497 de
1358 472 1442 505 reo,
1464 456 1544 496 nisi
1573 456 1688 511 prius
1718 454 1792 495 ha-
1806 464 1824 495 3

402 514 491 555 bita
511 489 563 555 de
585 513 677 569 lege
700 523 849 563 essent,
872 528 1063 569 passuros
1094 514 1315 568 negabant
1379 512 1444 553 Ita
1469 521 1656 553 extracta
1678 520 1792 552 utra-

404 586 486 626 que
507 586 571 612 res
592 571 637 611 in
627 546 875 612 Dconsulum
898 571 1125 611 adventum
1147 578 1220 610 est.
1284 570 1371 618 Qui
1391 570 1464 610 ubi
1485 568 1791 624 triumphantes

402 628 557 669 victore
580 643 675 669 cum
697 627 885 669 exercitu
906 628 1052 668 urbem
1074 626 1271 675 inierunt,
1288 627 1388 682 quia
1403 626 1615 667 silentium
1628 625 1680 665 de
1696 624 1789 680 lege

404 694 503 734 erat,
537 685 748 741 perculsos
782 699 933 740 magna
953 698 1057 748 ‘pars
1094 683 1321 724 credebant
1355 683 1554 724 tribunos.
1618 681 1681 722 At
1714 682 1789 734 illi,

402 742 420 791 (
424 751 580 783 etenim
603 750 839 782 extremum
850 720 965 781 anni
986 741 1069 780 iam
1091 739 1198 794 erat)
1219 749 1413 795 quartum
1445 740 1686 780 affectantes
1716 740 1790 780 tri-

402 798 653 846 bunatum,
643 813 688 837 ln
709 798 973 838 comitiorum
995 797 1342 862 disceptationem
1373 797 1424 838 ab
1454 796 1546 852 lege
1577 804 1790 838 certamen

403 863 659 896 averterant:
694 863 737 895 et
758 870 890 910 quum
911 854 1101 896 consules
1129 854 1261 895 nihilo
1283 854 1420 894 minus
1441 853 1635 895 adversus
1656 854 1789 895 conti-

402 913 645 953 nuationem
669 912 916 962 tribunatus,
940 927 1065 967 quam
1097 912 1130 951 si
1155 911 1224 952 lex
1246 911 1500 952 minuendae
1522 926 1619 952 suae
1641 911 1790 952 maies-

402 970 496 1010 tatis
518 984 640 1009 causa
664 969 928 1025 promulgata
948 969 1136 1018 ferretur,
1160 968 1446 1018 tetendissent,
1465 968 1638 1009 victoria
1657 976 1790 1014 certa-

401 1026 524 1067 minis
545 1041 674 1082 penes
697 1027 885 1067 tribunos
905 1026 995 1067 fuit.

461 1083 623 1124 Eodem
646 1099 756 1124 anno
783 1084 946 1139 Aequis
977 1098 1059 1139 pax
1087 1091 1150 1124 est
1174 1084 1414 1139 petentibus
1435 1083 1542 1124 data.
1609 1082 1820 1133 Census,4

402 1155 466 1181 res
487 1141 622 1196 priore
646 1156 755 1182 anno
777 1141 983 1190 inchoata,
1005 1140 1241 1196 perficitur:
1276 1140 1404 1196 idque
1435 1140 1611 1182 lustrum
1633 1141 1683 1181 ab
1705 1140 1788 1181 ori-

400 1198 497 1254 gine
526 1198 638 1238 urbis
664 1198 876 1238 decimum
897 1198 1127 1238 conditum.
1190 1197 1379 1238 Fuerunt
1399 1212 1524 1238 censa
1543 1198 1697 1238 civium
1718 1212 1787 1238 ca·
1800 1207 1817 1240 5

400 1255 487 1311 pita
504 1264 673 1296 centum
691 1255 977 1311 septendecim
995 1254 1124 1295 millia
1142 1263 1328 1295 trecenta
1344 1254 1633 1296 novendecim.
1670 1254 1787 1296 Con-

400 1311 538 1352 sulum
566 1327 717 1368 magna
741 1312 855 1353 domi
886 1312 1068 1368 bellique
1099 1327 1148 1353 eo
1180 1327 1290 1352 anno
1320 1311 1452 1367 gloria
1471 1311 1573 1352 fuit:
1608 1311 1724 1367 quod
1743 1319 1788 1352 et

399 1369 497 1409 foris
526 1384 673 1424 pacem
703 1384 915 1425 peperere,
939 1378 982 1410 et
1002 1369 1128 1418 domi,
1152 1369 1229 1411 etsi
1250 1384 1337 1410 non
1357 1383 1542 1418 concors,
1565 1369 1704 1409 minus
1724 1377 1787 1409 ta-

400 1440 511 1475 men,
535 1441 661 1481 quam
683 1426 792 1475 alias,
816 1426 966 1467 infesta
985 1426 1128 1467 civitas
1148 1426 1237 1467 fuit.

458 1482 507 1522 L.
532 1482 748 1523 Minucius
769 1483 867 1524 inde
890 1492 932 1524 et
955 1482 1005 1524 C.
1031 1483 1215 1524 Nautius
1243 1483 1432 1524 consules
1462 1483 1560 1524 facti
1590 1482 1692 1524 duas
1721 1497 1787 1525 re-

400 1539 538 1580 siduas
560 1539 659 1579 anni
688 1540 836 1595 prioris
858 1555 999 1581 causas
1021 1550 1288 1595 exceperunt.
1353 1540 1517 1581 Eodem
1538 1540 1665 1581 modo
1685 1555 1786 1581 con-

400 1596 508 1637 sules
529 1595 678 1652 legem,
701 1596 857 1638 tribuni
878 1597 1081 1637 iudicium
1102 1597 1154 1637 de
1177 1596 1346 1638 Volscio
1367 1597 1676 1653 impediebant:
1711 1597 1785 1638 sed

397 1654 442 1694 in
455 1653 744 1709 quaestoribus
761 1654 878 1694 novis
900 1653 1030 1694 maior
1044 1653 1117 1702 vis,
1136 1653 1267 1694 maior
1283 1655 1504 1695 auctoritas
1525 1663 1624 1695 erat.
1671 1654 1784 1695 Cum

399 1710 461 1751 M.
486 1710 669 1759 Valerio,
696 1710 852 1751 Valerii
883 1710 982 1760 filio,
1016 1709 1160 1751 Volesi
1191 1719 1357 1766 nepote,
1389 1719 1584 1766 quaestor
1614 1719 1702 1752 erat
1730 1711 1817 1752 T.6

402 1767 629 1815 Quinctius
653 1767 931 1823 Capitolinus,
955 1767 1027 1822 qui
1049 1776 1113 1807 ter
1132 1767 1277 1808 consul
1297 1767 1442 1808 fuerat.
1507 1767 1559 1817 Is,
1583 1769 1784 1824 quoniam

396 1840 535 1889 neque
561 1824 787 1872 Quinctiae
812 1824 992 1866 familiae
1020 1824 1174 1874 Kaeso,
1197 1840 1336 1880 neque
1367 1825 1619 1881 reipublicae
1651 1826 1785 1866 maxi-

396 1896 488 1922 mus
519 1882 719 1922 iuvenum
750 1882 914 1923 restitui
944 1890 1095 1937 posset,
1118 1881 1267 1922 falsum
1299 1890 1458 1932 testem,
1483 1882 1556 1937 qui
1577 1882 1782 1924 dicendae

396 1953 542 1979 causae
580 1938 753 1979 innoxio
788 1948 1037 1994 potestatem
1074 1938 1307 1988 ademisset,
1341 1939 1450 1980 iusto
1486 1954 1533 1979 ac
1568 1939 1638 1995 pio
1674 1940 1784 1981 bello

395 1996 732 2051 persequebatur.
810 1995 956 2043 Quum
989 1995 1041 2035 V
1032 1994 1205 2051 1rginius
1241 1996 1422 2037 maxime
1459 2004 1502 2037 et
1536 1996 1693 2038 tribuni
1728 1997 1781 2038 de
1798 2010 1816 2043 7

186 1168 338 1199 Lustrum

185 1211 357 1242 decimum.

253 1491 319 1529 25·

184 1546 228 1577 U.
246 1547 284 1577 C.
303 1544 372 1587 296.

182 1589 222 1618 A.
247 1589 284 1619 C.
302 1587 372 1628 456.

183 1630 385 1668 L.Minuci0,

182 1673 219 1703 C.
233 1672 356 1703 Nautio

182 1714 232 1746 11.
251 1716 341 1746 Coss.

1111 2118 1234 2158 nicipes
1244 2122 1359 2149 essent.
1406 2118 1536 2149 Nomen
1553 2128 1679 2157 quoque
1696 2118 1783 2149 Lati-

1111 2171 1189 2191 num
1207 2161 1322 2191 crebris
1339 2161 1531 2191 Volscorum
1548 2165 1580 2191 et
1595 2161 1783 2200 Aequorum

395 2120 432 2146 ut
461 2116 529 2156 ipse
559 2118 695 2148 iudicem
724 2118 853 2154 diceret,
868 2117 887 2147 i.
905 2127 931 2148 e.
949 2127 1022 2147 eum
1049 2128 1067 2148 e

395 2158 565 2197 iudicibus,
581 2169 676 2198 quem
699 2159 759 2199 ipsi
783 2159 952 2197 videretur,
973 2160 1067 2199 elige-

396 2205 444 2231 ret
468 2206 499 2231 et
523 2212 542 2231 a
565 2202 751 2241 magistratu
782 2203 967 2240 postularet.
1015 2202 1067 2232 Sic

396 2243 467 2273 infr.
486 2242 534 2282 56.
569 2244 733 2283 Virginius
757 2244 901 2283 Appium
927 2245 1066 2283 compel-

398 2285 445 2315 lat
459 2285 509 2315 his
522 2285 642 2315 verbis:
665 2287 769 2317 Unius
784 2291 909 2316 tantum
924 2288 1068 2316 criminis

398 2329 433 2357 ni
447 2329 580 2358 iudicem
592 2329 684 2359 (lices.
701 2328 807 2359 CREV.
832 2329 870 2358 cf.
888 2328 1024 2358 Niebhr.
1034 2328 1066 2358 ii.

398 2380 429 2399 n.
447 2370 516 2407 824.

436 2421 452 2450 3
464 2412 614 2450 Comitia]
627 2412 657 2441 h.
667 2422 693 2442 e.
705 2412 941 2451 Curiataffluae
952 2411 984 2441 in
995 2422 1066 2442 cau-

397 2453 439 2483 sis
454 2464 578 2484 reorum
590 2455 630 2484 de
645 2454 768 2484 iniuriis
782 2454 815 2484 in
832 2454 982 2493 patricios
996 2454 1066 2483 illa-

397 2495 437 2525 tis
453 2495 572 2526 iudicia
587 2497 787 2527 exercebant.
834 2496 886 2526 De
910 2500 1068 2535 potestate

396 2538 596 2568 tribunorum
633 2538 852 2568 intercedendi
890 2538 1069 2568 actionibus

395 2589 447 2618 ap.
465 2580 543 2610 haec
560 2581 690 2610 comitia
706 2581 744 2610 cf.
764 2581 878 2611 Zonar.
897 2580 948 2610 vii.
969 2589 1036 2619 115.

439 2634 458 2659 4
480 2624 617 2662 Aequis]
651 2623 771 2653 Melius
801 2623 933 2653 dixisset
961 2626 1068 2652 noster

405 2663 529 2700 Volscis,
553 2675 594 2694 sc.
614 2665 792 2702 Ecetranis,
812 2670 908 2704 atque
929 2664 1066 2695 Antiati-

396 2704 464 2734 bus.
489 2706 528 2735 cf.
547 2707 680 2736 Niebhr.
698 2707 729 2737 ii.
748 2717 777 2746 p.
796 2716 866 2746 255.

441 2755 457 2783 5
482 2748 600 2785 Censa]
629 2749 792 2779 Numerus
808 2749 925 2779 civium
941 2753 1066 2787 auctus,

397 2788 542 2824 quamtis
572 2790 755 2827 pestilentia
780 2795 812 2821 et
838 2792 924 2821 bella
947 2792 1068 2822 atrocia

398 2830 595 2867 premebant,
608 2831 674 2861 sine
690 2833 786 2862 dubio
802 2844 821 2863 a
835 2833 925 2863 xictis
940 2834 1066 2872 quibus-

398 2870 417 2899 d
421 2879 471 2899 tm
489 2871 616 2908 populis
639 2875 856 2911 proxeniebat,
872 2875 925 2914 qui
942 2876 974 2906 in
991 2876 1064 2906 civi-

397 2915 497 2944 tatem
515 2912 696 2944 Romanam
712 2915 757 2945 ita
770 2921 931 2955 venerant,
947 2922 982 2948 ut
997 2928 1065 2949 mu-

1111 2203 1343 2233 incursionibus
1367 2213 1467 2242 prope
1491 2203 1635 2233 deletum
1657 2203 1730 2240 fuit,
1750 2206 1784 2234 et

1112 2246 1205 2284 plura
1215 2246 1335 2285 oppida
1347 2245 1462 2276 Latina
1471 2245 1535 2275 iam
1551 2245 1584 2275 in
1597 2245 1782 2275 clientelam

1113 2288 1238 2318 Romae
1260 2298 1293 2318 se
1315 2291 1511 2326 receperant.
1535 2288 1574 2318 cf.
1597 2287 1630 2317 N
1633 2287 1732 2318 iebhr.
1749 2287 1782 2318 ii.

1112 2340 1143 2368 P·
1162 2338 1231 2369 ²55·

1154 2371 1173 2402 6
1204 2372 1321 2402 Valerii
1347 2372 1437 2410 filio]
1479 2372 1512 2402 Is
1542 2372 1653 2411 procul
1683 2370 1781 2402 dubio

1111 2413 1196 2443 idem
1213 2418 1271 2450 est,
1287 2412 1341 2451 qui
1357 2413 1486 2444 biennio
1502 2417 1574 2453 post
1590 2414 1712 2450 consul,
1729 2423 1780 2444 vo-

1112 2460 1201 2485 catur
1223 2456 1255 2485 in
1282 2455 1385 2485 Fastis
1406 2456 1599 2494 Capitolinis
1619 2456 1664 2486 M.
1683 2456 1780 2486 Vale-

1112 2498 1187 2535 rius,
1208 2499 1267 2528 M’.
1287 2497 1382 2534 filius,
1401 2498 1513 2529 Volusi
1538 2508 1647 2537 nepos.
1694 2499 1781 2538 Lege

1112 2540 1207 2579 igitur
1228 2540 1288 2569 hoc
1305 2540 1375 2569 loco
1392 2550 1464 2570 cum
1482 2540 1623 2580 Sigonio,
1639 2541 1697 2572 M'.
1714 2540 1780 2571 sive

1112 2584 1224 2612 Allanii
1241 2583 1323 2621 filio.
1370 2582 1487 2621 Neque
1512 2583 1609 2621 enim,
1633 2587 1670 2613 ut
1692 2583 1779 2613 idem

1110 2628 1196 2654 recte
1225 2628 1370 2661 annotat,
1400 2635 1499 2663 quum
1531 2625 1601 2664 quis
1636 2625 1780 2655 nomina-

1111 2667 1215 2703 batur,
1230 2677 1249 2696 a
1271 2666 1370 2705 patris
1389 2667 1520 2699 nomine
1538 2667 1708 2707 gentilitio,
1724 2668 1780 2698 sed

1111 2719 1131 2738 a
1149 2708 1356 2748 praenomine
1371 2709 1603 2748 designabatur.
1648 2709 1780 2740 Manius

1109 2751 1165 2781 ille
1182 2750 1333 2781 Valerius
1347 2751 1408 2781 fuit
1423 2751 1561 2782 dictator
1577 2762 1662 2782 anno
1680 2751 1724 2783 U.
1740 2752 1778 2782 C.

1112 2792 1182 2824 260.
1207 2794 1312 2824 ΟΜΝ.
1344 2794 1383 2824 cf.
1400 2803 1484 2833 supr.
1502 2794 1533 2824 ii.
1552 2804 1600 2833 30.

1157 2843 1172 2874 7
1203 2837 1366 2874 Viryinius
1382 2838 1518 2867 maoeime
1532 2841 1563 2866 et
1577 2836 1716 2873 tribuni]
1733 2845 1776 2865 sc.

1110 2877 1155 2908 Et
1176 2877 1291 2907 caeteri
1310 2877 1439 2908 tribuni.
1482 2877 1652 2918 Loquendi
1678 2887 1783 2916 genus

1109 2929 1161 2959 ap.
1179 2923 1321 2950 nostrum
1338 2920 1500 2951 usitatum.
