1934 3211
591 163 716 206 LIB.
760 162 815 204 ΙΙ.
862 162 1009 204 CAP.
1053 167 1119 205 20.
1496 168 1548 208 93

220 255 427 299 Consules
470 254 556 297 Ser.
597 254 820 311 SulpiciuS‚
859 253 932 295 M’.
972 254 1150 296 Tullius.
1214 254 1336 296 Nihil
1371 256 1548 312 dignum
1636 256 1708 295 19.

160 314 358 357 memoria
378 322 529 354 actum.
581 312 633 354 Τ.
658 312 871 354 Aebutius
891 311 1044 353 deinde
1062 322 1104 354 et
1128 311 1178 353 C.
1203 311 1415 354 Vetusius.
1470 314 1550 355 His
1567 311 1610 342 U.
1626 310 1664 342 C.
1684 320 1756 351 254-

128 370 400 415 4consulibus
422 370 604 412 Fidenae
627 372 831 420 obsessae,
853 369 1145 411 Crustumeria
1165 378 1300 426 capta,
1323 370 1548 412 Praeneste
1564 355 1603 385 A.
1628 354 1666 385 C·
1684 357 1758 395 49⁸·

158 431 212 472 ab
226 428 389 469 Latinis
405 427 459 469 ad
475 427 690 469 Romanos
705 427 902 469 descivit:
936 442 1015 468 nec
1032 427 1142 468 ultra
1154 427 1312 470 bellum
1336 427 1549 478 Latinum,

157 486 336 543 gliscens
371 486 455 526 iarn
490 500 565 542 per
597 485 757 541 aliquot
793 500 935 535 annOS,
969 485 1158 526 dilatum.
1221 485 1275 527 A.
1309 484 1551 527 Postumius
1566 495 1696 526 Bellum

159 544 349 593 dictator,
392 543 443 584 T.
482 543 696 585 Aebutius
736 542 934 599 magister
973 543 1178 599 equitum,
1220 543 1382 598 magnis
1422 543 1552 599 copiis
1565 549 1642 598 {¹¹¹3
1659 539 1719 569 La-

159 601 349 658 peditum
378 601 655 657 equitumque
684 600 872 657 profecti,
903 600 955 642 ad
981 600 1118 642 lacum
1146 600 1360 657 Regillum
1386 601 1429 641 in
1455 616 1553 657 agro
1566 585 1612 654 {¹1¹¹
1617 591 1666 654 ¹27
1686 634 1701 654 2,
1710 633 1757 657 ἧς,

160 658 402 700 Tusculano
430 659 585 715 agmini
613 658 796 700 hostium
829 666 1123 700 occurrerunt:
1158 668 1213 709 et,
1241 659 1340 715 quia
1372 658 1606 714 Tarqui-A.
1631 667 1669 697 C.
1686 655 1760 707 4'9'7.

159 717 251 758 nios
277 731 365 758 esse
394 717 437 757 in
463 717 652 758 exercitu
680 716 929 757 Latinorum
955 716 1146 757 auditum
1175 724 1250 766 est,
1272 715 1467 757 sustineri
1493 716 1554 757 ira

159 789 246 816 non
266 774 417 831 potuit,
441 775 544 830 quin
565 774 778 830 extemplo
799 774 1083 830 confligerent.
1148 773 1261 830 Ergo
1284 774 1410 816 etiam
1433 789 1553 830 proe-
1569 784 1682 821 Pugna
1699 784 1740 813 ad

158 832 262 874 lium
294 831 523 888 aliquanto,
556 847 684 888 quam
714 841 865 881 cetera,
897 832 1061 888 gravius
1092 840 1218 888 atque
1251 832 1431 873 atrocius
1460 831 1550 873 fuit.
1568 826 1735 899 lRegillum

161 889 263 932 Non
284 890 397 931 enim
423 889 552 931 duces
579 889 632 930 ad
660 889 887 945 regendam
918 889 1045 930 modo
1074 889 1248 931 consilio
1268 905 1358 931 rem
1384 890 1552 938 affuere,
1580 879 1685 899 acum.

130 958 148 991 5
161 947 247 998 sed,
261 947 434 989 suismet
446 947 545 1003 ipsis
558 948 801 1004 corporibus
815 947 1074 997 dimicantes,
1090 947 1293 989 miscuere
1308 947 1553 989 certamina:

161 1021 240 1048 nec
275 1005 496 1062 quisquam
527 1020 747 1061 procerum
777 1005 906 1046 ferme
939 1005 1015 1046 hac
1047 1014 1119 1046 aut
1151 1004 1223 1046 illa
1254 1021 1307 1047 ex
1343 1005 1430 1046 acie
1467 1005 1555 1046 sine

161 1063 347 1113 vulnere,
369 1071 534 1119 praeter
555 1063 803 1104 dictatorem
833 1062 1088 1112 Romanum,
1111 1063 1300 1105 excessit.
1364 1062 1416 1104 In
1437 1062 1559 1103 Post-

162 1121 336 1171 umium,
369 1121 503 1177 prima
533 1121 577 1161 in
609 1121 695 1162 acie
727 1135 823 1162 suos
855 1120 1149 1162 adhortantem
1180 1120 1558 1176 instruentemque,

130 1178 421 1235 6Tarquinius
445 1178 673 1234 Superbus,
696 1193 938 1234 quanquam
964 1179 1046 1219 iam
1069 1186 1203 1219 aetate
1226 1188 1268 1220 et
1293 1179 1451 1220 viribus
1471 1188 1560 1219 crat

162 1237 338 1294 gravior,
370 1251 527 1292 equum
558 1236 733 1277 infestus
763 1236 952 1277 admisit:
987 1236 1178 1292 ictusque
1205 1238 1259 1278 ab
1289 1236 1432 1286 latere,
1460 1251 1561 1277 con—

163 1309 288 1336 cursu
309 1309 479 1335 suornm
501 1303 694 1350 receptus
715 1294 758 1334 in
781 1302 919 1335 tutum
939 1302 1012 1335 est.
1077 1293 1134 1335 Et
1154 1293 1207 1334 ad
1228 1293 1406 1335 alterum
1428 1309 1560 1334 cornu

167 1352 380 1394 Aebutius
393 1351 588 1408 magister
602 1352 791 1407 equitum
807 1352 850 1391 in
867 1350 1091 1393 Octavium
1102 1350 1342 1392 Mamilium
1356 1351 1560 1407 impetum

165 1409 351 1451 dederat.
415 1408 457 1450 N
461 1425 509 1450 ec
530 1409 677 1450 fefellit
698 1409 871 1450 veniens
894 1408 1183 1450 Tusculanum
1205 1408 1382 1457 ducem3
1416 1417 1563 1450 contra

165 1482 292 1533 quem
314 1476 357 1508 et
378 1466 447 1508 ille
476 1467 658 1508 concitat
678 1481 859 1522 equum:
894 1475 1093 1522 tantaque
1116 1466 1176 1507 vis
1197 1465 1359 1507 infestis
1389 1466 1562 1507 venien-

166 1534 270 1566 tium
292 1524 419 1566 hastis
439 1524 531 1574 fuit,
554 1532 601 1565 ut
625 1523 841 1565 brachium
863 1523 1053 1565 Aebutio
1075 1524 1296 1565 traiectum
1317 1524 1382 1574 sit,
1406 1523 1563 1565 Mami-

165 1582 222 1624 lio
248 1591 395 1648 pectus
419 1596 672 1638 percussum.
736 1580 867 1623 Hunc
893 1581 1066 1637 quidem
1096 1581 1141 1622 in
1171 1581 1399 1623 secundam
1425 1582 1560 1623 aciem

165 1639 308 1682 Latlni
340 1655 560 1697 recepere:
608 1639 833 1689 Aebutius,
867 1654 997 1695 quum
1034 1639 1174 1681 saucio
1206 1640 1380 1681 brachio
1417 1648 1561 1681 tenere

165 1697 297 1740 telum
337 1713 424 1739 non
495 1706 616 1747 osset,
658 1712 801 1754 pugna
841 1697 1031 1740 excessit.
1094 1697 1273 1739 Latinus
1313 1697 1415 1748 dux,
1453 1697 1560 1738 nihil

166 1755 391 1798 deterritus
415 1771 440 1797 v
488 1770 602 1805 nere,
632 1755 838 1811 proelium
868 1755 980 1805 ciet3
1013 1763 1068 1805 et,
1096 1755 1196 1812 quia
1225 1771 1320 1797 suos
1347 1755 1561 1812 perculsos

165 1813 347 1864 videbat,
386 1813 555 1855 arcessit
587 1813 804 1855 cohortem
836 1813 1030 1854 exsulum
1069 1813 1372 1863 Romanorum,
1407 1813 1476 1854 cui
1509 1813 1559 1854 L.

167 1870 391 1928 Tarquinii
422 1871 533 1912 filius
561 1880 762 1927 praeerat.
827 1870 903 1921 Ea,
927 1871 1043 1927 quod
1068 1871 1224 1913 maiore
1256 1872 1472 1928 pugnabat
1503 1871 1563 1912 ira

167 1929 221 1972 ob
246 1938 393 1994 erepta
419 1930 530 1971 bona
557 1929 820 1986 patriamque
849 1929 1103 1985 ademptam,
1126 1944 1311 1985 pugnam
1337 1944 1563 1986 parumper

167 1987 361 2029 restitult.
425 1986 724 2028 Referentibus
754 1987 835 2028 iam
864 1986 1018 2043 pedem
1040 1987 1092 2027 ab
1121 2001 1171 2028 ea
1198 1996 1314 2043 parte
1344 1987 1561 2037 Romanis,
1645 1984 1712 2019 20·

169 2044 232 2086 M.
266 2044 472 2094 Valerius,
499 2044 742 2086 Publicolae
774 2045 913 2093 frater,
943 2044 1208 2100 conspicatus
1234 2044 1417 2086 ferocem
1446 2044 1563 2085 iuve-

169 2117 266 2144 nem
295 2101 589 2158 Tarquinium,
616 2110 897 2143 ostentantem
930 2117 973 2143 se
1000 2101 1043 2142 in
1073 2101 1208 2157 prima
1235 2102 1429 2143 exsulum
1458 2102 1562 2151 acie,

169 2160 399 2201 domestica
429 2159 553 2200 etiam
584 2158 716 2215 gloria
746 2174 957 2208 accensus,
986 2167 1044 2208 ut,
1074 2159 1193 2199 cuius
1222 2159 1402 2200 familiae
1435 2159 1564 2200 decus

170 2217 292 2259 eiecti
315 2232 432 2273 reges
459 2225 591 2266 crant,
614 2216 801 2257 eiusdem
824 2216 1029 2258 interfecti
1054 2216 1202 2265 forent,
1225 2216 1365 2257 subdit
1388 2216 1565 2258 calcaria

169 2291 295 2332 equo,
332 2285 375 2316 et
415 2274 694 2330 Tarquinium
738 2275 888 2315 infesto
929 2273 1088 2331 spiculo
1124 2274 1240 2330 petit.
1305 2274 1564 2330 Tarquinius

170 2342 281 2374 retro
317 2333 360 2373 in
396 2348 545 2388 agmen
582 2347 752 2374 suorum
787 2332 951 2374 infenso
987 2332 1110 2373 cessit
1146 2332 1266 2373 hosti.
1329 2331 1562 2382 Valerium,

171 2401 327 2433 temere
357 2391 570 2432 invectum
600 2390 642 2431 in
664 2389 857 2431 exsulum
887 2390 1032 2440 aciem,
1055 2405 1108 2431 cx
1135 2399 1366 2431 transverso
1391 2389 1562 2446 quidam

215 2553 234 2580 4
257 2542 477 2574 Cnucumeria
495 2544 608 2583 capta]
650 2544 734 2580 Ager
749 2542 843 2573 Crus-
892 2542 954 2572 Pro
975 2542 1120 2580 Superbo
1142 2540 1254 2571 Titum
1281 2538 1492 2579 Tarquinium
1522 2540 1562 2570 le-

173 2584 326 2622 tuminuu,
350 2590 459 2625 postea
481 2587 568 2626 reyio
590 2585 691 2616 tribus
711 2586 844 2615 Crmtu-
887 2584 982 2623 gend.
1000 2584 1067 2614 vult
1087 2583 1196 2619 Dion„
1212 2593 1275 2622 quo
1298 2593 1423 2622 pugnae
1442 2582 1482 2612 ad
1501 2582 1562 2613 Re-

173 2627 288 2657 minae.
888 2626 1014 2664 gillam,
1053 2637 1114 2656 non
1152 2625 1288 2665 poetica,
1321 2625 1374 2655 sed
1414 2625 1563 2656 historica

223 2678 239 2708 5
270 2671 369 2709 lynin]
403 2670 446 2700 ita
473 2671 610 2707 codices,
633 2671 688 2700 sed
715 2671 777 2710 ipsi
805 2680 843 2699 ex
890 2670 969 2699 tides
995 2669 1187 2698 adstruatur.
1238 2667 1426 2704 Quinctium
1455 2668 1479 2698 si
1505 2669 1562 2698 Su-

173 2712 335 2743 emendat.
354 2713 495 2744 Gronov.
521 2713 550 2743 in
575 2718 699 2744 textum
725 2712 843 2752 recepit
892 2713 1006 2751 pei-bus
1028 2711 1123 2741 Prisci
1142 2711 1226 2741 tilius
1241 2716 1334 2748 emet,
1351 2710 1413 2742 ium
1431 2711 1562 2741 centesi-

175 2755 315 2787 Bekker.
891 2764 977 2784 mum
997 2753 1180 2784 vict-simum
1197 2763 1317 2783 annum
1334 2754 1457 2791 agebat.
1499 2754 1561 2784 Sed

216 2798 236 2827 6
263 2798 457 2838 Tarquinius
472 2798 652 2837 Super-hux]
690 2797 846 2837 Dionysio
891 2797 969 2827 haec.
989 2796 1097 2826 omnia
1121 2809 1137 2827 c
1161 2795 1354 2826 carminibus
1369 2796 1565 2833 derivantur,

175 2841 301 2871 videtur
316 2840 428 2870 nwritn
446 2850 556 2879 parum
577 2840 755 2875 verisimile,
768 2839 844 2870 'l'ur-
890 2850 973 2878 quim
997 2839 1027 2869 in
1051 2838 1156 2879 epulis
1178 2850 1246 2870 canc
1269 2838 1425 2869 cantitata
1441 2839 1480 2870 de
1500 2839 1563 2869 cla-

174 2883 318 2923 quininm
337 2884 617 2922 Susa-flamniam·
635 2881 846 2920 nonagenario
891 2892 995 2911 rurum
1015 2881 1149 2912 virorum
1176 2881 1324 2913 laudibus
1345 2881 1453 2913 scribit
1470 2882 1563 2914 Cato.

176 2927 369 2966 pmxinmm,
387 2927 416 2955 in
443 2926 497 2955 illa
520 2925 588 2956 aci(-
611 2925 714 2956 fuisso.
739 2926 844 2955 (flu-w.
891 2925 1008 2956 ‹·f.('ic.
1029 2925 1127 2957 Acad.
1145 2925 1184 2956 iv.
1202 2924 1252 2957 ⁸6.
