1934 3211
180 236 226 268 U.
243 237 281 268 C.
299 246 372 275 444.

179 280 219 310 A.
244 280 283 312 C.
301 280 372 318 308.

252 456 320 495 35.

182 511 275 541 Fabii
294 521 383 551 proe-

182 554 261 583 lium
279 565 352 584 cum

182 596 338 628 Etruscis.

255 2005 322 2043 36.

185 2059 327 2092 Ciminia

184 2103 284 2143 sylva.

400 142 484 180 540
923 137 1072 180 ΤΙΤΙ
1110 138 1289 180 LIVII

400 242 534 284 quum
561 227 748 278 dixisset,
771 228 923 285 prendi
949 244 1179 279 censorem,
1203 243 1246 271 et
1275 230 1319 270 in
1347 229 1514 271 vincula
1541 229 1640 271 duci
1670 229 1800 272 iussit.

401 285 750 341 Approbantibus
780 301 855 327 sex
882 286 1060 328 tribunis
1088 287 1298 328 actionem
1326 287 1524 344 collegae,
1549 295 1631 328 tres
1659 287 1804 344 appel-

399 342 505 383 lanti
539 342 684 399 Appio
718 343 875 385 auxilio
907 344 1105 393 fuerunt3
1140 359 1387 401 summaque
1420 344 1581 386 invidia
1612 345 1803 386 omnium

401 399 598 441 ordinum
620 400 730 442 solus
753 416 971 442 censuram
992 401 1130 457 gessit.

460 457 579 498 Dum
607 473 657 499 ea
679 458 840 499 Romae
869 467 1086 514 geruntur,
1109 458 1192 499 iam
1225 458 1412 500 Sutrium
1442 459 1494 501 ab
1516 459 1705 500 Etruscis
1729 459 1804 500 ob-

401 514 640 556 sidebatur:
690 515 936 570 consulique
974 514 1116 564 Fabio,
1151 515 1245 556 imis
1286 516 1500 557 montibus
1535 516 1710 557 ducenti
1749 515 1832 557 ad1

401 572 618 613 ferendam
660 587 783 627 opem
824 572 945 612 sociis
986 572 1294 628 tentandasque
1336 573 1606 623 munitiones,
1644 574 1679 614 si
1719 588 1804 629 qua

400 638 553 686 posset,
577 629 685 669 acies
707 629 893 669 hostium
915 629 1117 669 instructa
1138 629 1344 678 occurrit3
1378 645 1558 685 quorum
1584 631 1803 686 ingentem

401 686 719 727 multitudinem
762 700 894 741 quum
937 685 1180 726 ostenderet
1224 687 1413 727 subiecta
1456 686 1538 728 late
1578 687 1800 743 planities;

401 743 560 791 consul,
584 751 630 783 ut
652 742 745 783 loco
766 742 1021 798 paucitatem
1043 757 1213 783 suorum
1235 743 1464 793 adiuvaret,
1485 744 1618 785 flectit
1637 745 1804 801 paullu-

400 801 489 841 lum
511 800 555 839 in
577 799 704 840 clivos
726 815 901 855 agmen,
925 799 1108 856 (aspreta
1128 808 1247 841 erant
1268 809 1395 841 strata
1415 800 1545 856 saxis)
1565 801 1664 842 inde
1685 802 1804 858 signa

400 857 445 897 in
478 857 642 898 hostem
673 857 866 898 obvertit.
932 857 1112 907 Etrusci,
1140 858 1342 908 omnium,
1369 866 1665 914 praeterquam
1695 859 1804 900 mul-

400 914 595 955 titudinis
626 929 737 964 suae,
762 929 847 970 qua
876 914 964 955 sola
993 914 1089 956 freti
1120 924 1252 965 erant,
1284 916 1563 965 immemores,
1595 915 1804 972 proelium

399 972 551 1013 ineunt
586 972 692 1012 adeo
725 972 877 1027 raptim
909 980 951 1013 et
981 972 1116 1021 avide,
1150 981 1209 1021 ut,
1245 973 1416 1014 abiectis
1449 973 1685 1023 missilibus,
1718 988 1804 1029 quo

400 1029 577 1071 celerius
598 1044 747 1069 manus
768 1038 1048 1079 consererent,
1072 1029 1325 1086 stringerent
1346 1029 1519 1086 gladios,
1537 1030 1739 1072 vadentes
1758 1031 1804 1071 in

399 1087 576 1127 hostem.
642 1086 860 1127 Romanus
896 1096 1042 1127 contra
1077 1102 1191 1128 nunc
1229 1088 1324 1137 tela,
1359 1103 1473 1129 nunc
1506 1103 1617 1138 saxa,
1650 1087 1803 1144 quibus

401 1159 472 1185 eos
494 1144 651 1184 affatim
677 1143 793 1185 locus
818 1144 906 1200 ipse
936 1144 1134 1194 armabat,
1158 1144 1360 1200 ingerere.
1424 1144 1561 1201 Igitur
1587 1154 1705 1186 scuta
1730 1160 1835 1201 ga-2

400 1201 576 1257 leaeque
607 1202 714 1242 ictae
747 1217 880 1257 quum
917 1202 1056 1252 etiam,
1090 1217 1195 1257 quos
1231 1218 1319 1243 non
1348 1202 1684 1252 vulneraverant,
1716 1210 1804 1244 tur-

400 1259 560 1308 barent,
593 1258 753 1315 (neque
791 1259 929 1300 subire
966 1268 1055 1300 erat
1086 1259 1206 1300 facile
1241 1260 1294 1300 ad
1327 1260 1567 1315 propiorem
1602 1275 1802 1317 pugnam,

400 1331 539 1372 neque
581 1316 753 1357 missilia
795 1316 1019 1366 habebant,
1059 1317 1212 1373 quibus
1253 1317 1417 1358 eminus
1457 1332 1547 1358 rem
1589 1317 1804 1373 gererent)

400 1382 557 1414 stantes
585 1381 628 1414 et
656 1374 868 1429 expositos
897 1374 951 1415 ad
979 1375 1087 1415 ictus
1109 1389 1241 1430 quum
1270 1375 1353 1415 iam
1378 1374 1476 1415 satis
1500 1375 1608 1415 nihil
1629 1382 1802 1431 tegeret,

401 1431 606 1485 quosdam
631 1431 757 1471 etiam
782 1431 936 1487 pedem
964 1432 1193 1473 referentes
1213 1432 1574 1488 fluctuantemque
1604 1440 1647 1473 et
1674 1433 1795 1473 insta-

399 1487 529 1529 bilem
551 1488 696 1537 aciem,
719 1489 1003 1545 redintegrato
1024 1489 1218 1538 clamore,
1241 1490 1393 1530 strictis
1417 1489 1567 1546 gladiis
1587 1489 1742 1531 hastati
1762 1497 1805 1531 et

400 1544 614 1600 principes
642 1545 858 1586 invadunt.
923 1546 1035 1587 Eum
1067 1547 1274 1602 impetum
1299 1562 1386 1588 non
1411 1547 1600 1588 tulerunt
1622 1546 1802 1596 Etrusci,

401 1601 613 1656 versisque
643 1601 783 1656 signis,
806 1602 906 1658 fuga
933 1604 1064 1644 effusa
1091 1612 1225 1644 castra
1252 1612 1460 1659 repetunt.
1527 1603 1613 1645 Sed
1640 1604 1804 1660 equites

403 1658 601 1707 Romani,
623 1659 832 1714 praevecti
858 1674 933 1714 per
958 1660 1130 1715 obliqua
1155 1661 1303 1715 campi,
1328 1676 1460 1716 quum
1481 1676 1524 1701 se
1545 1661 1835 1716 fugientibus3

402 1715 664 1764 obtulissent,
687 1716 838 1757 omisso
860 1716 914 1756 ad
935 1725 1067 1757 castra
1091 1717 1255 1766 itinere,
1278 1726 1442 1758 montes
1467 1725 1630 1773 petunt.
1693 1716 1801 1758 Inde
1815 1736 1835 1764 4

402 1773 553 1814 inermi
585 1788 719 1829 paene
754 1773 919 1828 agmine
954 1789 1000 1814 ac
1028 1782 1179 1814 vexa-to
1208 1773 1451 1815 vulneribus
1483 1774 1528 1815 in
1558 1774 1704 1815 silvam
1728 1774 1803 1816 Ci-

403 1830 576 1870 miniam
621 1839 899 1886 penetratum.
982 1831 1214 1880 Romanus,
1257 1831 1400 1871 multis
1450 1831 1634 1873 millibus
1675 1831 1803 1873 Etru-

403 1902 567 1928 scorum
601 1888 741 1936 caesis,
764 1887 1185 1943 duodequadraginta
1212 1888 1341 1943 signis
1373 1888 1621 1929 militaribus
1655 1889 1801 1945 captiS,

403 1945 547 1985 castris
575 1945 700 1985 etiam
729 1944 911 1985 hostium
943 1959 1039 1985 cum
1072 1945 1229 2000 praeda
1259 1945 1422 2001 ingenti
1454 1946 1624 2001 potitur.
1689 1946 1803 1987 Tum

403 2001 455 2042 de
478 2001 770 2057 persequendo
792 2002 910 2042 hoste
933 2002 1080 2057 agitari
1102 2011 1310 2058 coeptum.
1371 2002 1484 2044 Silva
1505 2012 1593 2044 erat
1616 2001 1804 2045 Ciminia

403 2059 535 2114 magis
557 2068 646 2099 tum
670 2059 783 2099 invia
803 2068 928 2114 atque
950 2059 1170 2109 horrenda,
1189 2075 1315 2115 quam
1337 2075 1474 2116 nuper
1488 2060 1604 2101 fuere
1625 2059 1833 2110 Germa-5

402 2116 488 2156 nici
509 2116 648 2165 saltus,
667 2116 772 2157 nulli
794 2116 848 2157 ad
869 2132 961 2157 eam
978 2116 1091 2157 diem
1112 2132 1166 2158 ne
1189 2126 1467 2158 mercatorum
1484 2117 1658 2173 quidem
1675 2117 1799 2159 adita.
1815 2126 1836 2158 6

404 2173 511 2214 Eam
544 2174 697 2214 intrare
731 2173 846 2214 haud
880 2173 965 2214 fere
1003 2174 1238 2229 quisquam,
1268 2183 1433 2230 practer
1464 2174 1617 2215 ducem
1649 2175 1801 2231 ipsum,

403 2231 610 2271 audebat:
645 2231 735 2271 aliis
761 2231 954 2271 omnibus
982 2231 1111 2272 cladis
1135 2231 1355 2272 Caudinae
1382 2231 1572 2273 nondum
1600 2232 1804 2274 memoria

403 2288 649 2328 aboleverat.
713 2288 827 2328 Tum
853 2303 907 2329 ex
931 2288 994 2338 iis,
1018 2289 1090 2344 qui
1113 2289 1300 2338 aderant,
1323 2288 1525 2345 (consulis
1545 2288 1716 2330 fratrem
1737 2288 1800 2330 M.

402 2344 593 2394 Fabium,
614 2345 855 2386 Kaesonem
873 2345 955 2395 alii,
978 2345 1027 2386 C.
1048 2345 1277 2386 Claudium
1296 2346 1470 2401 quidam
1491 2354 1622 2387 matre
1639 2346 1801 2396 eadem,

403 2417 487 2457 qua
508 2402 735 2453 consulem,
753 2402 945 2458 genitum
966 2402 1158 2459 tradunt)
1179 2403 1441 2459 speculatum
1462 2418 1505 2444 se
1526 2403 1685 2444 iturum
1705 2418 1802 2460 pro-

450 2552 461 2572 1
488 2543 567 2572 Imis
589 2543 748 2573 montibus
771 2543 916 2579 ducenti]
948 2542 1011 2572 Per
1033 2552 1081 2572 ra·
1126 2544 1219 2573 terim
1242 2544 1345 2573 saltus
1371 2544 1407 2573 in
1434 2544 1534 2574 medio
1560 2542 1680 2584 (plane
1709 2545 1802 2584 quasi

404 2584 491 2614 dices
506 2585 665 2614 montium
683 2584 861 2614 exercitum
879 2584 1021 2614 ducenti.
1127 2585 1320 2615 Caledonius
1342 2587 1394 2616 vel
1411 2584 1617 2626 Hercynius)
1640 2587 1718 2617 adeo
1741 2590 1802 2617 ter-

448 2636 463 2656 2
487 2628 587 2656 Scuta
607 2628 782 2666 yaleaeque
801 2628 899 2664 ictae]
927 2627 1017 2657 Ictus
1034 2627 1077 2656 la-
1123 2628 1190 2657 rori
1207 2632 1287 2657 erat.
1313 2627 1399 2657 Flor.
1416 2627 1436 2657 i.
1455 2635 1501 2666 17.

404 2667 655 2707 pidum,quibus
669 2668 933 2708 percutiebantur
945 2672 1036 2699 scuta
1048 2672 1079 2699 et
1166 2667 1186 2699 6
1211 2670 1329 2706 Adita]
1372 2669 1506 2699 Poetico
1533 2669 1686 2708 loquendi
1712 2679 1802 2700 more

403 2710 523 2748 galeae.
550 2711 655 2742 Cnssv.
1123 2710 1258 2748 dictum,
1285 2711 1407 2750 quippe
1437 2715 1630 2742 mercatores
1658 2711 1800 2742 Romani

443 2760 460 2788 3
478 2754 664 2790 l'raevecti]
680 2752 835 2783 Similiter
845 2756 881 2783 ut
894 2752 974 2783 alias
982 2764 1078 2793 prae·
1123 2754 1164 2783 ad
1190 2753 1300 2783 fanum
1329 2754 1528 2783 Voltumnae
1555 2754 1800 2790 conveniebant,

404 2793 474 2829 lati,
491 2804 547 2831 pro
565 2795 785 2832 praetervecti.
1124 2805 1249 2825 necnon
1277 2796 1337 2825 iter
1365 2795 1540 2832 Volsinios,
1564 2806 1661 2834 quam
1688 2796 1798 2825 urbem

448 2845 466 2871 4
492 2836 628 2873 Petunt]
657 2837 788 2867 Scilicet
804 2837 920 2868 hostes.
1124 2837 1187 2867 iam
1205 2841 1471 2877 oppugnaverant
1488 2837 1642 2874 Romani,
1654 2847 1712 2877 per
1726 2846 1799 2867 eam

447 2884 464 2914 5
490 2878 674 2908 Germanici
696 2880 814 2917 saltus]
849 2880 1009 2910 Ciminius
1032 2880 1079 2910 in-
1124 2879 1239 2910 silvam
1256 2880 1405 2911 ducebat.
1429 2890 1514 2919 supr.
1532 2890 1560 2910 v.
1578 2889 1627 2918 32.

1912 2907 1934 3050 ⁵‘“-‘{‹.L·x;;
1928 2879 1930 2882 -
1932 2847 1934 2849 .
