1934 3211
373 163 457 201 530
889 159 1040 201 TITI
1081 158 1263 201 LIVII

155 259 200 291 U.
217 259 256 291 C.
273 269 346 298 440·
374 265 486 292 esse:
520 248 894 305 intellecturosque
916 249 975 291 ita
994 249 1039 290 id
1053 264 1155 300 esse,
1174 248 1299 290 simul
1320 248 1565 305 magistratu
1580 247 1773 290 abissent.

153 303 192 333 A.
218 302 256 334 C.
274 311 347 341 31²
376 308 491 349 Tum
522 307 737 349 enimvero
769 306 1013 372 Maenius,
1003 322 1087 348 13111
1107 307 1241 348 famae
1272 306 1416 363 magis,
1439 321 1566 362 quam
1594 305 1775 362 imperii,

375 379 549 415 memor,
567 379 809 421 progressus
825 365 869 405 in
891 364 1139 405 concionem
1154 364 1213 405 ita
1227 364 1355 405 verba
1369 363 1491 405 fecit:
1527 369 1539 388 ‘
1553 362 1610 404 Et
1630 378 1776 405 omnes

378 428 390 446 ‘
406 431 503 464 ante
535 431 651 463 actae
673 422 783 463 vitae
805 437 877 463 vos
908 422 1096 463 conscios
1127 421 1275 471 habeo,
1303 421 1505 471 Quirites,
1527 430 1570 462 et
1588 420 1696 462 hic
1686 435 1775 477 lpse

378 485 389 503 ‘
406 480 553 545 honos,
568 479 732 520 delatus
753 479 806 520 ad
827 494 908 528 me,
924 479 1040 519 testis
1061 487 1124 519 est
1144 478 1411 520 innocentiae
1426 493 1556 520 meae.
1619 477 1775 534 Neque

378 542 390 561 ‘
406 537 533 587 enim,
557 537 673 592 quod
694 551 816 601 saepe
850 535 963 584 alias,
987 535 1087 590 quia
1106 536 1165 576 ita
1195 543 1386 591 tempora
1404 535 1672 601 postulabant
1695 535 1777 576 rei-

378 594 611 651 ‘publicae,
636 594 709 649 qui
733 592 845 634 bello
867 592 1116 633 clarissimus
1137 600 1258 641 esset,
1281 592 1355 633 sed
1377 593 1451 648 qui
1477 593 1658 634 maxime
1679 607 1777 648 pro-

379 651 473 693 ‘cul
504 652 555 692 ab
589 651 654 691 his
686 649 939 691 coitionibus
960 649 1089 690 Vitam
1123 649 1286 704 egisset,
1315 649 1496 690 dictator
1527 649 1777 706 deligendus

379 714 391 732 ‘
407 707 655 750 exercendis
706 706 1022 762 quaestionibus
1062 706 1153 747 fuit.
1220 705 1302 747 Sed
1355 706 1556 762 quoniam
1603 707 1777 763 quidam

379 771 391 789 ‘
407 764 569 806 nobiles
592 764 787 805 homines
808 764 913 828 (qua
940 763 993 805 de
1015 778 1151 813 causa,
1173 778 1246 804 vos
1278 763 1530 813 existimare,
1553 779 1680 819 quam
1708 779 1784 805 me

380 828 482 903 ‘·pio
504 822 751 877 magistratu
772 821 1001 877 quicquam
1022 821 1332 885 incompertum
1349 820 1502 870 dicere,
1524 821 1674 862 melius
1694 822 1777 878 est)
1790 839 1808 870 3

380 885 590 935 ‘primum
604 879 713 935 ipsas
730 893 972 934 expugnare
996 878 1263 934 quaestiones
1277 878 1392 919 omni
1414 893 1493 934 ope
1507 878 1644 920 annisi
1659 886 1774 920 sunt:

379 942 391 960 ‘
404 937 516 986 dein,
534 945 758 993 postquam
775 936 828 978 ad
849 936 894 976 id
914 951 1063 992 parum
1084 944 1281 991 potentes
1302 945 1433 985 erant,
1451 951 1505 977 ne
1527 950 1694 977 causam
1714 936 1780 977 di-

380 1000 392 1018 ‘
408 1003 564 1044 cerent,
593 1009 638 1034 111
668 993 876 1050 piaesidia
906 993 986 1035 adx
989 993 1251 1043 ersariorum,
1282 993 1608 1049 appellationem
1635 1001 1679 1034 et
1705 993 1780 1034 tri-

379 1057 391 1076 ‘
406 1051 626 1092 bunicium
643 1051 862 1117 auxilium,
876 1051 1041 1107 patricii
1058 1051 1362 1107 confugerunt:
1396 1059 1608 1116 postremo
1623 1050 1780 1107 repulsi

378 1109 502 1150 ‘inde
525 1108 652 1164 (adeo
674 1109 814 1150 onmia
836 1109 1003 1158 tutiora,
1023 1124 1149 1164 quam
1170 1117 1218 1149 ut
1238 1108 1524 1150 innocentiam
1547 1123 1664 1149 suam
1680 1123 1780 1165 pur—

377 1172 392 1212 ,(
406 1175 567 1222 garent,
585 1165 691 1222 visa)
708 1166 753 1207 in
768 1181 845 1207 nos
860 1166 1085 1216 irruerunt,
1101 1174 1143 1207 et
1163 1166 1334 1222 privatis
1347 1166 1595 1207 dictatorem
1608 1181 1779 1222 poscere

380 1230 391 1248 ‘
406 1239 524 1265 reum
558 1224 837 1265 verecundiae
875 1239 962 1264 non
997 1224 1099 1264 fuit:
1140 1232 1189 1264 ut
1225 1238 1370 1265 omnes
1406 1223 1467 1264 dii
1501 1223 1779 1279 hominesque

379 1287 391 1305 (
406 1282 551 1331 sciant,
571 1282 622 1323 ab
643 1281 738 1331 illis,
757 1282 885 1323 etiam
903 1296 1010 1337 quae
1029 1296 1115 1322 non
1128 1281 1301 1337 possint,
1317 1281 1484 1331 tentari,
1498 1295 1552 1322 ne
1573 1281 1781 1322 rationem

379 1344 392 1363 ‘
406 1339 515 1380 vitae
557 1339 738 1380 reddant
750 1355 761 1389 3
809 1354 876 1380 me
918 1339 1084 1380 obviam
1124 1339 1184 1379 ire
1226 1338 1404 1389 crimini,
1447 1346 1490 1379 et
1529 1338 1676 1380 offerre
1712 1352 1780 1379 me

158 1410 300 1441 Abdicat
316 1419 349 1440 se
381 1396 586 1438 ‘inimicis
606 1412 739 1446 reum,
758 1397 967 1438 dictatura
987 1412 1053 1438 me
1072 1396 1232 1438 abdico.
1279 1395 1369 1437 Vos
1391 1411 1560 1452 quaeso,
1575 1395 1780 1445 0011511105,

159 1453 330 1484 dictatura.
382 1460 393 1478 ‘
409 1454 443 1495 si
458 1455 576 1495 vobis
597 1454 743 1495 datum
765 1455 815 1496 ab
830 1464 978 1496 senatu
999 1454 1218 1510 negotium
1239 1453 1377 1503 fiierit,
1395 1454 1440 1494 in
1453 1469 1520 1495 me
1541 1453 1725 1510 primum
1738 1460 1782 1494 et

381 1511 519 1552 ‘hunc
562 1511 624 1552 M.
649 1511 835 1552 Foslium
876 1512 1142 1568 quaestiones
1187 1511 1440 1561 exerceatis3
1480 1519 1528 1552 ut
1568 1518 1779 1567 appareat,

382 1574 393 1593 ‘
409 1568 653 1609 innocentia
692 1578 833 1610 nostra
872 1584 961 1618 nos,
995 1584 1081 1610 11011
1122 1569 1338 1610 maiestate
1378 1568 1562 1619 honoris,
1604 1576 1718 1610 tutos
1756 1583 1782 1609 a

381 1632 393 1650 ‘
409 1625 771 1667 criminationibus
795 1626 884 1667 istis
905 1627 1022 1667 05503
1083 1626 1270 1667 Abdicat
1300 1626 1400 1667 inde
1428 1641 1472 1667 se
1494 1626 1714 1691 dictatura,
1737 1633 1781 1667 et

379 1692 474 1740 post
495 1698 593 1724 eum
625 1682 845 1724 confestim
867 1682 1027 1724 Foslius
1053 1683 1291 1739 magisterio
1319 1683 1534 1738 equitum:
1568 1683 1780 1748 primique

161 1752 252 1783 Reus
264 1751 368 1781 factus
380 1740 494 1797 apud
507 1739 698 1782 consules
720 1740 790 1796 (iis
812 1740 926 1781 enim
948 1740 1000 1781 ab
1017 1749 1166 1781 senatu
1186 1739 1384 1781 mandata
1403 1754 1468 1781 res
1488 1739 1571 1796 est)
1591 1755 1653 1781 rel
1641 1739 1777 1790 facti,
1792 1759 1813 1787 4

161 1794 348 1826 absolvitur.
380 1798 577 1839 adversus
605 1797 812 1838 nobilium
833 1797 1073 1838 testimonia
1098 1797 1264 1853 egregie
1287 1796 1570 1838 absolvuntur.
1632 1796 1781 1838 Publi-

379 1855 459 1897 lius
490 1856 617 1897 etiam
644 1854 782 1904 Philo,
804 1854 1092 1911 multiplicatis
1120 1854 1292 1896 summis
1320 1854 1562 1905 honoribus,
1591 1862 1686 1910 post
1714 1869 1781 1896 res

379 1921 443 1954 tot
463 1912 577 1954 domi
598 1912 794 1968 belloque
816 1921 965 1968 gestas,
984 1920 1172 1953 ceterum
1192 1911 1350 1952 invisus
1370 1911 1593 1962 nobilitati,
1612 1926 1781 1953 causam

380 1970 501 2019 dixit,
536 1969 834 2025 absolutusque
872 1978 945 2010 est.
1009 1969 1103 2010 Nec
1137 1969 1309 2018 diutius,
1343 1977 1391 2010 ut
1421 1969 1483 2019 fit,
1517 1984 1647 2025 quam
1677 1969 1782 2011 dum

380 2042 527 2069 recens
548 2035 649 2077 erat,
672 2026 861 2082 quaestio
882 2042 958 2083 per
978 2026 1088 2068 clara
1108 2026 1282 2067 nomina
1301 2041 1470 2067 reorum
1489 2026 1646 2083 viguit:
1680 2026 1780 2068 inde

379 2085 463 2126 labi
494 2085 633 2141 coepit
654 2085 708 2125 ad
728 2084 874 2125 vili01a
900 2084 1049 2140 capita,
1073 2083 1209 2125 donec
1239 2083 1492 2125 coitionibus
1511 2084 1782 2126 factionibus-

381 2158 478 2199 que,
501 2142 698 2184 adversus
719 2157 822 2198 quas
844 2150 1083 2207 comparata
1095 2150 1196 2191 erat,
1219 2156 1417 2198 oppressa
1435 2149 1509 2183 est.

227 2214 294 2255 27,
440 2199 525 2241 Ea1
527 2215 599 2241 um
618 2200 730 2240 fama
753 2214 906 2248 rerum,
929 2199 1061 2255 magis
1089 2208 1231 2240 tamen
1259 2214 1353 2255 spes
1377 2198 1620 2264 Campanae
1641 2199 1782 2241 defec-

381 2257 520 2307 tionis,
557 2257 602 2297 in
638 2272 765 2313 quam
802 2257 1066 2297 coniuratum
1102 2265 1203 2307 erat,
1241 2255 1462 2306 Samnites,
1499 2256 1546 2298 in
1577 2257 1782 2322 Apuliam

380 2330 531 2364 versos,
549 2329 690 2355 rursus
711 2314 764 2355 ad
784 2313 998 2355 Caudium
1019 2314 1250 2355 revocavit:
1274 2322 1322 2355 ut
1341 2314 1441 2355 inde
1458 2329 1512 2355 ex
1527 2315 1780 2379 propinquo,

381 2373 414 2414 si
436 2372 510 2428 qui
536 2380 673 2413 motus
699 2371 960 2413 occasionem
988 2371 1180 2427 aperiret,
1206 2370 1400 2436 Capuam
1422 2371 1626 2413 Romanis
1646 2387 1782 2428 011Ρο-

381 2440 487 2471 rent.
563 2429 627 2470 Eo
664 2429 856 2470 consules
895 2444 993 2469 cum
1027 2428 1166 2469 valido
1206 2428 1395 2470 exercitu
1429 2437 1648 2471 venerunt.
1723 2428 1782 2471 Et

381 2487 517 2543 primo
546 2487 656 2528 circa
686 2486 826 2536 saltus,
853 2501 986 2542 quum
1016 2485 1228 2541 utrimque
1260 2485 1314 2526 ad
1344 2486 1509 2527 hostem
1538 2486 1686 2543 iniqua
1714 2486 1782 2528 via

382 2552 502 2595 esset,
525 2544 710 2586 cunctati
732 2552 854 2585 sunt:
886 2542 1041 2584 deinde
1067 2542 1275 2584 Samnites
1295 2557 1371 2599 per
1391 2551 1535 2600 aperta
1553 2543 1645 2586 loca
1663 2544 1781 2586 brevi

426 2703 443 2732 3
466 2695 535 2725 Pro
550 2694 760 2733 magistratu]
792 2693 881 2724 Dum
897 2703 972 2733 gero
988 2703 1057 2733 per·
1103 2693 1229 2733 quuet3
1251 2693 1375 2725 scilicet
1398 2696 1569 2734 postquam
1593 2693 1782 2734 magistratu

382 2745 492 2766 sonam
508 2736 723 2776 magistratus,
736 2735 827 2766 cuius
840 2736 996 2775 gravitate
1011 2736 1057 2766 in·
1103 2736 1240 2767 dictator
1274 2746 1307 2767 se
1342 2736 1558 2774 abdicaverat,
1587 2737 1676 2776 apud
1707 2746 1780 2767 con-

382 2777 514 2815 dignum
542 2783 589 2809 est
617 2778 788 2818 quicquam
820 2778 1058 2818 incompertum
1103 2779 1200 2817 sules,
1215 2778 1240 2809 si
1264 2778 1341 2818 quid
1365 2782 1477 2810 contra
1498 2779 1586 2819 leges
1607 2777 1779 2809 commisis-

383 2818 498 2850 dicere.
523 2820 630 2851 CREV.
1103 2825 1162 2859 set,
1184 2831 1253 2852 rem
1276 2831 1369 2861 agere
1393 2824 1523 2853 coactus
1549 2824 1607 2853 est.
1638 2820 1677 2853 cf.
1692 2829 1779 2859 supr.

425 2872 445 2898 4
467 2862 528 2891 Rei
543 2863 647 2899 sacti]
675 2862 764 2893 Hinc
781 2863 943 2902 quomodo
959 2862 1058 2893 dicta-
1104 2863 1168 2896 viii.
1186 2873 1235 2904 33.

383 2906 454 2932 tura
490 2902 612 2941 legibus
642 2904 781 2935 obnoxia
811 2909 905 2942 esset,
930 2906 1059 2936 abunde
