1934 3211
417 166 497 208 564
921 165 1067 206 TITI
1108 165 1284 207 LIVII

207 261 392 300 U.C·452-
420 271 549 312 quum
584 256 692 297 inter
726 272 900 313 augures
935 267 1107 308 constet,
1144 260 1341 315 imparem
1383 272 1601 298 numerum
1637 255 1820 303 debere7

206 305 245 336 Α·
269 305 306 336 C.
325 313 394 344 500·
420 329 520 364 esse,
550 322 595 355 ut
625 323 706 355 tres
736 316 929 371 antiquae
961 317 1101 366 tribus,
1129 317 1326 366 Ramnes,
1349 315 1570 364 Titienses,
1594 314 1788 363 Luceres,

420 387 540 413 suum
561 387 750 428 quaeque
772 388 968 429 augurem
990 374 1194 423 habeant,
1227 382 1310 423 aut,
1333 373 1365 413 si
1390 373 1576 429 pluribus
1600 372 1652 413 sit
1673 386 1789 428 opus,

421 429 509 486 pari
535 429 644 471 inter
669 445 711 472 se
744 445 917 472 numero
949 431 1180 472 sacerdotes
1212 431 1515 486 multiplicent:
1548 430 1654 471 sicut
1684 428 1791 470 mul-

422 487 594 544 tiplicati
626 496 733 537 sunt,
768 503 898 544 quum
930 489 983 529 ad
1015 498 1210 544 quattuor
1242 489 1426 544 quinque
1460 488 1610 529 adiecti
1641 502 1791 528 novem

422 560 654 594 numerum,
677 554 723 585 ut
745 546 851 586 terni
875 546 919 585 in
943 546 1123 601 singulas
1151 554 1298 594 essent,
1321 545 1602 601 expleverunt.
1666 544 1792 586 Cete-

423 618 527 652 rum,
546 603 644 658 quia
663 602 714 643 de
736 603 856 658 plebe
878 602 1170 658 allegebantur,
1188 603 1305 643 iuxta
1325 618 1415 643 eam
1437 617 1524 643 rem
1545 617 1665 658 aegre
1685 601 1793 658 passi

424 660 579 708 Patres,
602 674 725 714 quam
747 675 876 715 quum
897 660 1155 701 consulatum
1176 660 1335 715 vulgari
1354 659 1553 701 viderent.
1618 659 1794 701 Simula-

423 718 535 765 bant,
565 717 617 757 ad
646 716 745 757 deos
777 717 820 757 id
852 718 992 773 magis,
1016 733 1140 773 quam
1172 717 1225 758 ad
1256 732 1312 766 se,
1337 717 1569 773 pertinere:
1602 717 1710 773 ipsos
1733 717 1794 758 vi-

423 789 549 822 SlerS,
575 789 627 814 ne
661 789 773 814 sacra
804 790 877 815 sua
908 775 1156 831 polluantur.
1219 774 1269 815 Id
1299 790 1341 815 se
1373 782 1514 829 optare
1544 783 1718 824 tantum,
1740 789 1792 815 ne

424 846 507 887 qua
533 831 576 871 in
604 832 901 887 rempublicam
934 832 1070 873 clades
1098 833 1248 873 veniat.
1312 831 1458 872 Minus
1489 840 1629 873 autem
1661 840 1795 873 teten-

424 889 534 938 dere,
557 890 707 929 assueti
730 890 812 930 iam
834 890 904 930 tali
925 905 1077 946 genere
1098 890 1370 931 certaminum
1391 889 1512 931 vinci.
1575 889 1631 930 Et
1653 904 1796 931 cerne-

424 947 536 996 bant,
569 946 820 987 adversarios
852 963 937 988 non
969 947 1024 997 id,
1058 948 1171 1004 quod
1206 947 1302 989 olim
1335 947 1405 987 vix
1441 947 1705 1003 speraverint,
1738 947 1797 988 af-

423 1003 622 1045 fectantes
643 1019 813 1060 magnos
833 1005 1022 1054 honores,
1045 1005 1117 1046 sed
1142 1005 1281 1046 omnia
1300 1005 1395 1054 iam,
1418 1005 1461 1045 in
1483 1020 1660 1061 quorum
1680 1020 1795 1061 spem

425 1061 593 1102 dubiam
625 1070 712 1103 erat
743 1071 957 1113 certatum,
988 1073 1125 1104 tamen
1157 1063 1340 1119 adeptos,
1370 1062 1618 1119 multiplices
1649 1071 1827 1103 consu-8

295 1122 332 1163 7.
424 1119 542 1169 latus,
560 1135 833 1176 censurasque
851 1129 892 1161 et
908 1121 1148 1177 triumphos.
1194 1120 1410 1162 Certatum
1428 1128 1566 1161 tamen
1586 1120 1798 1161 suadenda

425 1177 782 1233 dissuadendaque
804 1178 894 1233 lege
916 1178 1024 1219 inter
1040 1178 1121 1234 Ap.
1141 1177 1365 1219 Claudium
1388 1178 1566 1219 maxime
1587 1178 1738 1227 ferunt,
1755 1186 1798 1218 et

424 1235 532 1275 inter
553 1234 598 1275 P.
616 1235 796 1276 Decium
818 1235 998 1277 Murem.
1064 1236 1149 1284 Qui
1170 1251 1300 1292 quum
1321 1236 1466 1277 eadem
1486 1235 1614 1276 ferme
1635 1235 1687 1276 de
1708 1235 1796 1276 iure

424 1292 595 1333 Patrum
612 1308 658 1334 ac
674 1293 817 1349 plebis,
835 1308 941 1349 quae
963 1309 1036 1350 pro
1052 1293 1142 1349 lege
1161 1293 1325 1335 Licinia
1340 1293 1551 1349 quondam
1572 1300 1797 1348 contraque

425 1365 516 1390 eam
543 1350 654 1391 dicta
683 1359 811 1400 erant,
835 1367 964 1407 quum
994 1351 1166 1407 plebeiis
1196 1351 1433 1392 consulatus
1462 1351 1693 1406 rogabatur,
1715 1350 1798 1391 dis-

426 1408 671 1457 seruissent;
709 1409 895 1449 retulisse
926 1409 1078 1450 dicitur
1105 1408 1262 1450 Decius
1297 1409 1479 1465 parentis
1514 1408 1577 1449 sui
1604 1408 1829 1464 speciem,9

427 1465 590 1519 qualem
623 1481 719 1506 eum
752 1466 884 1515 multi,
919 1467 990 1522 qui
1023 1467 1065 1506 in
1099 1467 1297 1507 concione
1334 1475 1463 1516 erant,
1497 1465 1698 1515 viderant,
1734 1466 1797 1506 in-

427 1522 608 1563 cinctum
633 1522 799 1564 Gabino
824 1523 951 1573 cultu,
975 1539 1097 1580 super
1121 1524 1249 1565 telum
1275 1533 1464 1574 stantem,
1487 1539 1570 1580 quo
1591 1538 1633 1564 se
1654 1523 1799 1564 habitu

215 1587 389 1636 Deciiora-
426 1593 501 1634 pro
533 1579 687 1635 populo
719 1596 765 1621 ac
792 1580 1023 1636 legionibus
1052 1581 1251 1622 Romanis
1278 1582 1520 1623 devovisset.
1583 1581 1721 1622 ‘Tum
1748 1580 1796 1621 P.

213 1631 372 1703 {¹⁶23thss
429 1636 636 1677 ‘Decium
682 1637 892 1678 consulem
938 1653 1089 1693 purum
1128 1639 1326 1694 piumque
1367 1640 1456 1680 deis
1500 1638 1799 1679 immortalibus

429 1694 599 1743 ‘visum,
621 1710 751 1750 aeque
781 1709 827 1735 ac
858 1695 890 1735 si
922 1695 971 1735 T.
996 1695 1181 1736 Manlius
1212 1696 1369 1751 collega
1400 1697 1488 1737 eius
1514 1696 1796 1736 devoveretur.

428 1751 651 1792 ‘Eundem
684 1752 730 1793 P.
750 1752 944 1801 Decium,
978 1753 1050 1808 qui
1085 1767 1198 1793 sacra
1236 1753 1402 1808 publica
1440 1753 1585 1809 populi
1618 1752 1798 1793 Romani

428 1814 439 1832 ⁶
455 1809 617 1858 faceret,
635 1809 716 1865 legi
738 1810 814 1850 rite
837 1825 920 1850 non
942 1810 1151 1865 potuisse?
1192 1810 1242 1850 Id
1263 1825 1348 1851 esse
1371 1810 1614 1866 periculum,
1631 1825 1685 1850 ne
1706 1824 1798 1850 suas

428 1872 595 1923 ‘preces
626 1867 762 1907 minus
793 1867 985 1908 audirent
1014 1867 1087 1917 dii,
1116 1883 1240 1922 quam
1269 1869 1351 1923 Ap.
1371 1867 1572 1908 Claudii?
1634 1866 1798 1908 Castius

427 1929 438 1948 ‘
454 1939 550 1965 eum
578 1939 691 1964 sacra
714 1924 872 1980 privata
894 1924 1041 1973 facere,
1065 1933 1107 1965 et
1133 1925 1361 1980 religiosius
1383 1925 1482 1966 deos
1503 1925 1650 1974 colere,
1673 1939 1797 1980 quam

427 1987 438 2004 ‘
454 1982 530 2022 se?
593 1982 732 2029 Quem
760 1982 971 2037 poenitere
997 1990 1198 2031 votorum,
1222 1998 1326 2037 quae
1355 1997 1430 2038 pro
1457 1982 1667 2038 republica
1691 1997 1798 2022 nun·
1815 1997 1826 2018 1

429 2045 439 2062 ‘
456 2039 697 2095 cupaverint
723 2047 783 2079 tot
811 2039 998 2080 consules
1023 2039 1189 2095 plebeii,
1212 2048 1273 2080 tot
1297 2040 1528 2090 dictatores,
1551 2048 1622 2081 aut
1647 2039 1700 2081 ad
1726 2054 1799 2080 ex-

430 2102 440 2120 ‘
457 2096 608 2137 ercitus
629 2105 787 2146 euntes,
809 2105 880 2137 aut
901 2097 1009 2137 inter
1028 2098 1116 2152 ipsa
1135 2097 1274 2138 bella?
1320 2097 1364 2138 N
1367 2106 1654 2138 umerarentur
1673 2096 1800 2138 duces

429 2160 441 2177 ‘
457 2169 599 2194 eorum
620 2169 835 2203 annorum,
858 2155 1007 2210 quibus
1027 2154 1284 2210 plebeiorum
1304 2155 1432 2196 ductu
1461 2163 1503 2196 et
1529 2154 1711 2210 auspicio
1735 2169 1800 2195 res

429 2218 439 2234 ⁶
455 2211 541 2266 geri
563 2220 733 2267 coeptae
759 2220 879 2253 sunt:
912 2220 1229 2253 numerarentur
1256 2212 1466 2269 triumphi.
1528 2212 1616 2253 Iam
1644 2227 1697 2253 ne
1725 2224 1827 2252 no-2

214 1726 287 1746 cum
305 1716 397 1754 plebe

215 1768 386 1788 commum-

216 1801 331 1831 randis.

473 2375 488 2407 7
511 2370 670 2408 Imparem
685 2368 869 2405 numerum]
889 2367 1017 2407 Nempe
1032 2370 1091 2397 ter-

428 2411 552 2440 narium
569 2411 617 2441 vel
639 2421 657 2441 e
676 2410 813 2441 ternario
828 2410 958 2440 factum.
1005 2410 1092 2440 Hinc

429 2453 520 2493 Sylla
541 2463 708 2483 numerum
732 2463 751 2483 a
773 2463 881 2483 novem
899 2453 938 2482 ad
962 2454 1091 2493 quinde-

428 2497 486 2525 cim
503 2495 601 2526 auxit.
646 2495 709 2526 Sed
732 2495 756 2525 si
778 2494 974 2525 Niebuhrius
996 2505 1092 2534 scopo

428 2548 491 2567 non
514 2538 716 2574 aberraverit,
742 2537 820 2567 haec
845 2547 893 2567 res
917 2536 1092 2576 antiquitus

430 2580 585 2611 Romanis
601 2580 743 2619 religioni
760 2590 822 2610 non
839 2583 914 2610 erat.

472 2624 491 2653 8
517 2625 633 2654 Tamen
648 2624 791 2662 adeptos]
813 2624 927 2653 Tamen
943 2622 983 2651 ad
1000 2622 1091 2652 omis-

430 2675 499 2695 sum
517 2666 727 2705 quamvis,vel
744 2665 840 2694 aliam
853 2664 1006 2694 eiusmodi
1023 2674 1091 2704 par-

428 2707 560 2737 ticulam
576 2708 774 2738 referendum
792 2711 848 2738 est.
895 2707 1009 2745 Itaque
1032 2707 1092 2737 hoc

428 2749 498 2779 loco
514 2749 557 2779 sie
573 2751 799 2790 supplendum,
811 2751 845 2779 in
861 2760 992 2790 quorum
1007 2760 1092 2788 spem

428 2799 521 2828 quam
526 2792 571 2821 vis
580 2793 709 2823 dubium
719 2797 788 2823 erat
798 2797 965 2829 certamen,
976 2796 1090 2822 tamen.

470 2843 489 2872 9
511 2835 668 2865 Retulisse
684 2858 691 2864 .
709 2858 716 2865 .
734 2858 740 2865 .
759 2858 766 2864 .
787 2836 933 2873 parentis
953 2836 1003 2864 sui
1024 2844 1090 2873 spe-

427 2875 520 2911 ciem]
551 2875 730 2905 Revocasse
746 2880 777 2905 et
794 2876 822 2906 vi
839 2876 988 2906 orationis
1004 2886 1090 2915 prae<

427 2920 548 2946 sentem
565 2917 799 2955 quodammodo
815 2919 854 2947 ob
875 2918 984 2948 oculos
1004 2928 1090 2956 prae-

1136 2367 1251 2398 stitisse
1266 2367 1436 2407 imaginem
1453 2366 1592 2407 parentis
1606 2366 1665 2398 sui.
1685 2366 1791 2398 CREv.

1182 2420 1194 2440 1
1221 2412 1319 2447 Quem
1340 2412 1504 2450 poenitere
1525 2411 1683 2448 votorum]
1719 2409 1799 2440 Ideo

1136 2463 1253 2492 nempe
1264 2453 1423 2483 neminem
1440 2452 1597 2492 poenituit
1608 2452 1736 2482 illorum
1748 2461 1798 2482 vo-

1136 2499 1251 2531 torum,
1264 2495 1338 2533 quia
1352 2495 1502 2534 apparuit
1513 2505 1553 2524 ex
1568 2504 1718 2534 prospero
1733 2494 1798 2524 bel-

1136 2538 1236 2567 lorum
1254 2541 1369 2568 eventu
1388 2540 1459 2568 vota
1473 2541 1607 2576 accepta
1621 2536 1682 2567 diis
1693 2536 1798 2567 fuisse.

1137 2580 1242 2610 Cnssv.

1180 2632 1195 2652 ‘z
1219 2624 1291 2652 Iam
1313 2633 1353 2653 ne
1374 2623 1547 2652 nobilitatis
1572 2622 1697 2662 quidem
1721 2632 1799 2652 suae

1133 2666 1269 2703 plebeios
1280 2665 1455 2704 poenitere]
1467 2664 1628 2694 Nobilitas
1638 2664 1724 2703 apud
1734 2664 1798 2694 Ro-

1136 2717 1247 2737 manos
1258 2708 1434 2737 ducebatur
1448 2708 1488 2737 ab
1504 2706 1658 2736 maiorum
1674 2705 1796 2736 honori—

1137 2750 1204 2780 bus.
1250 2750 1364 2788 Itaque
1380 2749 1400 2779 ii
1417 2749 1534 2789 plebeii
1545 2758 1677 2788 quorum
1694 2751 1798 2788 patres

1135 2792 1346 2829 consulatum,
1367 2795 1422 2822 aut
1444 2795 1636 2831 praeturam,
1650 2793 1706 2821 aut
1726 2799 1796 2820 cen-

1134 2844 1251 2871 suram,
1266 2838 1321 2864 aut
1344 2834 1534 2864 dictaturam
1554 2835 1723 2874 gesserant,
1743 2841 1795 2862 no-

1135 2876 1214 2906 biles
1230 2880 1328 2907 erant.
1353 2877 1456 2907 CREV.
