1934 3211
601 191 730 235 LIB.
773 191 854 238 ΙΙΙ,
900 192 1048 236 ΟΑΡ.
1091 195 1130 236 5.
1476 195 1554 235 151

156 284 300 327 habita
333 282 417 339 est)
448 281 669 324 Postumio
705 281 827 323 alteri
863 281 1084 323 consulum
1116 281 1335 337 negotium
1371 281 1555 332 daretur,
1572 290 1617 322 U.
1634 290 1672 323 Q
1690 299 1761 332 290.

127 348 173 385 7‘
186 341 376 390 Videret,
406 355 460 381 ne
494 339 599 395 quid
627 338 863 395 respublica
886 338 1131 379 detrimenti
1157 339 1352 393 caperet.’
1411 338 1557 395 Ipsum
1571 334 1611 364 A.
1635 333 1673 365 C.
1690 332 1763 373 4⁶²·

155 397 371 440 consulem
412 397 575 438 Romae
616 411 786 437 manere
823 395 876 437 ad
917 394 1242 437 conscribendos
1282 410 1441 444 omnes,
1484 395 1559 451 qui

123 470 271 502 sarma
300 455 407 496 ferre
441 462 624 511 possent,
657 453 865 510 optimum
897 453 1032 494 visum
1066 461 1156 494 est:
1186 467 1262 509 pro
1297 452 1468 494 consule
1503 453 1555 494 T.

158 511 412 561 Quinctium
433 511 620 552 subsidio
641 510 785 552 castris
805 525 902 551 cum
924 509 1065 551 sociali
1087 510 1277 551 exercitu
1297 509 1420 551 mitti.
1484 510 1558 550 Ad

155 585 254 612 eum
270 569 531 626 explendum
548 568 704 617 Latini,
725 567 1003 624 Hernicique,
1019 576 1061 608 et
1077 567 1242 609 colonia
1258 566 1441 608 Antium
1458 566 1557 608 dare

159 626 365 676 Quinctio
381 626 602 668 subitarios
619 625 773 666 milites
787 625 867 680 (ita
887 634 977 666 tum
999 624 1222 681 repentina
1237 624 1394 665 auxilia
1414 624 1558 681 appel-

154 684 437 739 labant)iussi.
472 683 600 724 Multi
617 698 693 739 per
706 698 777 724 eos
785 683 875 724 dies
888 691 1026 724 motus
1040 682 1247 738 multique
1262 682 1445 738 impetus
1458 681 1557 724 hinc
1658 690 1697 730 5,

157 750 284 798 atque
300 741 417 782 illinc
433 741 544 790 facti,
560 741 672 796 quia,
690 749 914 797 superante
932 739 1218 789 multitudine,
1233 739 1373 781 hostes
1386 754 1557 796 carpere

156 799 427 840 multifariam
455 799 564 840 vires
597 798 822 847 Romanas,
847 806 893 839 ut
922 813 1010 839 non
1043 798 1288 839 suffecturas
1321 797 1375 837 ad
1403 797 1557 846 omnia,

157 857 339 914 aggressi
375 864 485 898 sunt.
552 855 686 897 Simul
727 864 862 896 castra
901 870 956 911 op
988 855 1267 911 ugnabantur,
1304 854 1429 895 simul
1463 869 1559 910 pars

157 915 368 956 exercitus
389 913 444 955 ad
467 913 758 970 populandum
788 928 932 968 agrum
1002 927 1201 953 ornanum
1230 912 1366 961 missa,
1390 912 1560 953 urbem-

158 987 242 1029 que
270 972 416 1028 ipsam,
447 971 480 1012 si
502 986 587 1027 qua
612 971 781 1012 fortuna
809 970 941 1020 daret,
965 970 1222 1011 tentandam.
1286 969 1335 1010 L.
1361 969 1559 1011 Valerius

159 1029 214 1071 ad
233 1029 489 1086 praesidium
512 1029 625 1069 urbis
646 1028 839 1069 relictus:
865 1027 1011 1068 consul
1029 1027 1271 1069 Postumius
1288 1027 1341 1068 ad
1358 1026 1560 1068 arcendas

157 1087 452 1144 populationes
473 1086 623 1127 finium
645 1086 804 1126 missus.
870 1085 992 1126 Nihil
1017 1085 1236 1126 remissum
1258 1085 1309 1125 ab
1331 1084 1417 1125 ulla
1439 1092 1558 1141 parte

158 1159 282 1186 curae
304 1154 377 1186 aut
404 1144 567 1185 laboris.
631 1143 816 1199 vigiliae
848 1143 892 1183 in
924 1143 1040 1192 urbe,
1063 1143 1263 1183 stationes
1288 1151 1384 1183 ante
1406 1151 1559 1198 portas,

157 1202 451 1259 praesidiaque
484 1201 528 1241 in
559 1201 688 1242 muris
719 1201 932 1257 disposita,
964 1209 1019 1249 et,
1049 1200 1165 1256 quod
1196 1214 1365 1241 neeesse
1397 1208 1486 1241 erat
1516 1199 1562 1240 in

159 1268 278 1301 tanto
296 1259 494 1308 tumultu,
514 1258 718 1299 iustitium
740 1273 816 1314 per
836 1257 997 1314 aliquot
1013 1258 1103 1298 dies
1119 1266 1340 1298 servatum.
1383 1256 1562 1298 Interim

160 1317 205 1358 in
236 1317 378 1358 castris
401 1316 551 1357 Furius
581 1315 741 1364 consul,
768 1330 900 1371 quum
931 1315 1067 1371 primo
1098 1315 1267 1371 quietus
1299 1314 1562 1355 obsidionem

128 1389 305 1432 9passus
333 1383 454 1423 esset,
477 1374 522 1414 in
550 1374 767 1414 incautum
799 1373 960 1414 hostem
993 1372 1229 1413 decumana
1257 1381 1379 1428 porta
1409 1371 1561 1428 erupit,

162 1441 217 1483 et,
240 1447 373 1488 quum
403 1432 600 1488 persequi
628 1439 780 1486 posset,
803 1440 920 1470 metu
949 1430 1145 1478 substitit,
1169 1444 1222 1470 ne
1252 1444 1336 1485 qua
1364 1444 1417 1470 ex
1445 1438 1562 1484 parte

162 1489 293 1531 altera
323 1490 367 1530 in
398 1498 531 1530 castra
560 1488 621 1529 vis
653 1488 784 1528 fieret.
849 1487 1022 1528 Furium
1053 1486 1239 1542 legatum
1271 1486 1419 1541 (frater
1449 1486 1564 1528 idem

162 1547 344 1589 consulis
377 1546 486 1601 erat)
514 1545 678 1601 longius
711 1544 864 1586 extulit
896 1559 1067 1585 cursus:
1101 1559 1179 1585 nec
1213 1559 1308 1585 suos
1341 1543 1410 1584 ille
1444 1543 1566 1585 rede-

162 1613 298 1654 untes,
336 1603 619 1661 persequendi
655 1602 808 1652 studio,
845 1617 985 1658 neque
1027 1601 1212 1643 hostium
1253 1602 1305 1642 ab
1347 1609 1465 1657 tergo
1500 1601 1566 1642 in-

162 1677 331 1704 cursum
353 1661 468 1702 vidit.
533 1660 599 1701 Ita
619 1660 827 1709 exclusus,
851 1659 994 1700 multis
1022 1674 1145 1716 saepe
1170 1659 1324 1700 frustra
1345 1659 1565 1701 conatibus

162 1720 309 1776 captis,
332 1727 379 1760 ut
407 1719 516 1760 viam
545 1718 624 1759 sibi
655 1717 709 1759 ad
739 1729 874 1758 castra
894 1717 1062 1766 faceret,
1093 1717 1243 1758 acriter
1263 1717 1468 1758 dimicans
1497 1732 1566 1758 ce-

162 1777 277 1819 cidit.
342 1776 399 1818 Et
427 1775 586 1826 consul,
610 1775 760 1817 nuntio
788 1775 1064 1816 circumventi
1093 1775 1230 1816 fratris
1259 1789 1483 1816 conversus
1512 1774 1566 1816 ad

162 1850 362 1892 pugnam,
385 1834 487 1875 dum
519 1849 562 1875 se
595 1842 751 1875 temere
785 1833 928 1889 magis,
952 1848 1080 1889 quam
1111 1833 1209 1873 satis
1242 1841 1377 1881 caute,
1401 1833 1444 1873 in
1479 1848 1567 1874 me-

163 1892 277 1935 diam
309 1892 625 1936 dimicationem
659 1891 799 1943 infert,
821 1890 996 1932 vulnere
1028 1899 1215 1947 acceptO,
1245 1905 1369 1947 aegre
1403 1891 1454 1932 ab
1488 1891 1568 1932 cir-

210 2064 227 2096 7
258 2057 401 2094 Viderat]
438 2056 550 2087 Videre
575 2055 677 2086 Drak.
702 2060 733 2085 et
759 2054 844 2085 Bek-

164 2099 233 2130 ker.
260 2099 404 2130 Primum
425 2099 486 2128 hoc
503 2098 685 2128 huiusmodi
703 2101 844 2127 senatus-

166 2152 253 2172 conS.
271 2141 458 2180 exemplum
484 2145 543 2175 est,
559 2151 622 2179 quo
646 2140 756 2170 consul
780 2140 844 2169 ‹lic—

166 2183 315 2214 tatoriam
333 2184 398 2213 fere
419 2186 611 2223 potestatem
630 2183 844 2220 consequeba-

167 2230 228 2257 tur.
254 2227 396 2256 Srnorn.
444 2225 537 2255 llaec
564 2229 706 2264 potestas
735 2229 847 2263 postea

170 2269 315 2308 pluribus
337 2268 425 2305 data,
449 2278 508 2297 nec
535 2268 673 2307 primum
702 2266 847 2306 Opimio,

167 2311 223 2341 aed
257 2311 394 2350 primum
426 2311 578 2340 adversus
609 2310 717 2345 civem
751 2309 848 2348 idque

168 2353 347 2393 significare
376 2353 512 2383 voluisse
540 2353 626 2385 l'lut.
652 2352 683 2382 in
707 2352 846 2383 Grac-ch.

169 2395 233 2427 iam
253 2406 406 2426 monuere
425 2395 604 2426 Manut.de
626 2395 735 2425 Senat.
752 2395 848 2425 Rom.

170 2443 203 2470 et
222 2439 322 2469 Dmk.
339 2439 379 2468 ad
397 2438 427 2469 b.
447 2439 466 2468 1.
494 2439 578 2468 ltrv.

214 2482 233 2511 8
258 2483 324 2512 l'ro
347 2482 493 2519 carimde]
535 2481 626 2510 llaec
653 2479 755 2519 prima
781 2490 849 2519 pro-

171 2523 311 2556 consulis
342 2523 463 2553 mentio
490 2534 542 2563 ap.
573 2522 711 2554 Livium.
743 2523 849 2552 (Ἲιιιεν.

173 2567 212 2597 cf.
232 2566 367 2596 Niebhr.
377 2566 405 2596 ii.
420 2576 487 2597 120.
515 2566 579 2596 llic
591 2570 743 2604 ‹piattuor
753 2565 852 2594 duces

172 2613 325 2647 quattuor
350 2609 549 2639 exercituum
583 2608 750 2643 habemus,
778 2618 850 2637 con-

174 2650 259 2680 sules
282 2651 362 2680 duos
385 2661 458 2680 eum
484 2652 664 2680 iunior-ilaus
688 2650 718 2679 in
747 2650 853 2679 hostes

174 2693 255 2723 nlius
266 2692 364 2722 alium
381 2693 503 2728 mix-⁴02⁴,
515 2693 554 2723 Ὶ“.
570 2693 763 2728 Quinctium
779 2702 851 2721 eum

174 2736 351 2765 senioribus
379 2735 520 2765 subsidio
552 2735 697 2769 ini-uum,
727 2735 761 2765 L.
790 2735 852 2763 Va-

176 2778 288 2808 lerium
309 2778 379 2807 urbi
397 2782 427 2807 et
445 2778 584 2807 urbanae
606 2776 738 2807 militiae
762 2788 854 2816 prac-

167 2821 305 2859 seclum.

219 2873 238 2903 ‘)
265 2864 451 2892 mmmmm
467 2873 489 2901 1)
511 2862 578 2899 rm]
607 2861 720 2890 s'zwtra
738 2861 851 2890 Romn-

177 2915 218 2935 nn
237 2905 406 2944 quadrata,
430 2909 462 2934 ut
491 2904 678 2943 plurimum,
703 2904 802 2938 suere,
825 2908 857 2932 et

177 2952 330 2988 quattuor
353 2947 494 2978 habuere
511 2951 627 2987 portas.
677 2946 803 2977 llarum
820 2956 858 2976 ea

889 2065 972 2094 quae
988 2054 1189 2086 aversissima
1204 2058 1272 2085 erat
1288 2055 1328 2084 ah
1345 2053 1449 2090 hoste,
1463 2055 1569 2085 Decu-

890 2108 987 2127 mnna
1004 2097 1172 2127 dicebatur
1194 2108 1213 2127 a
1236 2096 1370 2127 decimis
1385 2096 1571 2126 cohortibus

891 2138 932 2179 (xi
957 2139 1118 2169 eredimus
1136 2139 1246 2178 Lipsio
1269 2139 1310 2168 de
1333 2138 1406 2168 Mil.
1426 2139 1522 2168 Rom.
1541 2148 1570 2168 v·

892 2181 937 2221 5.)
952 2182 1043 2211 iuxta
1056 2191 1126 2211 eam
1145 2181 1362 2211 tendentibus.
1396 2181 1570 2219 Unaquae-

891 2235 953 2263 que
971 2224 1056 2254 enim
1083 2224 1164 2262 legio
1182 2224 1213 2253 in
1231 2224 1343 2254 decem
1361 2223 1509 2253 cohortes
1525 2222 1570 2252 di·

893 2267 1070 2297 videbatur.
1125 2266 1252 2296 Primae
1279 2270 1387 2296 autem
1417 2265 1572 2304 cuiusque

893 2309 1027 2347 legionis
1061 2309 1209 2339 cohortes
1246 2308 1337 2338 iuxta
1370 2307 1571 2338 Praetorium

893 2353 1084 2387 tendebant,
1099 2352 1185 2391 quod
1210 2351 1241 2382 in
1267 2352 1370 2381 fronte
1395 2355 1571 2380 cami-orum

894 2394 975 2425 fuit:
1003 2400 1128 2424 ceterae
1144 2394 1261 2424 deinde
1285 2404 1323 2423 ex
1345 2393 1456 2423 ordine
1473 2402 1573 2431 usque

893 2438 933 2467 ad
973 2437 1116 2467 decimas
1153 2437 1347 2475 (amictuque
1386 2440 1574 2475 postremam,

895 2490 977 2519 quae
1008 2480 1038 2509 in
1073 2484 1234 2519 postrema
1264 2483 1438 2508 castrorum
1472 2483 1574 2517 parte,

895 2523 1041 2561 adeoque
1071 2533 1170 2561 prope
1203 2526 1325 2561 portam
1355 2522 1575 2551 Det-umanum

898 2565 1096 2595 locabantur.
1136 2564 1294 2603 Reliquae
1311 2568 1485 2593 castrorum
1506 2573 1574 2602 por-

897 2612 948 2637 tae
977 2608 1064 2637 fuere
1096 2608 1276 2641 l'raewlorin,
1302 2617 1384 2644 quae
1412 2605 1576 2635 Praetorio

900 2650 1056 2689 proxima,
1076 2655 1106 2678 et
1134 2659 1220 2678 versa
1246 2648 1275 2678 in
1301 2648 1447 2678 hostem:
1476 2648 1505 2677 in
1532 2649 1575 2678 la-

899 2693 1018 2721 teribus
1047 2692 1251 2730 l'rinrilmlouae·
1277 2691 1372 2725 dune,
1398 2690 1442 2720 sic
1469 2691 1576 2721 dietae

899 2736 984 2773 quod
1006 2734 1035 2763 in
1054 2746 1092 2762 vo
1111 2734 1180 2763 loco
1197 2738 1313 2768 essent,
1330 2734 1382 2763 ubi
1401 2734 1577 2763 tendebant

899 2778 1062 2816 principes
1085 2776 1223 2811 ordines,
1249 2775 1277 2805 id
1303 2781 1362 2812 ent,
1380 2776 1471 2816 primi
1495 2775 1576 2806 ordi-

902 2830 967 2853 nes,
984 2819 1090 2858 capitu
1115 2824 1144 2847 et
1170 2818 1279 2858 apices
1295 2822 1483 2852 canti-onim,
1501 2823 1579 2858 putu

902 2861 1032 2896 tribuni,
1050 2860 1214 2900 praefecti,
1239 2860 1396 2900 primique
1420 2861 1579 2893 centurio-

903 2914 991 2936 nuin.
1039 2904 1132 2937 llaec
1150 2903 1214 2936 sere
1234 2903 1371 2946 Lipsius.
1396 2904 1502 2939 Ciu-zv.
