1934 3211
181 291 223 322 U.
241 292 278 322 C.
297 302 366 333 259.

178 334 216 365 A.
241 335 278 366 C.
296 345 367 375 493.

248 1379 314 1416 28.

180 1433 223 1465 U.
241 1435 278 1465 C.
297 1435 366 1466 260.

178 1478 217 1508 A.
241 1478 278 1509 C.
296 1488 367 1519 492·

396 193 473 231 102
904 192 1051 234 ΤΙΤΙ
1092 193 1263 235 LIVII

394 280 581 337 pluribus
608 282 872 332 violarentur,
895 283 938 323 in
966 283 1191 324 creditores
1218 299 1242 324 a
1269 283 1525 324 debitoribus
1552 290 1774 323 verterant.

398 338 533 395 Super
552 340 654 380 haec
676 340 797 381 timor
818 341 984 382 incessit
1008 341 1150 382 Sabini
1171 340 1292 390 belli3
1325 341 1574 397 delectuque
1592 340 1775 390 decreto,

394 412 519 438 nemo
535 413 687 439 nomen
703 398 831 447 dedit,
849 398 1011 439 furente
1032 398 1185 455 Appio,
1201 407 1242 439 et
1262 399 1491 439 insectante
1506 398 1777 439 ambitionem

395 455 590 511 collegae,
614 455 685 511 qui
707 456 896 512 populari
917 456 1082 497 silentio
1110 456 1410 512 1empublica1n
1430 456 1638 512 proderet,
1661 464 1704 496 et
1724 454 1778 496 ad

395 512 451 562 id,
476 513 589 569 quod
617 514 669 553 de
695 513 851 554 credita
871 514 1050 569 pecunia
1076 514 1140 554 ius
1169 529 1253 554 non
1281 514 1465 563 dixisset,
1492 513 1702 562 adiiceret,
1729 520 1778 554 ut

395 585 448 611 ne
485 570 694 611 delectum
730 571 901 626 quidem
931 587 984 612 ex
1014 571 1371 612 senatusconsulto
1402 546 1583 612 haberet.
1647 569 1778 611 ‘Non

397 633 409 651 ⁶
422 643 510 669 esse
532 637 671 669 tamen
693 628 897 669 desertam
927 629 1099 670 omnino
1123 628 1435 684 rempublicam,
1458 643 1595 683 neque
1616 627 1778 683 proiec-

397 691 510 726 ⁶tum
544 685 756 727 consulare
789 686 1022 741 imperium.
1087 685 1139 727 Se
1171 702 1302 727 unum
1333 695 1375 727 et
1404 701 1500 726 suae
1532 694 1575 726 et
1604 685 1778 726 Patrum

397 749 409 766 ⁶
422 743 645 784 maiestatis
661 742 870 783 vindicem
890 743 1003 784 fore.’
1066 743 1210 792 Quum
1232 744 1517 784 circumstaret
1531 742 1778 799 quotidiana
1791 755 1809 785 3

396 801 620 841 multitudo
653 800 825 841 licentia
855 815 1038 851 accensa,
1072 802 1196 857 arripi
1226 817 1357 842 unum
1388 801 1595 857 insignem
1626 800 1778 841 ducem

395 858 648 898 seditionum
674 857 801 899 iussit.
864 858 953 908 Ille,
977 875 1107 914 quum
1137 875 1160 900 a
1187 859 1400 899 lictoribus
1422 859 1503 899 iam
1529 858 1776 908 traheretur,

394 916 654 971 piovocavit:
707 930 785 956 nec
821 916 1007 957 cessisset
1045 917 1330 982 provocationi
1366 916 1523 966 consul,
1561 916 1660 972 quia
1690 931 1778 957 non

394 972 569 1013 dubium
600 981 688 1014 erat
716 973 861 1029 populi
891 974 1107 1023 iudicium,
1141 974 1221 1014 nisi
1252 990 1372 1039 aegre
1405 974 1515 1015 victa
1550 973 1779 1030 pertinacia

393 1030 511 1080 for,et
534 1031 706 1071 consilio
728 1031 857 1087 magis
877 1041 919 1072 et
943 1032 1185 1073 auctoritate
1207 1032 1456 1087 principum,
1480 1047 1606 1088 quam
1632 1030 1779 1087 populi

394 1087 597 1129 clamore:
632 1089 736 1129 adeo
764 1098 1006 1144 supererant
1027 1089 1154 1130 animi
1177 1089 1228 1130 ad
1257 1089 1541 1130 sustinendam
1561 1088 1775 1130 invidiam.

398 1144 597 1186 Crescere
619 1147 717 1187 inde
739 1146 925 1187 malum
916 1162 960 1186 111
981 1146 1082 1196 dies,
1100 1162 1186 1187 non
1207 1146 1454 1187 clamoribus
1470 1146 1594 1187 modo
1611 1146 1777 1202 apertis,

394 1203 479 1252 sed,
512 1204 626 1259 quod
657 1204 788 1245 multo
823 1204 1095 1260 perniciosius
1129 1212 1228 1253 erat,
1261 1204 1489 1245 secessione
1520 1204 1777 1260 occultisque

394 1260 622 1317 colloquiis.
714 1262 907 1303 Tandem
961 1262 1083 1302 invisi
1136 1261 1248 1317 plebi
1298 1261 1488 1302 consules
1536 1262 1779 1318 magistratu

394 1319 562 1368 abeunt,
589 1319 786 1360 Servilius
806 1320 978 1369 neutris,
1002 1319 1168 1376 Appius
1189 1319 1383 1360 Patribus
1404 1319 1507 1360 mire
1528 1328 1679 1375 gratus.

452 1376 504 1417 A.
533 1376 748 1433 Virginius
783 1377 881 1418 inde
923 1386 965 1418 et
1001 1377 1051 1418 T.
1082 1376 1281 1418 Vetusius
1316 1376 1577 1418 consulatum
1616 1377 1776 1418 ineunt.

395 1433 508 1474 Tum
537 1450 636 1475 vero
666 1434 821 1490 plebes,
862 1435 1023 1475 incerta
1047 1434 1190 1490 quales
1220 1434 1413 1475 habitura
1440 1434 1630 1476 consules
1658 1442 1778 1484 esset,

394 1500 536 1532 coetus
567 1501 803 1541 nocturnos,
829 1507 923 1548 pars
945 1491 1155 1547 Esquiliis,
1177 1507 1272 1547 pars
1299 1492 1343 1532 in
1366 1492 1594 1542 Aventino,
1616 1492 1750 1533 facere
1765 1507 1775 1542 3
1790 1510 1812 1538 4

393 1565 446 1590 ne
474 1549 519 1589 in
549 1549 637 1590 foro
667 1549 812 1590 subitis
843 1549 1069 1605 trepidaret
1097 1549 1290 1598 consiliis,
1314 1558 1356 1590 et
1384 1550 1524 1590 omnia
1552 1558 1708 1591 temere
1730 1559 1808 1592 a05

393 1607 564 1648 fortuito
593 1615 743 1663 ageret.
807 1607 911 1648 Eam
940 1622 1027 1647 rem
1056 1606 1246 1647 consules
1267 1606 1357 1655 rati,
1380 1615 1427 1647 ut
1448 1615 1547 1656 erat,
1570 1607 1778 1663 pernicio-

394 1680 494 1714 sam,
527 1665 579 1705 ad
610 1665 755 1705 Patres
790 1664 1006 1705 deferunt:
1051 1664 1125 1705 sed
1161 1663 1343 1705 delatam
1382 1664 1596 1705 consulere
1630 1664 1810 1705 ordine6

393 1738 480 1763 non
509 1722 649 1763 licuit:
684 1722 788 1763 adeo
822 1721 1074 1763 tumultuose
1109 1730 1286 1777 excepta
1321 1730 1383 1762 est
1417 1722 1664 1763 clamoribus
1697 1737 1777 1762 un-

395 1780 521 1836 dique
551 1789 593 1820 ct
621 1779 907 1836 indignatione
929 1779 1116 1829 Patrum,
1147 1779 1193 1843 si,
1224 1779 1338 1835 quod
1370 1779 1546 1835 imperio
1572 1778 1779 1820 consulari

394 1814 736 1893 exsequendumo
751 1846 868 1887 esset,
900 1836 1100 1877 invidiam
1141 1836 1229 1877 eius
1270 1837 1460 1878 consules
1496 1837 1549 1878 ad
1588 1845 1778 1878 senatum

394 1895 625 1936 reiicerent.
691 1895 910 1936 ‘Profecto
941 1894 974 1935 si
1006 1903 1143 1935 essent
1178 1895 1222 1934 in
1254 1894 1468 1950 republica
1499 1894 1811 1950 magistratu8,7

396 1952 582 1993 ‘nullum
610 1953 796 1994 futurum
823 1952 947 1993 fuisse
976 1951 1149 2001 Romae,
1173 1952 1252 1992 nisi
1280 1951 1508 2008 publicum,
1538 1952 1776 1994 concilium.

396 2015 408 2033 ⁶
426 2010 553 2051 Nunc
581 2010 624 2050 in
653 2010 765 2051 mille
794 2010 927 2050 curias
948 2009 1253 2065 concionesque
1276 2010 1427 2065 (quum
1456 2009 1536 2050 alia
1560 2009 1604 2050 in
1626 2009 1779 2065 Esqui-

396 2067 496 2117 ‘liis,
531 2068 610 2108 alia
641 2068 684 2108 in
716 2067 930 2109 Aventino
966 2067 1068 2107 fiant
1103 2066 1298 2123 concilia)
1328 2067 1553 2123 dispersam
1585 2075 1628 2108 et
1658 2067 1778 2108 dissi-

396 2131 558 2181 ⁶patam
580 2141 666 2166 esse
683 2124 994 2181 rempublicam.
1042 2124 1201 2174 Unum,
1219 2124 1401 2174 hercule,
1420 2125 1566 2174 virum,
1584 2124 1649 2180 (id
1665 2125 1779 2165 enim

395 2183 511 2238 ‘plus
547 2199 647 2233 esse,
685 2198 810 2239 quam
846 2181 1079 2238 consulem)
1115 2182 1246 2238 qualis
1278 2184 1360 2238 Ap.
1402 2181 1606 2223 Claudius
1639 2182 1776 2232 fuerit,

395 2248 405 2264 ⁴
421 2250 632 2282 momento
663 2240 858 2296 temporis
889 2240 1168 2281 discussurum
1189 2240 1279 2281 illos
1300 2248 1441 2280 coetus
1461 2240 1596 2281 fuisse.
1602 2240 1611 2257 '
1672 2238 1809 2282 Cor-8

394 2299 500 2355 repti
521 2298 709 2340 consules
730 2313 873 2354 quum,
888 2297 991 2353 quid
1012 2313 1109 2353 ergo
1130 2313 1172 2338 se
1193 2297 1326 2338 facere
1342 2297 1508 2346 vellent,
1523 2296 1649 2353 (nihil
1664 2297 1777 2338 enim

439 2494 456 2523 3
481 2485 692 2521 Quotidiano]
735 2483 847 2518 Quum
878 2481 1064 2518 multitudo,
1154 2481 1173 2512 6
1201 2483 1351 2512 Delatam
1376 2481 1554 2518 consulere]
1599 2480 1775 2511 Geminum

395 2527 440 2556 uti
464 2527 530 2557 fieri
554 2527 676 2557 solebat
692 2525 845 2565 quotidie,
863 2524 992 2554 licentia
1010 2535 1063 2554 au-
1108 2524 1325 2554 accusativum
1363 2524 1404 2554 ad
1441 2524 1572 2554 verbum
1614 2525 1777 2555 consulere

395 2569 502 2599 (1116101-
545 2570 630 2599 faeta
668 2568 886 2599 circumstaret
923 2567 1062 2597 tribunal
1106 2567 1188 2597 bene
1217 2566 1388 2596 illustravit
1419 2566 1597 2597 Rhenanus
1626 2566 1776 2606 exemplo

396 2612 503 2650 Appii.
534 2612 641 2642 DoER.
1109 2610 1216 2640 Plaut.
1239 2609 1271 2638 in
1296 2609 1464 2640 Menaeeh.
1481 2609 1520 2639 iv.
1538 2619 1579 2639 sc.
1595 2618 1622 2648 3.
1640 2608 1688 2640 26.
1705 2619 1776 2639 con-

444 2666 462 2692 4
491 2656 647 2694 Esquiliis
667 2678 673 2685 .
691 2678 698 2684 .
715 2678 722 2684 .
740 2678 747 2684 .
763 2653 940 2690 Aventino]
995 2652 1062 2683 Ubi
1105 2653 1209 2682 sulam
1227 2653 1310 2682 hanc
1332 2663 1396 2683 rem
1417 2653 1543 2689 amicos,
1558 2652 1636 2692 quid
1648 2652 1775 2690 facien-

399 2696 506 2733 plebes
536 2697 711 2727 habitabat.
765 2695 945 2727 Aventinus
974 2699 1063 2725 extra
1106 2695 1181 2724 dum
1203 2699 1359 2726 censeant.
1384 2694 1525 2725 STROTH.
1555 2694 1594 2725 cf.
1616 2693 1685 2725 Cic.
1706 2694 1775 2724 Att.

397 2738 593 2775 pomoerium
610 2744 686 2770 erat.
1110 2737 1160 2767 vii.
1179 2747 1226 2767 20.

441 2788 457 2818 5
484 2782 685 2820 Trepidaret]
716 2782 780 2819 Ne,
803 2782 827 2812 si
851 2792 914 2820 qua
935 2780 968 2810 in
991 2791 1063 2811 con-
1153 2787 1169 2819 7
1192 2781 1357 2819 Profecto]
1385 2779 1418 2810 Si
1434 2789 1506 2810 vere
1522 2782 1636 2810 essent.

397 2821 488 2851 cione
519 2823 648 2853 consilia
678 2824 782 2854 subito
812 2828 908 2863 atque
940 2824 980 2853 de
1006 2823 1063 2853 im-
1151 2824 1169 2853 8
1193 2822 1354 2862 Correpti]
1386 2822 1552 2861 Obiurgati
1578 2832 1598 2852 a
1622 2820 1774 2860 patribus.

397 2864 520 2902 proviso
547 2865 702 2904 capienda
730 2870 844 2903 essent,
870 2876 988 2905 anceps
1016 2869 1061 2895 at·
1107 2865 1145 2895 cf.
1164 2865 1293 2895 sueton.
1312 2865 1407 2895 Galb.
1426 2873 1453 2904 5.
1477 2862 1687 2903 “Agrippina
1707 2872 1773 2892 cor-

397 2916 458 2944 que
470 2906 561 2945 inops
571 2907 694 2937 consilii
705 2912 794 2938 esset.
822 2910 1007 2948 Trepidaret
1019 2918 1061 2939 sc.
1106 2912 1197 2947 repta
1217 2908 1328 2947 iurgio,
1344 2911 1440 2946 atque
1464 2906 1560 2937 etiam
1583 2915 1680 2936 manu
1703 2905 1773 2944 pul-

398 2949 645 2985 fluctuaret,sibi
662 2960 722 2979 11011
737 2954 903 2980 constaret.
921 2951 1060 2980 STROTH.
1106 2952 1207 2980 sata.”
