1934 3211
164 260 208 291 U.
226 259 263 290 C.
282 259 352 299 346.

162 303 201 333 A.
226 303 263 333 C.
282 301 353 341 406.

235 997 302 1035 55.

166 1052 279 1081 Volsci
296 1056 328 1082 et

166 1094 270 1133 Aequi
287 1095 352 1124 bel-

165 1137 232 1165 lum
250 1136 326 1167 infe-

164 1183 248 1209 runt.

164 1458 337 1490 Discordia

163 1502 350 1533 domestica.

163 1689 231 1718 Arx
248 1687 324 1718 Car-

163 1733 303 1760 ventana

163 1775 260 1811 capta
275 1772 316 1801 ab

162 1814 319 1845 hostibus.

381 166 464 203 280
900 162 1049 204 TITI
1087 162 1268 204 LIVII

381 251 465 292 sius
501 252 584 292 fine
620 251 921 301 aestimabant3
964 252 1038 293 sed
1073 252 1305 308 patefactus
1341 253 1393 294 ad
1429 252 1693 294 consulatum
1728 267 1777 294 30

382 308 616 364 triumphos
645 308 761 350 locus
791 309 910 350 novis
940 309 1182 350 hominibus
1209 310 1438 351 videbatur.
1501 310 1647 351 Patres
1677 324 1810 355 con-8

381 375 457 415 tra,
493 381 580 406 non
620 381 696 422 pro
737 366 1068 416 communicatis,
1105 367 1179 408 sed
1219 382 1296 422 pro
1335 367 1493 408 amissis
1533 367 1776 417 honoribus,

379 423 582 464 fremere:
625 438 792 479 negare,
827 423 897 464 ‘Si
933 439 983 465 03
1012 424 1071 464 113
1100 424 1196 473 51111,
1227 424 1380 465 liberos
1415 424 1624 465 tollendos
1659 440 1775 466 esse:

383 480 483 535 ‘qui
503 480 614 536 pulsi
635 481 840 521 maiorum
861 481 966 530 1000,
990 489 1295 536 cernentesque
1324 481 1455 523 alios'
1446 497 1491 521 1n
1518 482 1779 537 possessione

384 543 394 561 ⁶
411 537 629 593 dignitatis
652 553 763 587 suae,
787 537 878 578 salii
908 538 1183 592 flaminesque
1200 553 1419 602 nusquam
1448 539 1542 588 alio,
1566 554 1693 594 quam
1724 538 1812 585 adt)

385 600 396 618 ⁶
412 594 731 636 sacrificandum
766 610 842 650 pro
873 594 1042 649 populo,
1075 595 1163 634 sine
1197 594 1384 650 imperiis
1416 611 1463 636 ac
1503 596 1780 659 potestatibus

386 651 728 716 ‘relinquantun’
787 651 965 691 Imitatis
993 651 1211 706 utriusque
1233 652 1362 706 partis
1388 652 1550 702 animls,
1577 667 1709 708 quum
1737 661 1810 694 etr

383 708 551 764 spiritus
585 708 729 764 plebes
761 708 1017 763 sumpsisset,
1050 718 1093 748 et
1128 717 1213 748 tres
1243 708 1296 748 ad
1330 708 1577 765 popularem
1612 724 1780 751 causam

383 765 643 806 celeberrimi
664 765 847 805 nominis
874 764 1048 805 haberet
1069 764 1222 805 duces·
1213 797 1223 814 ,
1257 765 1403 807 Panes
1425 767 1566 807 omnia
1586 775 1782 823 quaesto-

384 823 452 862 riis
483 821 675 870 comitiis,
703 822 775 861 ubi
805 830 1033 877 utrumque
1065 822 1178 878 plebi
1208 822 1367 873 liceret,
1394 823 1546 864 similia
1571 824 1660 865 fore
1690 839 1783 866 001·-

383 887 545 928 11011105,
568 878 742 919 tendere
764 878 817 919 ad
839 879 1060 920 consulum
1081 879 1261 929 comitia,
1284 896 1392 936 quae
1414 881 1604 922 nondum
1623 881 1782 937 promi-

383 951 482 977 scua
497 944 646 977 essent.
699 935 807 976 Icilii
829 945 975 977 contra
990 937 1180 978 tribunos
1201 937 1384 978 militum
1400 938 1602 980 creandos
1622 938 1778 989 dicere,

383 1002 425 1034 ct
465 993 636 1034 tandem
673 993 901 1049 aliquando
941 994 1243 1049 impaitiendos
1282 995 1396 1051 plebi
1436 995 1629 1037 honores.
1694 995 1813 1037 Sedz

383 1050 499 1091 nulla
538 1059 628 1091 erat
667 1051 895 1091 consularis
928 1052 1051 1101 30110,
1086 1067 1212 1107 quam
1252 1052 1527 1108 impediendo
1566 1053 1625 1103 id,
1663 1053 1781 1108 quod

382 1108 595 1163 petebant,
619 1108 930 1164 οΧΡ11111010111;
964 1124 1095 1164 quum
1122 1109 1228 1149 mira
1254 1111 1581 1165 opportunitate,
1603 1110 1783 1151 Volscos

382 1174 426 1206 et
447 1165 624 1220 Aequos
643 1165 890 1221 praedatum
912 1174 1031 1206 extra
1051 1166 1158 1206 fines
1185 1166 1320 1207 exisse
1342 1166 1387 1207 in
1408 1182 1555 1222 agrum
1575 1167 1779 1208 Latinum

384 1222 719 1278 Hernicumque,
742 1223 924 1263 affertur.
987 1223 1060 1263 Ad
1089 1223 1205 1278 quod
1235 1223 1393 1264 bellum
1415 1225 1488 1265 ubi
1512 1239 1566 1265 ex
1591 1232 1782 1265 senatus-

383 1280 574 1321 consulto
596 1279 787 1321 consules
808 1279 1020 1321 delectum
1042 1280 1195 1321 habere
1218 1281 1459 1336 occipiunt3
1493 1282 1656 1322 obstare
1677 1289 1782 1322 tunc

383 1337 505 1377 enixe
536 1337 705 1386 tribuni,
728 1337 806 1378 sibi
833 1337 1031 1393 plebique
1053 1353 1146 1378 eam
1177 1337 1387 1378 fortunam
1409 1337 1590 1379 oblatam
1619 1353 1782 1380 memo—

382 1403 532 1434 rantes.
597 1394 703 1435 Tres
734 1403 865 1444 erant,
898 1403 939 1435 et
970 1410 1116 1436 omnes
1152 1395 1343 1435 acerrimi
1378 1395 1469 1446 viri,
1501 1395 1814 1451 generosique3

380 1451 477 1500 13111,
500 1460 547 1492 111
567 1452 678 1492 111101
697 1452 894 1507 plebeios.
958 1452 1071 1501 Duo,
1094 1451 1248 1507 singuli
1268 1452 1465 1508 singulos,
1488 1452 1567 1494 sibi
1587 1453 1783 1494 consules

380 1508 648 1549 asservandos
670 1509 835 1550 assidua
855 1524 981 1565 opera
1001 1509 1251 1550 desumunt:
1286 1510 1361 1550 uni
1388 1510 1661 1551 concionibus
1681 1510 1784 1551 data

381 1580 496 1606 nunc
531 1565 774 1615 detinenda,
809 1581 922 1606 nunc
959 1566 1203 1615 concienda,
1240 1566 1371 1622 plebs.
1433 1566 1529 1608 Nec
1564 1567 1780 1608 delectum

381 1622 586 1672 consules,
612 1638 691 1663 nec
719 1623 900 1671 comitia,
925 1638 1032 1678 quae
1058 1624 1272 1678 petebant,
1297 1624 1455 1664 tribuni
1480 1624 1778 1680 expediebant

381 1679 618 1721 Inclinante
641 1680 795 1720 deinde
817 1695 859 1720 se
881 1680 944 1721 101
948 1689 1048 1720 tuna
1069 1680 1120 1720 ad
1144 1695 1310 1720 causam
1330 1680 1477 1735 plebis,
1500 1681 1639 1721 nuntii
1660 1681 1782 1722 veni-

380 1745 469 1786 unt,
504 1752 642 1777 arcem
681 1736 1003 1786 Carventanam,
1039 1736 1209 1792 dilapsis
1245 1737 1299 1777 ad
1330 1737 1528 1792 praedam
1562 1737 1778 1787 militibus,

381 1794 454 1849 qui
475 1794 519 1834 in
536 1794 745 1850 praesidio
766 1803 898 1843 erant,
917 1794 1105 1849 Aequos,
1123 1794 1353 1835 interfectis
1374 1795 1518 1850 paucis
1534 1795 1781 1836 custodibus

381 1851 498 1900 arcis,
528 1851 750 1892 invasisse:
786 1851 886 1891 alios
917 1860 1181 1892 recurrentes
1208 1851 1253 1891 in
1283 1866 1434 1900 arcem,
1457 1851 1559 1892 alios
1589 1852 1780 1907 palantes

379 1908 425 1948 in
455 1909 565 1963 agris
596 1923 747 1949 caesos.
812 1908 876 1948 Ea
905 1908 1079 1949 adversa
1109 1908 1269 1949 civitati
1297 1923 1362 1949 res
1392 1908 1501 1949 vires
1526 1909 1779 1950 tribuniciae

380 1965 533 2006 actioni
556 1965 721 2006 adiecit.
785 1965 1084 2020 Nequicquam
1098 1965 1212 2006 enim
1233 1965 1398 2015 tentati,
1419 1974 1468 2006 ut
1483 1974 1574 2006 tum
1590 1965 1782 2022 denique

423 2126 442 2155 8
468 2127 587 2156 Patres
604 2149 611 2155 .
629 2149 636 2156 .
653 2149 659 2156 .
678 2136 741 2156 non
760 2136 822 2165 pro
845 2126 1054 2156 communica·
1100 2136 1164 2156 non
1180 2130 1248 2156 tam
1261 2136 1278 2156 0
1291 2125 1415 2156 ratione
1430 2125 1607 2165 praesentis
1622 2126 1778 2166 temporis

381 2168 437 2205 tis]
470 2167 583 2197 Patres
597 2168 750 2205 fremunt,
766 2167 975 2207 indignantur
998 2178 1056 2206 pro

380 2209 564 2247 honoribus,
580 2220 645 2240 non
664 2214 819 2248 tanquam
837 2209 1054 2240 communica-

381 2252 432 2288 tis,
443 2253 497 2282 sed
508 2257 663 2291 tanquam
674 2252 807 2282 amissis.
836 2252 924 2287 Quia
936 2262 953 2282 e
964 2256 1055 2291 quat-

382 2299 454 2324 tuor
463 2294 652 2334 quaestoriis
668 2294 747 2324 locis
758 2294 820 2324 tria
835 2294 953 2333 plebeii
966 2298 1053 2324 tene-

381 2337 481 2373 bant;
507 2337 619 2367 Patres
639 2340 818 2375 queruntur
839 2346 903 2366 non
927 2340 1055 2366 tantum

382 2379 637 2409 communicatos
660 2389 727 2409 esse
751 2389 825 2408 cum
850 2378 985 2417 plebeiis
1000 2379 1055 2408 ho-

381 2431 485 2458 nores,
499 2422 554 2451 sed
571 2421 668 2460 plane
684 2420 818 2451 amissos
833 2421 902 2451 sibi.
927 2421 1034 2451 Cnssv.

422 2473 442 2503 9
464 2465 636 2503 Nusquam
659 2465 740 2501 alio]
777 2464 829 2494 Ad
857 2463 939 2493 nihil
966 2462 1055 2493 aliud

379 2506 525 2536 adhibiti.
550 2507 657 2536 Clu-zv.

427 2558 436 2578 1
463 2549 724 2588 Relinquantur]
754 2548 822 2579 Cur
848 2547 952 2578 Salios
979 2547 1052 2577 Fla-

379 2590 544 2629 ininesque
579 2590 685 2629 potius
714 2590 884 2620 nominant
914 2589 1054 2628 patricii,

379 2642 474 2670 quarn
500 2633 669 2671 pontifices
685 2636 716 2662 et
732 2642 879 2671 augures,
898 2642 971 2662 cum
996 2632 1051 2661 ho-

379 2684 446 2703 rum
465 2685 592 2713 quoque
613 2675 791 2705 sacerdotia
813 2679 883 2704 tum
906 2674 1051 2704 nondum

379 2726 451 2744 011111
471 2718 565 2754 plebe
578 2717 818 2747 communicata
830 2720 955 2747 essent?
995 2716 1051 2746 Vi-

379 2758 472 2786 detur
495 2759 546 2788 1110
570 2760 656 2789 idem
673 2759 826 2789 accidisse
844 2759 948 2791 Livio„
964 2759 1049 2797 quod

381 2798 448 2828 infr.
474 2800 581 2831 xxxiv.
604 2811 631 2839 5.
659 2801 716 2831 ubi
743 2801 890 2838 Origines
917 2801 1052 2832 Catonis

379 2846 546 2878 memorat,
562 2844 767 2873 observarunt
793 2843 890 2880 docti,
912 2848 946 2874 ut
971 2844 1050 2874 hacc

1100 2167 1272 2207 scripserit,
1289 2179 1353 2207 quo
1376 2168 1456 2198 haec
1475 2168 1563 2198 dicta
1585 2169 1683 2199 fuisse
1705 2179 1775 2199 nar-

1099 2214 1160 2247 rat,
1170 2221 1267 2249 quam
1284 2210 1484 2249 posterioris:
1507 2221 1582 2250 quo,
1593 2221 1667 2241 cum
1683 2212 1778 2251 plebs

1100 2253 1141 2282 ad
1172 2253 1237 2282 alia
1274 2253 1451 2283 sacerdotia
1483 2253 1623 2283 admissa
1652 2253 1778 2291 fuisset,

1100 2295 1173 2325 Rex
1187 2305 1361 2332 sacrorum,
1370 2295 1459 2331 Salii,
1470 2299 1502 2325 et
1513 2295 1689 2333 Flzzmines,
1700 2305 1717 2325 e
1727 2305 1775 2326 5ο-

1100 2337 1139 2366 115
1159 2337 1300 2376 patriciis
1323 2338 1524 2374 creabantur,
1540 2341 1577 2367 ut
1598 2341 1712 2367 auctor
1727 2341 1775 2368 est

1100 2379 1169 2410 Cic.
1188 2389 1246 2418 pro
1264 2379 1361 2409 Dom.
1383 2389 1430 2418 ¹4·
1455 2379 1549 2409 Dux.

1144 2431 1160 2450 2
1184 2422 1248 2452 Sed
1262 2423 1354 2451 nulla
1369 2423 1457 2459 erat]
1488 2431 1531 2451 se.
1549 2420 1643 2451 Nihil
1666 2431 1771 2452 move-

1100 2463 1178 2493 bant
1189 2464 1380 2500 consules‚e.
1388 2473 1416 2502 g.
1425 2463 1587 2493 delectum
1601 2467 1633 2494 et
1644 2463 1773 2501 similia,

1098 2515 1181 2544 quae
1208 2506 1356 2535 consules
1376 2507 1497 2544 absque
1522 2505 1626 2545 plebis
1648 2506 1773 2536 auxilio

1098 2548 1251 2586 perficere
1274 2548 1462 2586 nequibant,
1478 2552 1511 2578 et
1531 2547 1648 2587 quibus
1670 2548 1771 2587 impe-

1098 2589 1228 2627 diendo,
1240 2589 1284 2626 id,
1294 2591 1380 2629 quod
1397 2591 1564 2629 petebant,
1580 2594 1773 2629 extorquere

1098 2632 1277 2670 potuissent
1289 2632 1420 2663 tribuni.
1449 2632 1604 2663 Similiter
1614 2634 1771 2672 &pressit

1095 2675 1174 2705 haec
1190 2677 1358 2706 necessitas
1370 2676 1531 2714 patribus,
1546 2685 1632 2714 supr.
1649 2674 1680 2705 ii.
1699 2684 1748 2713 30.

1134 2726 1150 2755 3
1168 2718 1400 2757 Generosique]
1416 2718 1469 2747 Ita
1481 2717 1652 2755 (licti,quia
1666 2721 1772 2756 patres

1095 2759 1295 2798 maioresque
1310 2760 1438 2789 illorum
1460 2759 1523 2788 iam
1541 2760 1620 2794 noti,
1637 2758 1768 2789 tribuni-

1096 2801 1216 2840 ciisque
1246 2801 1473 2832 iactationibus
1504 2801 1642 2841 insignes
1668 2803 1768 2832 erant.

1097 2845 1136 2874 cf.
1155 2844 1225 2875 infr.
1243 2843 1320 2874 xxii.
1340 2853 1389 2884 35.
1414 2844 1556 2875 Srnorn.
