1934 3211
596 167 723 208 LIB.
758 166 834 208 IV.
881 166 1029 208 CAP.
1062 172 1130 209 44.
1486 172 1570 212 269

166 262 178 282 ⁶
192 257 394 300 obruatur
410 255 606 297 Romana
625 270 704 307 res,
726 255 863 297 resisti
883 270 1017 312 posse.
1085 255 1204 305 Quin
1224 255 1298 308 illi,
1313 258 1570 300 remittendo
1584 271 1630 304 U.
1646 272 1683 304 e.
1701 281 1774 312 334-

135 330 148 351 1
166 314 244 356 ‘de
275 328 440 355 summa
463 313 644 370 quisque
670 313 786 364 iuris,
815 313 968 355 mediis
996 313 1245 370 copularent
1272 314 1622 356 concordiamzA·
1647 315 1685 346 O.
1703 316 1775 354 418·

166 377 178 396 ‘
193 371 356 421 Patres,
388 371 592 428 patiendo
623 371 814 413 tribunos
844 370 1029 412 militum
1064 386 1141 428 pro
1177 371 1420 413 consulibus
1451 372 1566 414 fieri:

133 429 352 470 2‘tribuni
393 428 541 486 plebiS,
582 443 668 470 non
711 428 1032 479 intercedendo,
1068 444 1153 485 quo
1189 429 1330 470 minus
1370 437 1572 486 quattuor
1585 442 1772 478 Quaestum

167 491 179 511 ‘
194 494 436 543 quaestores
457 486 693 544 promiscue
715 486 769 528 de
785 486 909 544 plebe.
931 502 979 528 ac
1001 487 1199 528 Patribus
1219 486 1351 529 libero
1373 488 1571 544 suffragio
1585 486 1769 533 promiscua

166 544 337 601 ‘popun
358 544 535 586 fierent-⁹
1585 529 1747 603 aazia.

225 602 474 644 Tribunicia
500 602 686 659 primum
707 602 878 644 comitia
907 610 1006 644 sunt
1026 602 1180 644 habita.
1247 601 1391 644 Creati
1414 603 1573 644 tribuni
1654 617 1724 655 44,

165 659 375 702 consulari
395 668 602 716 potestate
625 675 772 702 omnes
799 661 978 717 patricii,
1002 660 1052 702 L.
1076 660 1305 709 Quinctius
1336 661 1572 702 Cincinna-
1587 670 1630 702 U.
1649 672 1686 702 C.
1705 681 1742 711 33
1749 680 1776 711 5.

166 726 233 759 tus
261 718 447 769 tertium,
473 718 522 759 L.
547 717 699 759 Furius
721 717 987 760 Medullinus
1008 718 1175 768 iterum,
1199 718 1262 759 M.
1288 718 1490 769 Manlius,
1515 719 1568 759 A.
1585 714 1624 786 ἓ
1649 715 1777 776 0:4ss-

169 774 444 831 Sempronius
473 776 708 817 Atratinus.
774 776 870 818 Hoc
900 776 1274 817 tribuno'comitia
1301 785 1571 831 quaestorum
1587 757 1791 830 H'ssssfflftm

167 831 366 882 habente,
388 833 718 889 petentibusque
750 834 861 875 inter
883 833 1044 889 aliquot
1069 833 1256 890 plebeios
1283 834 1371 875 filio
1394 833 1572 875 Antistii
1586 842 1640 873 Tr.
1655 843 1729 873 Mil.

166 890 326 931 tribuni
346 890 481 946 plebis
502 899 545 932 et
563 891 689 931 fratre
712 891 882 932 alterius
904 891 1062 932 tribuni
1083 891 1217 947 plebis
1242 890 1337 933 Sex.
1356 891 1571 947 Pompilii,
1587 886 1785 934 Qua'estores

166 963 246 989 nec
276 956 473 1004 potestas,
502 963 581 989 nec
613 949 854 1005 suffragatio
885 949 1038 990 horum
1068 948 1211 998 valuit,
1241 949 1358 1005 quin,
1391 964 1572 1005 quorum
1586 934 1791 1003 ᾘΞζΐὲῖζαῖῗῖ

197 1015 306 1047 atres
326 1020 509 1062 avosque
526 1005 718 1047 consules
739 1006 944 1056 viderant,
968 1021 1039 1048 eos
1059 1006 1278 1048 nobilitate
1300 1007 1571 1063 praeferrent.

166 1020 325 1104 §urere
355 1078 502 1104 omnes
529 1063 689 1104 tribuni
717 1064 864 1120 plebis,
887 1072 984 1105 ante
1014 1079 1160 1106 omnes
1188 1064 1424 1121 Pompilius
1446 1064 1575 1105 Anti-

168 1120 371 1177 stiusque,
394 1120 562 1177 repulsa
589 1136 762 1162 suorum
783 1122 962 1172 accensi,
994 1127 1006 1146 ⁶
1025 1122 1245 1170 Quidnam
1273 1121 1319 1163 id
1346 1122 1407 1163 rei
1432 1123 1575 1163 esset?

170 1183 283 1220 ‘non
322 1178 407 1219 suis
440 1178 670 1228 beneficiis,
704 1194 792 1221 non
827 1179 1004 1221 Patrum
1046 1180 1222 1229 iniuriis,
1260 1195 1347 1221 non
1388 1179 1573 1236 denique

137 1236 428 1292 3‘usurpandi
460 1235 650 1286 libidine,
681 1252 814 1293 quum
841 1237 978 1287 liceat,
1005 1237 1122 1293 quod
1153 1246 1250 1279 ante
1280 1253 1367 1279 non
1392 1237 1572 1286 licuerit,

171 1293 231 1334 ‘si
252 1308 339 1335 non
361 1294 579 1335 tribunum
601 1293 839 1344 militarem,
863 1310 916 1336 ne
939 1304 1206 1351 quaestorem
1228 1295 1403 1351 quidem
1425 1310 1575 1351 quem-

172 1356 325 1406 ‘quam
359 1365 413 1392 ex
445 1351 569 1407 plebe
603 1351 772 1393 factum.
838 1352 940 1394 Non
980 1352 1157 1393 valuisse
1190 1353 1319 1408 patris
1359 1367 1435 1408 pro
1472 1352 1573 1402 filio,

172 1408 336 1450 ‘fratris
358 1423 434 1465 pro
464 1408 589 1450 fratre
622 1424 780 1465 preces,
805 1410 1070 1451 tribunorum
1094 1409 1242 1465 plebis,
1265 1409 1483 1465 potestatis
1511 1425 1575 1451 sa-

173 1471 185 1490 ‘
200 1474 454 1516 crosanctae,
477 1466 531 1507 ad
552 1467 757 1508 auxilium
778 1467 982 1508 libertatis
1002 1476 1178 1508 creatae.
1244 1466 1454 1508 Fraudem
1479 1483 1576 1523 pro-

175 1524 310 1565 ‘fecto
343 1524 388 1564 in
420 1539 464 1565 re
497 1539 599 1573 esse,
632 1532 675 1565 et
710 1525 765 1565 A.
793 1524 1091 1581 Sempronium
1125 1524 1307 1566 comitiis
1341 1524 1437 1581 plus
1477 1525 1576 1565 artis

173 1587 186 1606 ‘
197 1581 450 1632 adhibuisse,
480 1596 608 1637 quam
639 1581 751 1623 fidei.
816 1581 921 1623 Eius
952 1582 1107 1623 iniuria
1137 1582 1259 1638 queri
1287 1597 1383 1623 suos
1414 1582 1574 1624 honore

172 1645 185 1664 ‘
200 1638 412 1680 deiectos.'
472 1638 622 1695 Itaque
645 1654 778 1696 quum
799 1640 843 1680 in
865 1639 1017 1696 ipsum,
1040 1648 1084 1681 et
1105 1640 1350 1682 innocentia
1370 1648 1510 1681 tutum
1532 1649 1575 1682 et

170 1696 429 1752 magistratu,
463 1696 509 1737 in
550 1712 636 1752 quo
677 1705 779 1738 tunc
813 1705 914 1747 erat,
953 1698 1137 1754 impetus
1169 1698 1261 1738 fieri
1297 1713 1382 1739 non
1420 1706 1573 1754 posset,

139 1755 326 1797 4flexere
349 1754 429 1795 iras
451 1754 496 1795 in
528 1754 578 1795 C.
601 1754 912 1811 Sempronium,
935 1755 1170 1811 patruelem
1199 1755 1413 1796 Atratini:
1448 1756 1574 1811 eique

171 1813 225 1854 ob
246 1812 524 1868 ignominiam
552 1811 696 1854 Volsci
718 1813 829 1862 belli,
853 1812 1043 1854 adiutore
1066 1813 1227 1869 collega
1259 1813 1321 1854 M.
1349 1813 1573 1862 Canuleio,

171 1869 286 1912 diem
307 1869 466 1911 dixere.
532 1869 722 1912 Subinde
745 1871 796 1912 ab
818 1870 967 1911 iisdem
983 1871 1161 1912 tribunis
1183 1871 1342 1912 mentio
1359 1871 1404 1912 in
1426 1880 1576 1912 senatu
1590 1882 1627 1914 C.
1647 1882 1795 1922 Sempro-

172 1927 225 1968 de
248 1927 357 1983 agris
385 1927 626 1968 dividendis
651 1927 765 1969 illata
789 1936 864 1978 est,
887 1928 977 1982 (cui
1002 1928 1161 1969 actioni
1187 1944 1353 1985 semper
1373 1929 1574 1970 acerrime
1590 1926 1796 1956 niusaccusa-

175 1984 226 2027 C.
254 1984 529 2041 Sempronius
557 1985 802 2041 restiterat,)
823 1986 934 2034 ratis,
958 1985 1002 2026 id
1023 1986 1139 2041 quod
1167 1995 1269 2036 erat,
1292 1995 1366 2027 aut
1386 1987 1577 2042 deposita
1590 1972 1696 2042 {¹:123-
1708 1969 1797 1999 ‹lam-

172 2057 298 2083 causa
318 2041 517 2082 leviorem
539 2042 728 2082 futurum
750 2042 863 2098 apud
886 2042 1032 2083 Patres
1053 2057 1186 2091 reum,
1209 2053 1281 2084 aut
1306 2059 1577 2098 perseveran-

174 2107 260 2140 tem
282 2099 359 2139 sub
382 2099 527 2139 iudicii
550 2107 717 2154 tempus
745 2099 912 2154 plebem
934 2099 1205 2140 offensurum.
1270 2100 1486 2141 Advorsae
1514 2101 1578 2140 in-

173 2155 310 2196 vidiae
333 2155 457 2196 obiici
487 2155 649 2204 maluit,
672 2164 715 2196 et
740 2170 839 2196 suae
866 2171 1017 2196 nocere
1040 2171 1202 2206 causae,
1226 2172 1354 2212 quam
1382 2157 1576 2213 publicae

174 2212 318 2254 deesse
334 2228 344 2261 3
377 2212 579 2268 stetitque
598 2213 641 2253 in
658 2212 805 2254 eadem
824 2213 1047 2263 sententia,
1073 2219 1084 2236 ‘
1104 2212 1171 2254 Ne
1190 2229 1275 2269 qna
1295 2214 1473 2268 largitio,
1490 2230 1579 2255 ces-

176 2275 188 2294 ‘
201 2286 296 2312 sura
336 2270 380 2310 in
422 2270 548 2311 trium
588 2270 764 2325 gratiam
811 2271 1090 2319 tribunorum,
1134 2270 1266 2312 ficret.
1351 2271 1395 2312 N
1398 2287 1445 2313 ec
1488 2281 1578 2313 tum

175 2334 347 2384 ‘agrum
376 2327 501 2384 plebi,
524 2328 598 2369 sed
620 2328 698 2368 sibi
727 2328 942 2378 invidiam,
965 2328 1123 2384 quaeri.
1191 2330 1243 2369 Se
1267 2344 1438 2385 quoqne
1466 2330 1580 2370 subi-

176 2391 346 2426 ‘turum
381 2400 473 2426 eam
508 2393 799 2441 tempestatem
832 2386 927 2427 forti
964 2386 1127 2426 animo:
1163 2401 1241 2427 nce
1272 2387 1436 2427 senatui
1474 2387 1579 2428 tanti

177 2448 189 2467 ‘
201 2458 244 2485 se
267 2443 416 2493 civem,
434 2451 507 2484 aut
528 2458 787 2499 quemquam
805 2443 934 2484 alium
951 2443 1105 2485 debere
1123 2458 1226 2494 esse,
1243 2452 1289 2485 ut
1307 2444 1348 2484 in
1367 2444 1580 2500 parcendo

225 2590 236 2611 1
262 2581 401 2618 Media]
427 2591 470 2612 sc.
483 2580 646 2618 Consiliis,
659 2581 776 2620 quibus
792 2592 856 2612 mc-
902 2587 1017 2612 essent.

177 2623 264 2653 (liam
287 2627 423 2661 utraque
448 2634 520 2662 pars
540 2623 585 2653 ita
601 2623 691 2662 qutun
710 2623 792 2654 viam
811 2624 855 2654 in·
947 2634 963 2662 3
985 2625 1175 2663 Usar-pandi
1190 2625 1340 2662 libidine]
1366 2625 1410 2655 Ut
1427 2626 1581 2665 expleant

177 2665 248 2700 iret,
264 2670 301 2694 ut
321 2666 423 2695 altera
446 2665 538 2696 alteri
563 2666 603 2695 (le
627 2666 696 2696 iure
718 2676 776 2696 suo
799 2666 855 2696 nli·
903 2667 1049 2696 naturale
1073 2667 1265 2696 desiderium
1291 2668 1417 2697 fruendi
1439 2680 1477 2697 eo
1501 2669 1581 2706 iure,

177 2708 256 2747 qnid
277 2708 479 2738 concederet.
526 2707 579 2738 Sic
597 2708 714 2747 passim
731 2719 784 2747 ap.
803 2719 857 2738 no·
903 2709 988 2747 qum!
1007 2719 1125 2738 novum
1144 2719 1330 2739 concessum
1348 2710 1396 2740 uit.
1422 2711 1528 2742 Cum.

179 2755 278 2781 strum
298 2751 399 2779 media
415 2750 558 2780 consilia.
581 2751 620 2780 cf.
639 2750 709 2780 infr.
729 2750 791 2780 viii.
811 2760 856 2789 13.
946 2763 964 2788 4
983 2753 1016 2781 (¹.
1027 2753 1269 2790 Sempronium]
1290 2752 1364 2788 Cui,
1377 2753 1521 2784 ciumlcm
1536 2754 1580 2785 rei

232 2802 248 2823 ἰ
279 2794 441 2830 Quattuor
472 2794 671 2832 quaestores}
728 2793 858 2828 Quibus
903 2803 1011 2829 cansa.
1030 2793 1224 2824 Hortensius
1240 2794 1325 2824 diem
1351 2795 1477 2826 dixerat
1495 2807 1582 2837 supr.

180 2839 252 2876 post
268 2838 419 2865 exactum
438 2834 642 2873 magistratus
656 2844 778 2864 annum
793 2834 858 2865 ruli·
906 2845 957 2873 4²—
975 2840 1005 2865 ct
1024 2836 1167 2867 nondum
1185 2836 1304 2867 indicio
1321 2838 1418 2873 meto,
1436 2839 1585 2878 precibus

181 2882 233 2908 tun
256 2878 287 2908 in
312 2881 460 2907 senatum
479 2881 616 2916 pateret,
632 2876 691 2907 nisi
708 2877 775 2916 qui.
790 2881 859 2908 tan—
905 2878 1101 2917 collegarum
1119 2879 1250 2919 eulpam
1267 2879 1443 2912 remiserat.

180 2930 278 2959 quam
311 2919 446 2960 indigni,
477 2923 554 2949 nota
585 2919 728 2950 censorin
763 2919 859 2950 inusti
