1934 3211
413 186 494 228 170
920 184 1068 226 TITI
1104 183 1285 226 LIVII

193 284 236 314 U.
253 283 291 314 C.
310 291 380 324 295·
409 276 618 317 sociorum
645 275 898 332 civiumque,
922 276 996 316 sed
1026 275 1154 316 trium
1183 275 1436 332 populorum
1466 282 1549 316 tres
1579 275 1802 331 separatim
1827 269 1834 274 ”

191 327 230 358 A·
255 326 293 358 C·
310 334 382 365 457·
410 333 518 374 acies
539 333 648 373 circa
662 333 816 374 vallum
838 333 1021 374 hostium
1042 333 1251 374 instruxit.
1299 332 1395 389 Ipse
1413 341 1502 374 erat
1522 333 1685 373 medius
1705 347 1803 373 cum

410 390 646 446 legionibus
669 390 883 431 Romanis.
952 390 1057 431 Inde
1080 390 1247 446 signum
1268 391 1485 431 observare
1507 390 1638 439 iussit,
1662 398 1709 430 ut
1728 404 1802 445 pa-

410 448 511 488 riter
541 456 583 488 et
613 447 713 488 socii
744 463 832 488 rem
863 448 1110 503 inciperent,
1133 447 1422 502 referrentque
1444 447 1610 503 pedem,
1633 447 1667 487 si
1687 461 1802 487 rece-

410 505 503 561 ptui
533 505 763 545 cecinisset.
829 504 1006 560 Equites
1026 505 1128 544 item
1150 519 1248 544 suae
1270 505 1422 559 cuique
1444 504 1552 559 parti
1573 511 1667 559 post
1686 504 1832 559 prin-2

411 562 521 618 cipia
553 561 738 602 collocat.
802 560 867 602 Ita
900 561 1099 601 trifariam
1135 561 1304 601 adortus
1337 569 1470 601 castra
1500 560 1833 603 circumvenitzss

196 628 381 659 Vincuntur
412 628 466 668 et,
491 634 621 675 quum
643 619 831 673 undique
863 618 1049 666 instaret,
1073 633 1158 657 non
1190 617 1441 658 sustinentes
1471 618 1678 673 impetum
1699 616 1800 657 Vol-

196 671 320 702 Volsci.
412 691 501 717 scos
514 676 621 716 vallo
635 675 842 716 deturbat,
891 675 1189 730 Transgressus
1207 674 1305 714 inde
1323 675 1590 723 munitiones,
1608 673 1803 730 pavidam

413 734 577 774 turbam
618 732 944 786 inclinatamque
986 731 1030 771 in
1070 740 1231 786 partem
1272 747 1399 771 unam
1435 731 1577 772 castris
1616 730 1801 787 expellit.

413 790 519 830 lnde
546 790 674 830 effuse
705 788 914 844 fugientes
945 803 1087 843 eques,
1111 789 1178 829 cui
1200 804 1394 844 superare
1415 788 1569 829 vallum
1600 788 1715 828 haud
1744 787 1805 828 fa-

414 847 491 887 cile
517 846 663 894 fuerat,
687 861 819 901 quum
850 845 903 886 ad
934 845 977 885 id
1008 854 1215 901 spectator
1245 861 1411 901 pugnae
1444 845 1650 894 astitisset,
1673 845 1804 886 libero

414 918 562 958 campo
593 903 781 958 adeptus,
811 911 929 957 parte
955 903 1150 943 victoriae
1181 903 1347 952 fruitur,
1380 903 1544 943 territos
1575 901 1801 943 caedendo.

416 960 575 1015 Magna
596 968 637 1000 et
659 960 703 999 in
725 960 867 1000 castris
887 969 929 1000 et
951 968 1068 1000 extra
1100 960 1361 1001 munimenta
1383 960 1531 1001 caedes
1551 959 1805 1015 fugientium

415 1018 516 1057 fuit:
550 1017 623 1057 sed
643 1016 797 1072 praeda
817 1017 970 1065 maior;
1001 1017 1101 1072 quia
1120 1018 1190 1057 vix
1212 1033 1326 1058 arma
1346 1033 1486 1058 secum
1508 1017 1654 1058 efferre
1675 1016 1806 1057 hostis

415 1074 578 1130 potuit:
612 1073 859 1130 deletusque
881 1074 1090 1115 exercitus
1110 1074 1229 1124 foret,
1252 1075 1296 1114 ni
1316 1074 1526 1130 fugientes
1556 1074 1682 1115 silvae
1714 1081 1806 1114 tex-

416 1132 554 1172 issent.

269 1188 335 1225 23·
474 1188 590 1229 Dum
621 1189 675 1229 ad
698 1188 877 1229 Antium
908 1188 1011 1229 haec
1042 1197 1257 1244 geruntur,
1290 1188 1457 1229 interim
1480 1188 1636 1243 Aequi,
1658 1188 1806 1229 robore

201 1244 268 1273 Arx
281 1243 402 1272 Tuscu·
416 1246 645 1286 iuventutis
675 1246 914 1301 praemisso,
946 1261 1083 1286 arcem
1115 1246 1399 1287 Tusculanam
1430 1245 1653 1301 improviso
1683 1253 1806 1286 nocte

200 1286 403 1367 ffissss‘ffils'cap,
417 1303 611 1359 capiunt:
651 1303 813 1358 reliquo
844 1303 1032 1344 exercitu
1062 1303 1176 1344 haud
1206 1303 1352 1360 procul
1382 1302 1602 1343 moenibus
1633 1301 1809 1343 Tusculi

200 1375 243 1402 ta.
418 1360 655 1408 considunt,
679 1369 726 1400 ut
747 1360 1035 1401 distenderent
1058 1361 1240 1401 hostium
1263 1361 1412 1416 copias.
1477 1359 1597 1400 Haec
1619 1359 1810 1401 celeriter

419 1417 614 1466 Romam,
637 1417 688 1457 ab
712 1417 849 1457 Roma
879 1417 923 1457 in
954 1426 1087 1458 castra
1108 1418 1288 1458 Antium
1318 1417 1489 1473 perlata,
1518 1424 1690 1458 movent
1720 1416 1810 1458 Ro-

418 1489 563 1515 manos
593 1473 705 1514 haud
737 1489 867 1522 secuS,
891 1489 1017 1529 quam
1048 1475 1081 1515 si
1106 1474 1365 1530 Capitolium
1396 1484 1563 1531 captum
1594 1474 1810 1515 nuntiare-

420 1540 508 1572 tur:
543 1530 648 1571 adeo
679 1540 722 1571 et
752 1546 897 1571 recens
928 1540 1016 1572 erat
1037 1531 1372 1573 Tusculanorum
1401 1533 1609 1581 meritum,
1633 1539 1676 1573 et
1696 1531 1811 1572 simi-

418 1588 554 1629 litudo
585 1588 674 1643 ipsa
707 1587 882 1643 periculi
913 1603 1128 1643 reposcere
1161 1589 1306 1629 datum
1338 1589 1540 1630 auxilium
1575 1589 1808 1630 videbatur.

422 1645 586 1693 Fabius,
620 1645 779 1685 omissis
812 1645 1017 1694 omnibus,
1049 1645 1247 1701 praedam
1279 1661 1331 1686 ex
1362 1646 1506 1686 castris
1535 1646 1687 1701 raptim
1717 1646 1810 1686 An-

422 1702 528 1743 tium
549 1702 755 1743 convehit.
819 1701 884 1742 Ibi
913 1702 1079 1743 modico
1110 1702 1316 1758 praesidio
1347 1703 1505 1752 relicto,
1537 1703 1710 1744 citatum
1740 1718 1812 1758 ag-

423 1774 521 1800 men
553 1759 784 1800 Tusculum
815 1759 933 1814 rapit.
997 1759 1119 1799 Nihil
1148 1768 1313 1815 praeter
1343 1775 1468 1808 arma,
1495 1768 1538 1800 et
1559 1760 1674 1815 quod
1704 1759 1812 1800 cocti

424 1816 477 1857 ad
507 1831 678 1857 manum
708 1816 787 1856 fuit
820 1816 914 1865 cibi,
943 1816 1049 1857 ferre
1086 1817 1210 1856 militi
1242 1816 1370 1857 licuit.
1436 1816 1731 1858 Commeatum
1760 1817 1812 1857 ab

426 1873 564 1913 Roma
584 1873 729 1914 consul
754 1872 976 1914 Cornelius
997 1874 1201 1914 subvehit.
1254 1873 1433 1929 Aliquot
1454 1889 1616 1915 menses
1638 1873 1813 1915 Tusculi

425 1930 636 1971 bellatum.
710 1930 835 1971 Parte
872 1931 1080 1971 exercitus
1116 1931 1261 1971 consul
1295 1939 1428 1972 castra
1458 1931 1708 1987 Aequorum
1739 1946 1813 1987 op-

426 1988 660 2043 pugnabat:
700 1996 861 2043 partem
893 1987 1144 2028 Tusculanis
1174 1987 1348 2029 dederat
1378 1988 1431 2028 ad
1466 2003 1604 2029 arcem
1638 2003 1814 2043 recupe-

209 2045 609 2085 AuxilioRo-randam.
672 2044 729 2084 Vi
760 2059 977 2100 nunquam
999 2060 1049 2085 eo
1071 2044 1200 2085 subiri
1224 2045 1373 2101 potuit.
1436 2045 1583 2086 Fames
1603 2054 1814 2101 postremo

209 2107 378 2127 manorum
425 2101 523 2142 inde
555 2102 737 2142 detraxit
766 2102 941 2142 hostem.
1008 2102 1106 2149 Quo
1138 2110 1359 2158 postquam
1390 2111 1563 2143 ventum
1593 2102 1647 2143 ad
1677 2111 1815 2144 extre-

209 2145 348 2178 recepta.
425 2174 542 2199 mum
563 2167 638 2208 est,
657 2159 837 2200 inermes
860 2159 1048 2215 nudique
1071 2174 1215 2200 omnes
1237 2160 1312 2200 sub
1334 2159 1479 2216 iugum
1496 2160 1546 2200 ab
1564 2159 1815 2201 Tusculanis

426 2216 549 2256 missi.
614 2216 718 2265 Hos,
741 2216 1020 2271 ignominiosa
1044 2216 1142 2272 fuga
1164 2216 1336 2257 domum
1367 2232 1409 2258 se
1441 2217 1702 2273 recipientes,
1726 2217 1815 2257 Ro-

425 2288 572 2314 manus
603 2273 747 2314 consul
778 2273 821 2313 in
845 2273 1002 2328 Algido
1028 2282 1288 2323 consecutus,
1311 2274 1364 2314 ad
1388 2289 1517 2315 unum
1540 2289 1684 2315 omnes
1705 2273 1815 2315 occi-

426 2330 499 2371 dit.
562 2329 710 2371 Victor
734 2330 787 2371 ad
811 2329 1022 2371 Columen
1043 2330 1107 2385 (id
1137 2330 1229 2371 loco
1260 2346 1415 2371 nomen
1437 2330 1521 2386 est)
1542 2331 1730 2371 exercitu
1750 2345 1847 2377 re-4

425 2385 524 2428 licto
546 2396 679 2428 castra
698 2387 817 2428 locat.
872 2387 928 2427 Et
950 2387 1053 2427 alter
1073 2387 1230 2436 consul,
1249 2397 1470 2443 postquam
1493 2387 1711 2428 moenibus
1731 2387 1816 2428 iam
1854 2391 1861 2394 ’

471 2502 487 2521 2
511 2493 598 2523 Suae
611 2493 726 2532 cuique
739 2493 846 2531 parti]
867 2492 1002 2522 Planius
1017 2492 1098 2522 foret
1143 2492 1248 2522 CREv.
1280 2491 1458 2522 Sabellicus
1470 2493 1611 2523 malebat
1620 2503 1699 2523 suae
1711 2503 1815 2532 quem-

429 2535 477 2564 vel
500 2545 579 2564 suae
600 2545 738 2574 quosque
758 2536 859 2574 parti,
876 2535 925 2564 vel
945 2545 1018 2565 suos
1033 2536 1098 2564 cui-
1143 2545 1203 2574 que
1224 2536 1327 2573 parti,
1350 2538 1381 2564 et
1407 2535 1432 2564 Ι.
1452 2535 1503 2564 Fr.
1521 2534 1662 2565 GronOV.
1683 2545 1755 2572 sua,
1772 2545 1815 2566 sc.

428 2587 488 2615 que
501 2578 600 2615 parti.
646 2576 771 2606 Tamen
796 2581 826 2606 et
852 2576 961 2606 Livius
977 2576 1099 2613 itidem,
1143 2576 1314 2615 principia,
1329 2577 1444 2616 cuique
1464 2579 1566 2615 parti,
1583 2578 1669 2616 quod
1692 2577 1724 2607 in
1747 2581 1815 2607 tex-

429 2618 453 2646 si
485 2618 578 2648 editis
608 2619 705 2648 fidem
736 2619 922 2655 habeamus,
946 2629 1020 2648 xxv,
1053 2627 1097 2657 17.
1144 2623 1213 2648 tum
1230 2619 1371 2657 reposuit
1389 2619 1528 2649 Bckker.

429 2662 562 2690 molibus
578 2683 584 2690 .
600 2684 606 2690 .
623 2672 701 2691 suae
716 2663 831 2700 cuique
843 2663 931 2699 yenti
948 2662 1098 2695 assuetis‚·
1189 2670 1205 2699 3
1229 2662 1307 2691 Post
1340 2662 1524 2700 principia]
1567 2662 1644 2692 Post
1681 2661 1816 2700 primam

431 2701 514 2730 xxvi.
542 2712 595 2742 29;
627 2706 658 2732 ct
683 2703 770 2742 Virg.
801 2703 870 2733 Ecl.
889 2703 939 2733 vii.
958 2712 1007 2742 54.
1039 2713 1100 2732 sua
1144 2702 1258 2739 aciem,
1281 2713 1363 2741 quae
1390 2706 1458 2733 tota
1485 2714 1524 2734 ex
1552 2703 1714 2742 peditibus
1739 2707 1815 2734 erat.

429 2753 571 2782 quaeque
593 2746 650 2774 sul)
674 2746 786 2776 arbore
805 2756 909 2784 poma.
948 2746 998 2775 An
1016 2745 1098 2775 dice-
1146 2745 1291 2774 Eandem
1316 2745 1512 2775 locutionem
1534 2746 1715 2776 notavimus
1730 2755 1814 2785 supr.

430 2793 499 2813 mu>v
512 2785 589 2814 haec
602 2797 728 2825 quoquc
742 2787 852 2817 vitiosa
865 2798 950 2817 esse:
968 2792 999 2817 et
1012 2787 1099 2826 apud
1144 2786 1175 2817 ii.
1194 2786 1242 2826 65.
1270 2788 1374 2817 (Ἴων.

430 2825 557 2854 Livium
586 2828 645 2863 legi
673 2829 787 2859 debere
812 2831 943 2859 molibus
967 2853 997 2859 ..
1021 2840 1100 2859 snae
1186 2841 1205 2867 4
1230 2831 1386 2860 Etz'ercitzc
1410 2831 1534 2868 relicto]
1562 2830 1748 2869 Legendum
1772 2829 1815 2858 vi-

429 2868 605 2913 qy{l›rcsq³‹e
624 2872 712 2906 .quin
736 2873 889 2907 as.metis,·
914 2872 1001 2910 apud
1027 2871 1097 2900 Vir-
1143 2872 1236 2901 detur
1252 2873 1388 2901 reducto.
1417 2872 1488 2901 Vox
1506 2873 1615 2903 relicto
1631 2869 1741 2911 proc'ul
1758 2871 1814 2902 du-

427 2909 552 2947 gilium,
567 2920 627 2939 sna
642 2921 768 2950 quaque
781 2914 839 2942 sub
855 2915 967 2944 arbore
979 2915 1098 2952 poma?
1143 2913 1195 2943 bio
1212 2913 1323 2944 vitiosa
1340 2918 1396 2944 est.
1420 2914 1525 2944 Cnssv.
1555 2917 1560 2921 ‘
