1934 3211
421 192 508 229 420
943 188 1092 230 ΤΙΤΙ
1136 188 1313 230 LIVII

423 286 556 319 terror
576 279 748 319 invasit:
774 287 828 327 et,
847 293 972 334 quam
992 293 1078 319 non
1100 293 1267 319 suarum
1284 279 1435 319 virium
1458 294 1508 320 ea
1523 279 1738 321 dimicatio
1754 293 1820 321 es·

423 344 499 385 set,
514 337 751 377 cernebant.
783 336 1116 391 Poenitebatque
1130 336 1424 391 populationis,
1435 345 1477 377 et
1491 336 1819 392 Tarquinienses

423 394 746 434 exsecrabantur
766 393 1010 434 defectionis
1031 402 1232 434 auctores.
1295 393 1389 434 Nec
1415 409 1539 443 arma,
1562 403 1634 435 aut
1660 394 1817 435 bellum

424 451 646 506 quisquam
663 465 874 506 apparare,
892 449 965 490 sed
985 465 1061 505 pro
1082 464 1123 490 se
1141 450 1318 505 quisque
1340 450 1498 506 legatos
1519 451 1628 492 mitti
1649 451 1820 492 iubebat

424 507 476 548 ad
501 508 728 563 petendam
749 507 896 548 erroris
917 507 1093 547 veniam.
1158 507 1308 562 Legati
1336 517 1525 548 senatum
1549 524 1680 563 quum
1708 508 1819 548 adis-

423 574 527 614 sent,
546 566 597 605 ab
614 573 762 606 senatu
778 564 922 604 reiecti
938 563 991 603 ad
1007 564 1224 618 populum,
1240 564 1340 603 deos
1356 574 1618 619 rogaverunt,
1638 580 1817 621 quorum

422 637 536 662 sacra
565 622 675 662 bello
700 621 864 661 Gallico
895 629 1066 674 accepta
1094 620 1172 660 rite
1203 630 1507 674 procurassent,
1529 630 1576 662 ut
1602 622 1818 662 Romanos

422 680 618 720 florentes
640 693 689 719 ea
709 678 772 718 sui
794 676 1077 717 misericordia
1098 685 1276 731 caperet,
1300 691 1406 731 quae
1436 692 1478 717 se
1508 679 1631 718 rebus
1659 679 1818 719 affectis

422 736 636 791 quondam
662 734 807 790 populi
830 733 1014 773 Romani
1035 733 1238 788 cepisset,
1271 734 1544 789 conversique
1571 735 1624 775 ad
1644 735 1819 776 delubra

423 793 590 841 Vestae,
622 791 850 847 hospitium
881 790 1099 830 flaminum
1120 789 1440 846 Vestaliumque
1471 792 1522 832 ab
1553 806 1595 832 se
1627 800 1737 833 caste
1768 807 1817 833 ac

421 849 611 904 religiose
658 848 818 889 cultum
868 847 1129 888 invocabant.
1214 853 1225 870 ⁶
1242 847 1359 888 Eane
1406 848 1587 898 meritos,
1628 849 1849 891 crederet6

424 912 434 929 ‘
451 907 688 961 quisquam,
711 905 850 945 hostes
880 912 1053 960 repente
1085 904 1173 945 sine
1205 919 1330 945 causa
1352 905 1511 946 factos?
1547 914 1630 955 aut,
1653 906 1687 947 si
1712 906 1817 962 quid

422 963 657 1004 ‘hostiliter
675 963 883 1011 fecissent,
907 961 1081 1002 consilio
1111 961 1156 1002 id
1184 962 1327 1018 magis,
1350 977 1477 1017 quarn
1500 962 1639 1004 furore
1666 963 1815 1019 lapsos,

422 1026 433 1044 ‘
449 1021 607 1070 fecisse,
625 1029 672 1061 ut
693 1035 767 1061 sua
786 1027 927 1060 vetera
946 1019 1163 1068 beneficia,
1180 1019 1314 1060 locata
1333 1020 1576 1075 praesertim
1598 1020 1711 1076 apud
1731 1029 1816 1062 tam

422 1084 599 1134 ‘gratos,
633 1078 752 1118 novis
787 1084 1104 1132 corrumperent
1138 1076 1364 1126 maleficiis,
1400 1077 1706 1133 florentemque
1740 1093 1817 1134 po-

422 1136 596 1191 ‘pulum
627 1135 867 1176 Romanum
902 1149 949 1174 ac
979 1133 1263 1174 felicissimum
1295 1133 1405 1175 bello
1438 1134 1516 1175 sibi
1548 1135 1817 1176 desumerent

422 1200 433 1216 ‘
449 1194 627 1242 hostem,
645 1192 764 1234 cuius
785 1192 927 1232 afflicti
949 1191 1174 1232 amicitiam
1191 1191 1431 1247 cepissent?
1472 1191 1542 1232 Ne
1558 1192 1817 1248 appellarent

422 1257 433 1274 ⁶
449 1251 683 1299 consilium,
707 1264 814 1305 quae
835 1249 896 1290 vis
917 1264 964 1290 ac
985 1249 1209 1289 necessitas
1229 1248 1479 1304 appellanda
1498 1258 1617 1290 esset.
1661 1249 1817 1290 Trans-

421 1314 431 1331 ‘
449 1316 596 1348 euntes
632 1307 798 1363 agmine
834 1306 984 1347 infesto
1024 1321 1100 1361 per
1133 1321 1280 1361 agrum
1314 1321 1437 1346 suum
1473 1306 1816 1362 Tarquinienses,

422 1371 433 1388 ‘
450 1381 582 1420 quum
621 1373 787 1421 praeter
832 1364 942 1404 viam
990 1363 1097 1403 nihil
1140 1363 1354 1419 petissent,
1399 1363 1572 1404 traxisse
1612 1363 1815 1419 quosdam

422 1429 431 1445 ‘
449 1423 688 1477 agrestium,
729 1421 1012 1477 populationis
1053 1421 1154 1470 eius,
1196 1436 1303 1476 quae
1352 1420 1429 1461 sibi
1473 1420 1638 1461 crimini
1678 1421 1815 1471 detur,

423 1486 433 1502 ⁶
450 1480 634 1520 comites.
698 1479 795 1528 Eos,
822 1494 896 1519 seu
923 1478 1022 1519 dedi
1052 1478 1228 1533 placeat,
1251 1477 1404 1518 dedere
1433 1492 1476 1519 se
1503 1486 1667 1534 paratos
1697 1493 1813 1528 esse3

423 1541 434 1559 ‘
450 1551 525 1576 seu
564 1536 769 1591 supplicio
810 1535 929 1584 affici,
967 1536 1135 1576 daturos
1174 1549 1342 1591 poenas,
1407 1535 1556 1585 Caere,
1593 1535 1816 1577 sacrarium

423 1599 434 1617 ‘
480 1593 595 1648 opuli
620 1593 814 1641 Romani,
833 1593 1116 1633 deversorium
1138 1592 1415 1641 sacerdotum,
1434 1608 1480 1633 ac
1502 1593 1814 1648 receptaculum

421 1657 430 1673 ⁶
450 1608 740 1690 {omanorum
776 1664 999 1697 sacrorum,
1033 1650 1237 1689 intactum
1274 1649 1605 1704 inviolatumque
1640 1650 1815 1690 crimine

421 1707 561 1757 ‘belli,
597 1706 779 1762 hospitio
813 1705 1047 1746 Vestalium
1083 1705 1289 1760 cultisque
1327 1706 1407 1745 diis
1442 1706 1616 1754 darentss
1675 1706 1816 1747 Movit

420 1764 625 1820 populum
650 1779 736 1804 non
762 1772 846 1803 tam
872 1777 995 1802 causa
1018 1777 1225 1817 praesenS,
1248 1777 1374 1817 quam
1396 1771 1515 1803 vetus
1536 1762 1745 1812 meritum,
1767 1772 1815 1804 ut

422 1821 629 1870 maleficii,
647 1835 773 1876 quam
795 1819 1002 1868 beneficii,
1024 1819 1163 1874 potius
1183 1818 1448 1859 immemores
1469 1828 1618 1860 essent.
1664 1819 1814 1875 Itaque
1829 1832 1846 1863 7

421 1894 503 1934 pax
525 1878 682 1934 populo
703 1876 861 1918 Caeriti
879 1876 986 1924 data,
1005 1875 1273 1930 indutiasque
1290 1875 1334 1915 in
1352 1884 1521 1916 centum
1538 1891 1670 1918 annos
1685 1877 1815 1918 factas

422 1937 466 1976 in
503 1933 909 1976 senatusconsultum
941 1932 1084 1973 referri
1118 1932 1287 1988 placuit.
1351 1932 1402 1972 In
1436 1932 1629 1983 Faliscos,
1663 1934 1812 1975 eodem

421 1994 570 2034 noxios
592 1992 780 2040 crimine,
803 1991 863 2030 vis
884 1990 983 2030 belli
1005 2004 1203 2030 conversa
1223 1998 1310 2030 est:
1344 1989 1419 2030 sed
1442 1989 1582 2030 hostes
1605 2005 1814 2046 nusquam

420 2050 593 2091 inventi.
659 2048 805 2096 Quum
833 2047 1105 2103 populatione
1133 2046 1340 2102 peragrati
1361 2046 1467 2086 fines
1494 2055 1644 2096 essent,
1667 2048 1718 2088 ab
1739 2063 1815 2104 op-

419 2107 677 2163 purrnatione
717 2105 886 2146 urbium
926 2112 1231 2159 temperatum:
1278 2103 1598 2159 legionibusque
1633 2104 1814 2145 Romam

419 2180 463 2205 re
498 2164 617 2213 uctis,
638 2163 849 2218 reliquum
875 2162 973 2202 anni
1000 2161 1129 2201 muris
1154 2161 1421 2216 turribusque
1449 2160 1687 2201 reficiendis
1713 2177 1814 2203 con-

421 2230 649 2277 sumptum,
672 2228 715 2261 et
736 2219 860 2260 aedes
882 2218 1093 2273 Apollinis
1114 2217 1307 2258 dedicata
1327 2226 1400 2258 est.
1825 2225 1846 2255 8

480 2278 684 2319 Extremo
716 2291 827 2317 anno
857 2275 1027 2316 comitia
1057 2274 1288 2315 consularia
1317 2283 1527 2315 certamen
1558 2275 1733 2316 Patrum
1764 2291 1813 2316 ac

420 2335 554 2391 plebis
574 2334 753 2382 diremit,
777 2331 955 2373 tribunis
980 2332 1230 2386 negantibus
1254 2346 1444 2387 passuros
1465 2332 1634 2372 comitia
1653 2332 1810 2381 haberi,

421 2393 465 2432 ni
498 2391 731 2433 secundum
764 2388 972 2429 Liciniam
1005 2388 1142 2443 legem
1175 2388 1455 2436 haberentur3
1500 2388 1701 2429 dictatore
1738 2389 1812 2429 ob-

420 2450 572 2490 stinato
600 2447 746 2488 tollere
773 2446 912 2501 potius
941 2452 1075 2485 totum
1097 2459 1119 2484 e
1144 2445 1358 2500 republica
1385 2444 1660 2494 consulatum,
1683 2460 1810 2501 quam

418 2506 702 2562 promiscuum
726 2502 921 2544 Patribus
956 2516 1003 2542 ac
1035 2501 1148 2559 plebi
1180 2502 1327 2543 facere.
1390 2501 1652 2542 Prolatandis
1684 2502 1812 2558 igitur

207 287 250 318 U.
268 287 306 318 C.
324 299 395 326 40²·

205 331 244 360 A.
269 330 307 361 C.
324 340 396 371 550.

205 517 350 549 Caerites

204 560 327 590 bellum
343 563 396 593 de-

203 608 386 640 precantur.

204 1840 324 1869 Pacem
341 1837 398 1867 im-

203 1884 340 1920 petrant.

203 1953 339 1985 Faliscis

202 1998 326 2027 bellum
342 1996 377 2026 il-

202 2040 316 2070 latum.

267 2291 333 2328 21.

204 2346 392 2379 Discordiae

203 2390 242 2418 de
259 2392 403 2421 consula-

202 2437 237 2460 tu
257 2434 393 2471 plebeio.

460 2635 479 2665 6
503 2636 597 2665 Eone
620 2634 763 2671 meritos]
789 2632 809 2663 i.
827 2642 854 2662 e.
872 2630 939 2667 Qui
956 2634 1022 2660 tam
1043 2630 1090 2660 in-

416 2678 504 2717 signe
530 2676 723 2707 beneficium
749 2676 781 2705 in
811 2675 976 2705 Romanos
1005 2673 1091 2702 ultro

417 2720 629 2755 contulerant,
655 2717 842 2748 Vestalibus
872 2714 1029 2746 Romanis
1059 2718 1091 2744 et

416 2761 635 2791 sacerdotibus
660 2759 800 2799 hospitio
825 2758 977 2797 exceptis.
1003 2767 1087 2795 supr.

418 2812 445 2831 v.
463 2813 512 2840 40.

461 2852 476 2881 7
498 2846 611 2883 Itaque
625 2845 709 2882 μα’]
733 2844 864 2873 Partem
878 2842 1000 2881 publici
1017 2842 1089 2879 [tyri

415 2884 581 2913 dimidiam
593 2885 781 2915 Caeretibus
793 2885 979 2922 ademptam
992 2883 1089 2912 fuisse

415 2925 521 2955 scribit
538 2926 601 2955 Dio
619 2926 649 2954 in
665 2926 790 2963 Fragm.
807 2935 873 2963 142.
900 2925 998 2954 Nunc
1016 2934 1089 2954 vero

1133 2629 1314 2669 municipes
1341 2628 1506 2660 deterioris
1532 2629 1608 2659 iuris
1633 2629 1711 2660 facti
1735 2632 1810 2660 sunt

1135 2672 1290 2707 Caerites,
1321 2671 1346 2701 si
1379 2671 1553 2702 Niebuhrii
1591 2671 1809 2702 coniecturam

1135 2715 1317 2753 probamus.
1342 2713 1381 2744 cf.
1398 2723 1484 2752 supr.
1504 2724 1529 2744 ν.
1547 2722 1596 2752 50.

1175 2757 1194 2786 8
1217 2757 1321 2786 Aedes
1343 2756 1522 2794 Apollinis]
1553 2756 1654 2785 Haud
1677 2755 1743 2785 scio
1765 2764 1807 2784 an

1132 2797 1212 2827 haec
1238 2798 1277 2827 sit
1301 2798 1358 2827 illa
1380 2797 1487 2834 aedes,
1503 2807 1586 2836 quae
1605 2806 1691 2836 supr.
1707 2795 1748 2826 iv.
1766 2805 1807 2836 29

1133 2843 1340 2877 memoratur,
1352 2843 1388 2868 ut
1403 2849 1497 2877 quae,
1513 2849 1532 2868 a
1548 2838 1684 2869 Gallicis
1698 2837 1806 2867 incen-

1133 2881 1194 2911 diis
1216 2884 1419 2919 consumpta,
1443 2890 1550 2910 rursus
1575 2879 1746 2909 aedificata
1772 2882 1805 2909 et

1133 2922 1283 2953 dedicata
1297 2923 1348 2952 sit.
