1934 3211
216 498 415 529 Crustumini
433 486 488 526 lm

218 541 303 572 victi.

205 668 262 699 ··U.
280 669 317 700 C.
336 679 363 708 5.

217 712 256 742 A.
273 713 311 743 C.
332 720 400 752 747.

217 837 371 868 Sabinum

218 880 349 911 bellum.

295 1761 356 1799 12.

946 221 1094 265 TITI
1136 205 1312 265 Lrv'n

432 322 625 354 ovantem
648 311 876 355 Romulum
900 313 1082 355 Hersilia
1111 315 1278 364 coniux,
1300 314 1492 371 precibus
1522 323 1732 381 raptarum
1755 314 1847 356 fa-6

433 371 573 426 tigata,
597 380 698 421 orat,
722 380 768 412 ut
798 372 1038 427 parentibus
1068 388 1209 413 earum
1231 372 1303 413 det
1324 373 1501 422 veniam,
1524 382 1566 414 et
1596 373 1640 413 in
1670 373 1808 414 civita-

432 438 518 470 tem
546 429 739 485 accipiat:
774 429 831 470 ita
858 445 944 470 rem
975 430 1202 471 coalescere
1234 430 1455 470 concordia
1484 445 1613 485 posse.
1676 429 1813 471 Facile

522 495 710 528 etratum.
773 485 878 528 Inde
910 496 1054 528 contra
1083 487 1377 528 Crustuminos
1406 487 1626 543 profectus,
1657 487 1814 529 bellum

432 544 476 584 in
494 552 669 585 erentes.
732 543 796 585 Ibi
818 544 954 585 minus
975 544 1115 594 etiam,
1138 545 1251 601 quod
1271 544 1416 586 alienis
1442 543 1638 586 cladibus
1652 545 1816 586 cecide-

433 610 528 642 rant
567 602 708 651 animi,
750 601 986 642 certaminis
1025 602 1114 643 fuit.
1192 602 1384 658 Utroque
1425 601 1611 643 coloniae
1652 602 1812 643 missae.
1831 610 1847 642 7

433 659 582 700 Plures
611 659 784 708 inventi,
818 659 891 715 qui
922 668 1093 716 propter
1127 660 1357 701 ubertatem
1391 668 1522 700 terrae
1558 659 1603 700 in
1641 658 1817 701 Crustu-

434 717 595 757 minum
617 717 788 758 nomina
809 717 978 758 darent:
1007 725 1049 758 et
1071 717 1251 758 Romam
1275 717 1373 758 inde
1402 716 1642 773 frequenter
1665 716 1817 773 migra-

434 783 524 815 tum
546 783 619 823 est,
642 790 667 815 a
685 774 925 830 parentibus
946 773 1125 816 maxime
1147 790 1194 815 ac
1214 775 1459 831 propinquis
1479 783 1700 830 raptarum.

495 831 779 873 Novissimum
796 831 857 872 ab
867 831 1029 873 Sabinis
1049 832 1206 873 bellum
1222 841 1371 882 ortum,
1390 831 1604 888 multoque
1621 831 1665 872 id
1685 832 1818 873 maxi-

435 905 551 930 mum
570 889 659 930 fuit.
697 887 818 929 Nihil
839 889 952 930 enim
972 904 1047 945 per
1067 890 1169 930 iram
1191 899 1262 930 aut
1282 889 1554 946 cupiditatem
1575 897 1714 931 actum
1734 897 1814 931 est.

435 962 513 988 nec
534 946 808 988 ostenderunt
835 946 991 987 bellum
1019 947 1145 1003 prius,
1171 963 1297 1003 quam
1322 946 1562 988 intulerunt.
1628 946 1817 988 Consilio

435 1005 561 1045 etiam
583 1003 751 1045 additus
771 1003 902 1045 dolus.
961 1003 1030 1061 Sp.
1047 1005 1251 1060 Tarpeius
1274 1005 1489 1046 Romanae
1510 1013 1700 1061 praeerat
1719 1004 1815 1046 arci.

436 1060 577 1103 Huius
597 1061 725 1102 filiam
746 1062 950 1118 virginem
971 1077 1070 1103 auro
1091 1062 1319 1118 corrumpit
1333 1062 1492 1128 Tatius,
1508 1071 1555 1103 ut
1575 1071 1752 1103 armatos
1771 1062 1817 1102 in

435 1134 572 1160 arcem
595 1119 780 1174 accipiat.
809 1094 1013 1174 &Aquam
1036 1120 1142 1160 forte
1168 1135 1218 1160 ea
1244 1127 1334 1160 tum
1361 1120 1484 1161 sacris
1509 1129 1628 1161 extra
1651 1119 1818 1161 moenia

434 1177 612 1232 petitum
633 1176 747 1216 ierat.
811 1175 989 1232 Accepti
1010 1177 1200 1218 obrutam
1222 1177 1345 1217 armis
1366 1191 1585 1218 necavere:
1613 1192 1688 1218 seu
1708 1185 1756 1218 ut
1775 1177 1817 1218 vi

434 1242 555 1290 capta
575 1233 714 1289 potius
735 1249 808 1274 arx
828 1233 1052 1284 videretur,
1079 1249 1152 1275 seu
1172 1233 1379 1289 prodendi
1399 1234 1582 1290 exempli
1603 1249 1738 1284 causa,
1763 1249 1817 1276 ne

434 1291 539 1347 quid
559 1306 734 1347 usquam
755 1291 888 1332 fidum
908 1291 1110 1347 proditori
1132 1300 1249 1332 esset.
1299 1291 1486 1332 Additur
1504 1291 1682 1342 fabulae,
1704 1292 1819 1348 quod
1832 1298 1851 1328 8

433 1349 559 1405 vulgo
583 1348 726 1390 Sabini
746 1363 890 1390 aureas
910 1348 1089 1390 armillas
1116 1349 1257 1405 magni
1283 1349 1480 1405 ponderis
1499 1348 1668 1391 brachio
1688 1348 1820 1415 laevo,

433 1415 746 1471 gemmatosque
780 1421 931 1471 magna
961 1407 1098 1461 specie
1131 1406 1307 1447 annulos
1339 1406 1574 1457 habuerint,
1610 1407 1817 1464 pepigisse

435 1479 540 1514 eam,
563 1463 708 1519 quod
698 1479 742 1504 111
767 1463 941 1504 sinistris
968 1464 1159 1505 manibus
1186 1464 1411 1505 haberent:
1442 1479 1492 1505 eo
1522 1473 1638 1506 scuta
1660 1464 1721 1506 illi
1743 1480 1820 1521 pro

435 1521 571 1563 aureis
591 1521 712 1562 donis
739 1530 945 1586 congesta.
1011 1520 1129 1571 Sunt,
1161 1521 1234 1577 qui
1265 1536 1356 1562 eam
1387 1537 1440 1562 ex
1467 1530 1589 1578 pacto
1615 1522 1819 1572 tradendi,

437 1579 553 1635 quod
591 1579 636 1619 in
676 1579 850 1619 sinistris
892 1579 1084 1620 manibus
1132 1587 1252 1628 esset,
1296 1577 1456 1620 directo
1506 1594 1621 1621 arma
1667 1580 1819 1636 petisse

438 1638 605 1678 dicant:
658 1646 701 1677 et
745 1636 889 1677 fraude
929 1636 1058 1677 visam
1102 1651 1236 1692 agere,
1278 1651 1352 1677 sua
1390 1636 1522 1692 ipsam
1561 1646 1852 1694 peremptam9

439 1694 643 1736 mercede.

496 1752 690 1794 Tenuere
723 1762 863 1793 tamen
890 1766 1026 1793 arcem
1060 1751 1225 1793 Sabini:
1260 1760 1384 1807 atque
1416 1751 1513 1793 inde
1541 1760 1707 1808 postero
1737 1752 1820 1802 die,

438 1825 569 1867 quum
604 1809 819 1851 Romanus
855 1809 1062 1850 exercitus
1096 1809 1333 1874 instructuS,
1370 1809 1484 1865 quod
1523 1809 1633 1851 inter
1667 1810 1822 1852 Palati-

438 1883 539 1909 1111111
574 1867 944 1923 Capitolinumque
975 1867 1125 1908 collem
1159 1867 1295 1923 campi
1330 1875 1404 1917 est,
1438 1867 1697 1923 complesset,
1734 1877 1821 1909 non

437 1926 551 1982 prius
571 1925 880 1966 descenderunt
909 1925 953 1965 in
974 1940 1168 1981 aequum,
1191 1940 1329 1980 quam,
1352 1924 1413 1965 ira
1444 1933 1487 1971 et
1507 1925 1735 1981 cupiditate
1756 1940 1821 1966 re-

435 1983 699 2039 cuperandae
729 1982 832 2024 arcis
862 1982 1101 2023 stimulante
1133 1982 1304 2032 animos,
1330 1982 1374 2022 in
1398 1982 1616 2023 adversum
1639 1982 1821 2024 Romani

438 2041 613 2083 subiere.
675 2040 891 2096 Principes
912 2040 1122 2096 utrimque
1149 2055 1333 2096 pugnam
1353 2040 1544 2090 ciebant3
1576 2040 1628 2082 ab
1658 2039 1821 2082 Sabinis

439 224 485 262 16

481 2210 500 2241 6
524 2211 697 2249 Ovantem]
739 2210 828 2246 Quia
852 2214 929 2241 tunc
956 2210 1110 2249 temporis

440 2254 582 2284 nondum
603 2254 775 2284 utebantur
797 2264 890 2283 curru
910 2253 1108 2292 triumphali.

439 2296 580 2327 Sraorfl.

486 2347 501 2378 7
525 2340 689 2376 Oolomae]
709 2349 751 2369 sc.
769 2338 916 2378 praesidii
933 2348 1036 2368 causa.
1061 2337 1110 2368 Cf.

440 2382 527 2413 Serv.
544 2381 576 2411 in
590 2382 670 2412 Aen.
687 2381 707 2411 i.
729 2391 762 2410 12
767 2380 881 2418 ‚11bi‚‘
884 2383 1113 2410 saneveteres

441 2424 582 2455 colonias
612 2424 658 2454 ita
689 2404 856 2453 defniiunt.
904 2424 1033 2453 Colonia
1065 2426 1112 2452 est

441 2471 551 2497 coetus
574 2476 684 2497 eorum
707 2465 873 2495 hominum
897 2465 951 2504 qui
975 2464 1113 2495 universi

441 2509 572 2540 deducti
583 2509 698 2540 suntin
710 2509 816 2538 locum
828 2511 949 2538 certum
960 2507 1113 2537 aedificiis

442 2552 614 2589 munitum,
645 2561 741 2591 quem
773 2554 859 2582 certo
892 2550 959 2581 iure
991 2549 1111 2580 obtine-

442 2597 545 2625 rent.''

485 2639 503 2668 8
519 2639 660 2668 Additur
670 2638 822 2675 fribulae]
842 2634 1038 2671 Narrationi‚
1047 2634 1112 2665 sive

442 2688 545 2717 verae,
570 2680 635 2710 sive
660 2680 758 2710 falsae
788 2683 820 2709 et
846 2678 1109 2708 commenticiae:

444 2732 516 2751 nam
547 2728 681 2761 utraque
705 2722 821 2752 dicitur
842 2722 972 2759 sabula,
994 2724 1030 2750 ut
1055 2719 1111 2750 Gr.

441 2764 541 2801 μῦθος.
591 2766 641 2795 Cf.
665 2765 735 2795 infr.
765 2764 873 2795 xxviii.
899 2773 926 2802 3.
977 2762 1039 2794 Sed
1068 2763 1111 2792 le-

441 2807 579 2843 gendum
612 2807 798 2837 crediderim
829 2807 958 2837 additur
983 2806 1111 2844 fabula.

445 2848 569 2878 Fabula
583 2852 690 2878 autem
708 2849 763 2878 illa
776 2849 861 2879 varie
873 2852 1026 2879 narratur.
1061 2848 1111 2879 Cf.

444 2890 579 2929 Dionys.
604 2890 634 2920 ii.
658 2900 707 2927 40.
734 2892 828 2930 Prop.
852 2892 893 2921 iv.
916 2903 946 2930 4,
969 2894 1001 2921 et
1025 2891 1110 2921 Plut.

444 2933 474 2962 in
494 2933 643 2963 Romulo.
686 2933 736 2962 Ad
752 2933 834 2962 hanc
851 2944 923 2963 vcro
939 2933 1110 2972 Tarpeiam

442 2976 524 3005 forte
542 2975 730 3005 translatum
751 2979 809 3009 ost,
824 2976 907 3012 quod
931 2976 970 3004 dc
993 2975 1110 3013 puella,

1152 2209 1247 2239 simili
1264 2209 1446 2240 conditione
1461 2208 1628 2249 Ephesum
1646 2208 1774 2240 Brenno
1789 2218 1824 2240 se

1152 2252 1341 2282 traditur-am
1372 2262 1439 2282 esse
1468 2251 1688 2291 promittente,
1717 2255 1823 2282 narrat

1155 2295 1241 2324 Plut.
1266 2294 1299 2324 in
1325 2293 1443 2324 Parall.
1469 2304 1500 2333 p.
1518 2303 1590 2335 309,
1616 2297 1652 2324 ut
1677 2294 1719 2324 ad
1745 2293 1823 2324 Tar-

1156 2337 1311 2375 quinium,
1328 2337 1434 2376 capita
1450 2345 1644 2375 papaverum
1661 2336 1824 2373 decutien-

1155 2383 1221 2409 tem
1257 2379 1327 2409 infr.
1355 2388 1406 2418 54,
1436 2379 1521 2418 quod
1551 2379 1592 2409 de
1621 2378 1824 2418 Thrasybulo

1156 2421 1368 2459 Milesiorum,
1390 2424 1423 2451 et
1446 2420 1621 2452 Periandro
1643 2420 1824 2452 Corinthio-

1156 2467 1382 2503 rumtyranno
1407 2463 1512 2494 refert.
1538 2463 1696 2494 Herodot.
1719 2474 1749 2495 v.
1771 2474 1823 2505 92.

1156 2507 1208 2536 cui
1229 2506 1311 2537 conf.
1327 2506 1476 2537 Mariana
1490 2506 1578 2537 Hist.
1602 2506 1698 2546 Hisp.
1718 2516 1751 2537 x.
1776 2505 1823 2538 16.

1157 2549 1242 2580 RUP.

1203 2602 1222 2632 9
1248 2592 1378 2623 Fraude
1401 2592 1517 2629 visam]
1571 2591 1668 2621 Hane
1698 2595 1823 2622 senten-

1155 2634 1245 2671 tiam,
1274 2638 1403 2664 auctore
1434 2633 1470 2665 L.
1497 2633 1625 2671 Pisone,
1650 2634 1825 2674 Dionysius

1155 2677 1371 2716 amplectitur,
1381 2677 1420 2706 ob
1433 2677 1516 2706 hanc
1530 2677 1671 2707 maxime
1683 2686 1824 2714 causam,

1155 2720 1241 2758 quod
1268 2719 1407 2758 Tarpeia
1436 2719 1469 2749 in
1499 2719 1619 2749 honore
1647 2720 1734 2759 apud
1756 2719 1823 2750 Ro-

1155 2772 1266 2792 manos
1281 2762 1390 2792 habita
1405 2765 1462 2792 est.
1511 2761 1632 2799 Hodie,
1647 2765 1729 2792 teste
1744 2761 1821 2792 Nie-

1155 2804 1279 2841 buhrio,
1299 2805 1385 2834 fama
1408 2804 1565 2844 Tarpeiae
1590 2804 1684 2844 viget,
1703 2804 1821 2834 ferunt-

1155 2858 1229 2886 que,
1239 2847 1322 2886 quod
1335 2851 1402 2877 arte
1413 2848 1513 2877 venefi
1518 2857 1555 2877 ca
1563 2846 1694 2883 irretita,
1700 2847 1731 2876 la
1741 2846 1821 2876 bella

1159 2891 1295 2930 Tarpeia
1316 2890 1401 2920 intus
1422 2891 1529 2920 subter
1548 2888 1685 2919 mediam
1704 2887 1822 2918 montis

1154 2933 1314 2971 regionem
1336 2932 1457 2963 “sedet
1480 2935 1708 2969 aeternumque
1733 2930 1820 2961 sede-

1155 2976 1233 3006 bit-'¹'
