<?xml version="1.0" encoding="UTF-8"?>
<!DOCTYPE html PUBLIC "-//W3C//DTD XHTML 1.0 Transitional//EN"
    "http://www.w3.org/TR/xhtml1/DTD/xhtml1-transitional.dtd">
<html xmlns="http://www.w3.org/1999/xhtml" xml:lang="en" lang="en">
 <head>
  <title>
</title>
<meta http-equiv="Content-Type" content="text/html;charset=utf-8" />
  <meta name='ocr-system' content='tesseract 3.04.00' />
  <meta name='ocr-capabilities' content='ocr_page ocr_carea ocr_par ocr_line ocrx_word'/>
</head>
<body>
  <div class='ocr_page' id='page_1' title='image "./historiarumli01livyuoft_0254.png"; bbox 0 0 1934 3211; ppageno 0'>
   <div class='ocr_carea' id='block_1_1' title="bbox 190 313 382 395">
    <p class='ocr_par' dir='ltr' id='par_1_1' title="bbox 190 313 382 395">
     <span class='ocr_line' id='line_1_1' title="bbox 195 313 381 353; baseline 0 -9"><span class='ocrx_word' id='word_1_1' title='bbox 195 314 235 344; x_wconf 78' lang='lat' dir='ltr'>U.</span> <span class='ocrx_word' id='word_1_2' title='bbox 253 314 290 344; x_wconf 79' lang='lat' dir='ltr'>C.</span> <span class='ocrx_word' id='word_1_3' title='bbox 311 313 381 353; x_wconf 76' lang='lat'>316.</span> 
     </span>
     <span class='ocr_line' id='line_1_2' title="bbox 190 355 382 395; baseline 0.005 -9"><span class='ocrx_word' id='word_1_4' title='bbox 190 358 228 387; x_wconf 87' lang='lat' dir='ltr'>A.</span> <span class='ocrx_word' id='word_1_5' title='bbox 254 357 291 387; x_wconf 91' lang='lat' dir='ltr'>C.</span> <span class='ocrx_word' id='word_1_6' title='bbox 310 355 382 395; x_wconf 82' lang='lat'><strong>436.</strong></span> 
     </span>
    </p>
   </div>
   <div class='ocr_carea' id='block_1_2' title="bbox 263 423 327 462">
    <p class='ocr_par' dir='ltr' id='par_1_2' title="bbox 263 423 327 462">
     <span class='ocr_line' id='line_1_3' title="bbox 263 423 327 462; baseline 0.016 -1"><span class='ocrx_word' id='word_1_7' title='bbox 263 423 327 462; x_wconf 89' lang='lat'>16.</span> 
     </span>
    </p>
   </div>
   <div class='ocr_carea' id='block_1_3' title="bbox 256 1969 318 2009">
    <p class='ocr_par' dir='ltr' id='par_1_3' title="bbox 256 1969 318 2009">
     <span class='ocr_line' id='line_1_4' title="bbox 256 1969 318 2009; baseline 0 -1"><span class='ocrx_word' id='word_1_8' title='bbox 256 1969 318 2009; x_wconf 87' lang='lat'>17.</span> 
     </span>
    </p>
   </div>
   <div class='ocr_carea' id='block_1_4' title="bbox 411 213 1303 256">
    <p class='ocr_par' dir='ltr' id='par_1_4' title="bbox 411 213 1303 256">
     <span class='ocr_line' id='line_1_5' title="bbox 411 213 1303 256; baseline -0.001 -1"><span class='ocrx_word' id='word_1_9' title='bbox 411 218 492 255; x_wconf 75' lang='lat'>242</span> <span class='ocrx_word' id='word_1_10' title='bbox 932 213 1081 256; x_wconf 94' lang='lat' dir='ltr'>TITI</span> <span class='ocrx_word' id='word_1_11' title='bbox 1122 213 1303 254; x_wconf 87' lang='lat' dir='ltr'>LIVII</span> 
     </span>
    </p>
   </div>
   <div class='ocr_carea' id='block_1_5' title="bbox 404 303 1845 2084">
    <p class='ocr_par' dir='ltr' id='par_1_5' title="bbox 412 303 1813 361">
     <span class='ocr_line' id='line_1_6' title="bbox 412 303 1813 361; baseline -0.001 -14"><span class='ocrx_word' id='word_1_12' title='bbox 412 312 423 329; x_wconf 78' lang='lat'>‘</span> <span class='ocrx_word' id='word_1_13' title='bbox 439 313 631 347; x_wconf 89' lang='lat' dir='ltr'>contacta</span> <span class='ocrx_word' id='word_1_14' title='bbox 650 305 793 361; x_wconf 90' lang='lat' dir='ltr'>pretiis</span> <span class='ocrx_word' id='word_1_15' title='bbox 814 305 933 361; x_wconf 80' lang='lat' dir='ltr'>regni</span> <span class='ocrx_word' id='word_1_16' title='bbox 954 304 1180 354; x_wconf 79' lang='lat' dir='ltr'>mercandi,</span> <span class='ocrx_word' id='word_1_17' title='bbox 1198 303 1520 360; x_wconf 79' lang='lat' dir='ltr'>publicarentur.</span> <span class='ocrx_word' id='word_1_18' title='bbox 1566 303 1716 345; x_wconf 82' lang='lat' dir='ltr'>Iubere</span> <span class='ocrx_word' id='word_1_19' title='bbox 1735 303 1813 345; x_wconf 87' lang='lat' dir='ltr'>ita-</span> 
     </span>
    </p>

    <p class='ocr_par' dir='ltr' id='par_1_6' title="bbox 407 361 1845 1220">
     <span class='ocr_line' id='line_1_7' title="bbox 412 361 1814 419; baseline -0.001 -15"><span class='ocrx_word' id='word_1_20' title='bbox 412 369 424 387; x_wconf 82' lang='lat'>‘</span> <span class='ocrx_word' id='word_1_21' title='bbox 439 379 535 419; x_wconf 88' lang='lat' dir='ltr'>que,</span> <span class='ocrx_word' id='word_1_22' title='bbox 559 371 798 419; x_wconf 82' lang='lat' dir='ltr'>quaestores</span> <span class='ocrx_word' id='word_1_23' title='bbox 818 362 1000 403; x_wconf 86' lang='lat' dir='ltr'>vendere</span> <span class='ocrx_word' id='word_1_24' title='bbox 1022 378 1071 403; x_wconf 89' lang='lat' dir='ltr'>ea</span> <span class='ocrx_word' id='word_1_25' title='bbox 1091 363 1214 411; x_wconf 89' lang='lat' dir='ltr'>bona,</span> <span class='ocrx_word' id='word_1_26' title='bbox 1237 370 1363 417; x_wconf 89' lang='lat' dir='ltr'>atque</span> <span class='ocrx_word' id='word_1_27' title='bbox 1392 362 1437 402; x_wconf 90' lang='lat' dir='ltr'>in</span> <span class='ocrx_word' id='word_1_28' title='bbox 1461 361 1679 418; x_wconf 90' lang='lat' dir='ltr'>publicum</span> <span class='ocrx_word' id='word_1_29' title='bbox 1703 361 1814 402; x_wconf 87' lang='lat' dir='ltr'>redi-</span> 
     </span>
     <span class='ocr_line' id='line_1_8' title="bbox 411 419 1814 478; baseline -0.001 -16"><span class='ocrx_word' id='word_1_30' title='bbox 411 427 422 445; x_wconf 89' lang='lat'>‘</span> <span class='ocrx_word' id='word_1_31' title='bbox 437 421 562 478; x_wconf 55' lang='lat' dir='ltr'>gem?</span> <span class='ocrx_word' id='word_1_32' title='bbox 622 420 811 461; x_wconf 88' lang='lat' dir='ltr'>Domum</span> <span class='ocrx_word' id='word_1_33' title='bbox 832 419 999 469; x_wconf 90' lang='lat' dir='ltr'>deinde,</span> <span class='ocrx_word' id='word_1_34' title='bbox 1023 428 1070 460; x_wconf 89' lang='lat' dir='ltr'>ut</span> <span class='ocrx_word' id='word_1_35' title='bbox 1094 428 1370 460; x_wconf 88' lang='lat' dir='ltr'>monumento</span> <span class='ocrx_word' id='word_1_36' title='bbox 1396 435 1490 460; x_wconf 85' lang='lat' dir='ltr'>area</span> <span class='ocrx_word' id='word_1_37' title='bbox 1514 428 1622 460; x_wconf 90' lang='lat' dir='ltr'>esset</span> <span class='ocrx_word' id='word_1_38' title='bbox 1643 434 1814 475; x_wconf 89' lang='lat' dir='ltr'>oppres-</span> 
     </span>
     <span class='ocr_line' id='line_1_9' title="bbox 408 476 1843 533; baseline -0.002 -14"><span class='ocrx_word' id='word_1_39' title='bbox 408 494 475 520; x_wconf 90' lang='lat' dir='ltr'>sae</span> <span class='ocrx_word' id='word_1_40' title='bbox 507 478 687 519; x_wconf 83' lang='lat' dir='ltr'>nefariae</span> <span class='ocrx_word' id='word_1_41' title='bbox 719 478 819 533; x_wconf 90' lang='lat' dir='ltr'>spei,</span> <span class='ocrx_word' id='word_1_42' title='bbox 843 477 952 517; x_wconf 83' lang='lat' dir='ltr'>dirui</span> <span class='ocrx_word' id='word_1_43' title='bbox 985 476 1196 532; x_wconf 78' lang='lat' dir='ltr'>extemplo</span> <span class='ocrx_word' id='word_1_44' title='bbox 1224 477 1364 517; x_wconf 91' lang='lat' dir='ltr'>iussit:</span> <span class='ocrx_word' id='word_1_45' title='bbox 1404 477 1447 517; x_wconf 92' lang='lat' dir='ltr'>id</span> <span class='ocrx_word' id='word_1_46' title='bbox 1470 476 1843 532; x_wconf 72' lang='lat' dir='ltr'>Aequimaeliumz</span> 
     </span>
     <span class='ocr_line' id='line_1_10' title="bbox 408 534 1844 592; baseline 0 -15"><span class='ocrx_word' id='word_1_47' title='bbox 408 536 664 592; x_wconf 85' lang='lat' dir='ltr'>appellatum</span> <span class='ocrx_word' id='word_1_48' title='bbox 695 544 767 575; x_wconf 89' lang='lat' dir='ltr'>est.</span> <span class='ocrx_word' id='word_1_49' title='bbox 844 534 891 574; x_wconf 91' lang='lat' dir='ltr'>L.</span> <span class='ocrx_word' id='word_1_50' title='bbox 916 534 1132 574; x_wconf 85' lang='lat' dir='ltr'>Minucius</span> <span class='ocrx_word' id='word_1_51' title='bbox 1168 534 1273 574; x_wconf 83' lang='lat' dir='ltr'>bove</span> <span class='ocrx_word' id='word_1_52' title='bbox 1311 543 1454 575; x_wconf 87' lang='lat' dir='ltr'>aurato</span> <span class='ocrx_word' id='word_1_53' title='bbox 1493 543 1612 575; x_wconf 86' lang='lat' dir='ltr'>extra</span> <span class='ocrx_word' id='word_1_54' title='bbox 1648 542 1844 590; x_wconf 83' lang='lat' dir='ltr'>portam3</span> 
     </span>
     <span class='ocr_line' id='line_1_11' title="bbox 409 590 1814 649; baseline -0.001 -15"><span class='ocrx_word' id='word_1_55' title='bbox 409 593 698 649; x_wconf 80' lang='lat' dir='ltr'>Trigeminam</span> <span class='ocrx_word' id='word_1_56' title='bbox 720 602 780 632; x_wconf 90' lang='lat' dir='ltr'>est</span> <span class='ocrx_word' id='word_1_57' title='bbox 801 592 992 639; x_wconf 84' lang='lat' dir='ltr'>donatus,</span> <span class='ocrx_word' id='word_1_58' title='bbox 1016 606 1068 630; x_wconf 90' lang='lat' dir='ltr'>ne</span> <span class='ocrx_word' id='word_1_59' title='bbox 1101 590 1222 645; x_wconf 85' lang='lat' dir='ltr'>plebe</span> <span class='ocrx_word' id='word_1_60' title='bbox 1245 591 1417 645; x_wconf 88' lang='lat' dir='ltr'>quidem</span> <span class='ocrx_word' id='word_1_61' title='bbox 1443 591 1585 640; x_wconf 78' lang='lat' dir='ltr'>invita,</span> <span class='ocrx_word' id='word_1_62' title='bbox 1608 592 1709 647; x_wconf 90' lang='lat' dir='ltr'>quia</span> <span class='ocrx_word' id='word_1_63' title='bbox 1727 591 1814 632; x_wconf 86' lang='lat' dir='ltr'>fru-</span> 
     </span>
     <span class='ocr_line' id='line_1_12' title="bbox 409 647 1845 704; baseline -0.001 -13"><span class='ocrx_word' id='word_1_64' title='bbox 409 660 599 691; x_wconf 87' lang='lat' dir='ltr'>mentum</span> <span class='ocrx_word' id='word_1_65' title='bbox 632 649 906 696; x_wconf 61' lang='lat' dir='ltr'>BIaelianum,</span> <span class='ocrx_word' id='word_1_66' title='bbox 940 648 1097 687; x_wconf 89' lang='lat' dir='ltr'>assibus</span> <span class='ocrx_word' id='word_1_67' title='bbox 1128 647 1172 686; x_wconf 88' lang='lat' dir='ltr'>in</span> <span class='ocrx_word' id='word_1_68' title='bbox 1204 647 1366 688; x_wconf 88' lang='lat' dir='ltr'>modios</span> <span class='ocrx_word' id='word_1_69' title='bbox 1397 648 1673 697; x_wconf 88' lang='lat' dir='ltr'>aestimatum,</span> <span class='ocrx_word' id='word_1_70' title='bbox 1700 648 1845 704; x_wconf 87' lang='lat' dir='ltr'>plebi4</span> 
     </span>
     <span class='ocr_line' id='line_1_13' title="bbox 408 703 1814 759; baseline -0.001 -11"><span class='ocrx_word' id='word_1_71' title='bbox 408 708 558 748; x_wconf 82' lang='lat' dir='ltr'>divisit.</span> <span class='ocrx_word' id='word_1_72' title='bbox 629 706 759 746; x_wconf 88' lang='lat' dir='ltr'>Hunc</span> <span class='ocrx_word' id='word_1_73' title='bbox 792 704 1046 753; x_wconf 84' lang='lat' dir='ltr'>Minucium,</span> <span class='ocrx_word' id='word_1_74' title='bbox 1070 703 1182 759; x_wconf 89' lang='lat' dir='ltr'>apud</span> <span class='ocrx_word' id='word_1_75' title='bbox 1214 704 1418 759; x_wconf 88' lang='lat' dir='ltr'>quosdam</span> <span class='ocrx_word' id='word_1_76' title='bbox 1456 714 1657 754; x_wconf 78' lang='lat' dir='ltr'>auctores,</span> <span class='ocrx_word' id='word_1_77' title='bbox 1681 714 1814 746; x_wconf 86' lang='lat' dir='ltr'>trans-</span> 
     </span>
     <span class='ocr_line' id='line_1_14' title="bbox 408 761 1814 818; baseline -0.001 -13"><span class='ocrx_word' id='word_1_78' title='bbox 408 765 486 805; x_wconf 87' lang='lat' dir='ltr'>isse</span> <span class='ocrx_word' id='word_1_79' title='bbox 509 780 532 804; x_wconf 90' lang='lat' dir='ltr'>a</span> <span class='ocrx_word' id='word_1_80' title='bbox 553 763 748 804; x_wconf 84' lang='lat' dir='ltr'>Patribus</span> <span class='ocrx_word' id='word_1_81' title='bbox 769 762 822 802; x_wconf 89' lang='lat' dir='ltr'>ad</span> <span class='ocrx_word' id='word_1_82' title='bbox 842 761 1022 817; x_wconf 78' lang='lat' dir='ltr'>plebem,</span> <span class='ocrx_word' id='word_1_83' title='bbox 1046 761 1403 816; x_wconf 91' lang='lat' dir='ltr'>undecimumque</span> <span class='ocrx_word' id='word_1_84' title='bbox 1435 762 1651 803; x_wconf 88' lang='lat' dir='ltr'>tribunum</span> <span class='ocrx_word' id='word_1_85' title='bbox 1681 762 1814 818; x_wconf 85' lang='lat' dir='ltr'>plebis</span> 
     </span>
     <span class='ocr_line' id='line_1_15' title="bbox 409 818 1812 877; baseline -0.001 -15"><span class='ocrx_word' id='word_1_86' title='bbox 409 829 651 877; x_wconf 89' lang='lat' dir='ltr'>cooptatum</span> <span class='ocrx_word' id='word_1_87' title='bbox 682 819 944 868; x_wconf 82' lang='lat' dir='ltr'>seditionem,</span> <span class='ocrx_word' id='word_1_88' title='bbox 967 826 1123 859; x_wconf 89' lang='lat' dir='ltr'>motam</span> <span class='ocrx_word' id='word_1_89' title='bbox 1150 834 1202 859; x_wconf 88' lang='lat' dir='ltr'>ex</span> <span class='ocrx_word' id='word_1_90' title='bbox 1229 818 1443 859; x_wconf 63' lang='lat' dir='ltr'>BIaeliana</span> <span class='ocrx_word' id='word_1_91' title='bbox 1473 819 1612 869; x_wconf 89' lang='lat' dir='ltr'>caede,</span> <span class='ocrx_word' id='word_1_92' title='bbox 1635 820 1812 870; x_wconf 87' lang='lat' dir='ltr'>sedasse,</span> 
     </span>
     <span class='ocr_line' id='line_1_16' title="bbox 408 875 1813 925; baseline -0.001 -7"><span class='ocrx_word' id='word_1_93' title='bbox 408 878 588 918; x_wconf 79' lang='lat' dir='ltr'>invenio.</span> <span class='ocrx_word' id='word_1_94' title='bbox 655 876 857 917; x_wconf 84' lang='lat' dir='ltr'>Ceterum</span> <span class='ocrx_word' id='word_1_95' title='bbox 878 876 948 916; x_wconf 78' lang='lat' dir='ltr'>vix</span> <span class='ocrx_word' id='word_1_96' title='bbox 971 875 1167 916; x_wconf 89' lang='lat' dir='ltr'>credibile</span> <span class='ocrx_word' id='word_1_97' title='bbox 1197 885 1270 925; x_wconf 91' lang='lat' dir='ltr'>est,</span> <span class='ocrx_word' id='word_1_98' title='bbox 1298 892 1521 917; x_wconf 88' lang='lat' dir='ltr'>numerum</span> <span class='ocrx_word' id='word_1_99' title='bbox 1549 877 1813 919; x_wconf 87' lang='lat' dir='ltr'>tribunorum</span> 
     </span>
     <span class='ocr_line' id='line_1_17' title="bbox 408 933 1812 991; baseline -0.001 -15"><span class='ocrx_word' id='word_1_100' title='bbox 408 936 553 976; x_wconf 87' lang='lat' dir='ltr'>Patres</span> <span class='ocrx_word' id='word_1_101' title='bbox 571 934 713 990; x_wconf 79' lang='lat' dir='ltr'>augeri</span> <span class='ocrx_word' id='word_1_102' title='bbox 735 949 887 990; x_wconf 88' lang='lat' dir='ltr'>passos,</span> <span class='ocrx_word' id='word_1_103' title='bbox 906 933 1034 989; x_wconf 87' lang='lat' dir='ltr'>idque</span> <span class='ocrx_word' id='word_1_104' title='bbox 1051 933 1313 989; x_wconf 87' lang='lat' dir='ltr'>potissimum</span> <span class='ocrx_word' id='word_1_105' title='bbox 1331 934 1573 989; x_wconf 88' lang='lat' dir='ltr'>exemplum</span> <span class='ocrx_word' id='word_1_106' title='bbox 1594 950 1619 975; x_wconf 88' lang='lat' dir='ltr'>a</span> <span class='ocrx_word' id='word_1_107' title='bbox 1637 935 1812 991; x_wconf 87' lang='lat' dir='ltr'>patricio</span> 
     </span>
     <span class='ocr_line' id='line_1_18' title="bbox 408 991 1813 1047; baseline -0.001 -14"><span class='ocrx_word' id='word_1_108' title='bbox 408 993 579 1033; x_wconf 90' lang='lat' dir='ltr'>homine</span> <span class='ocrx_word' id='word_1_109' title='bbox 608 992 894 1032; x_wconf 90' lang='lat' dir='ltr'>introductum</span> <span class='ocrx_word' id='word_1_110' title='bbox 912 1007 922 1040; x_wconf 90' lang='lat'>;</span> <span class='ocrx_word' id='word_1_111' title='bbox 956 1006 1033 1031; x_wconf 90' lang='lat' dir='ltr'>nec</span> <span class='ocrx_word' id='word_1_112' title='bbox 1055 991 1208 1031; x_wconf 91' lang='lat' dir='ltr'>deinde</span> <span class='ocrx_word' id='word_1_113' title='bbox 1231 991 1274 1031; x_wconf 91' lang='lat' dir='ltr'>id</span> <span class='ocrx_word' id='word_1_114' title='bbox 1295 991 1462 1047; x_wconf 88' lang='lat' dir='ltr'>plebem</span> <span class='ocrx_word' id='word_1_115' title='bbox 1483 1007 1728 1033; x_wconf 90' lang='lat' dir='ltr'>concessum</span> <span class='ocrx_word' id='word_1_116' title='bbox 1749 1007 1813 1033; x_wconf 91' lang='lat' dir='ltr'>se-</span> 
     </span>
     <span class='ocr_line' id='line_1_19' title="bbox 409 1048 1842 1098; baseline -0.001 -7"><span class='ocrx_word' id='word_1_117' title='bbox 409 1050 491 1091; x_wconf 86' lang='lat' dir='ltr'>mel</span> <span class='ocrx_word' id='word_1_118' title='bbox 513 1049 754 1098; x_wconf 79' lang='lat' dir='ltr'>obtinuisse,</span> <span class='ocrx_word' id='word_1_119' title='bbox 777 1057 849 1089; x_wconf 88' lang='lat' dir='ltr'>aut</span> <span class='ocrx_word' id='word_1_120' title='bbox 870 1057 980 1089; x_wconf 89' lang='lat' dir='ltr'>certe</span> <span class='ocrx_word' id='word_1_121' title='bbox 1003 1057 1193 1089; x_wconf 84' lang='lat' dir='ltr'>tentasse.</span> <span class='ocrx_word' id='word_1_122' title='bbox 1261 1048 1345 1089; x_wconf 82' lang='lat' dir='ltr'>Sed</span> <span class='ocrx_word' id='word_1_123' title='bbox 1370 1057 1466 1089; x_wconf 85' lang='lat' dir='ltr'>ante</span> <span class='ocrx_word' id='word_1_124' title='bbox 1493 1049 1635 1090; x_wconf 86' lang='lat' dir='ltr'>onmia</span> <span class='ocrx_word' id='word_1_125' title='bbox 1661 1049 1842 1091; x_wconf 87' lang='lat' dir='ltr'>refellit5</span> 
     </span>
     <span class='ocr_line' id='line_1_20' title="bbox 407 1105 1811 1162; baseline -0.001 -14"><span class='ocrx_word' id='word_1_126' title='bbox 407 1108 557 1148; x_wconf 84' lang='lat' dir='ltr'>falsum</span> <span class='ocrx_word' id='word_1_127' title='bbox 582 1107 775 1162; x_wconf 78' lang='lat' dir='ltr'>imaginis</span> <span class='ocrx_word' id='word_1_128' title='bbox 801 1106 970 1147; x_wconf 88' lang='lat' dir='ltr'>titulum</span> <span class='ocrx_word' id='word_1_129' title='bbox 998 1106 1142 1161; x_wconf 84' lang='lat' dir='ltr'>paucis</span> <span class='ocrx_word' id='word_1_130' title='bbox 1170 1115 1265 1146; x_wconf 90' lang='lat' dir='ltr'>ante</span> <span class='ocrx_word' id='word_1_131' title='bbox 1298 1106 1418 1146; x_wconf 89' lang='lat' dir='ltr'>annis</span> <span class='ocrx_word' id='word_1_132' title='bbox 1438 1105 1529 1162; x_wconf 85' lang='lat' dir='ltr'>lege</span> <span class='ocrx_word' id='word_1_133' title='bbox 1552 1115 1734 1156; x_wconf 88' lang='lat' dir='ltr'>cautum,</span> <span class='ocrx_word' id='word_1_134' title='bbox 1757 1122 1811 1147; x_wconf 91' lang='lat' dir='ltr'>ne</span> 
     </span>
     <span class='ocr_line' id='line_1_21' title="bbox 407 1163 1201 1220; baseline -0.004 -14"><span class='ocrx_word' id='word_1_135' title='bbox 407 1165 586 1206; x_wconf 85' lang='lat' dir='ltr'>tribunis</span> <span class='ocrx_word' id='word_1_136' title='bbox 607 1164 808 1220; x_wconf 78' lang='lat' dir='ltr'>collegam</span> <span class='ocrx_word' id='word_1_137' title='bbox 831 1172 1026 1219; x_wconf 85' lang='lat' dir='ltr'>cooptare</span> <span class='ocrx_word' id='word_1_138' title='bbox 1047 1163 1201 1203; x_wconf 86' lang='lat' dir='ltr'>liceret.</span> 
     </span>
    </p>

    <p class='ocr_par' dir='ltr' id='par_1_7' title="bbox 406 1220 1843 1963">
     <span class='ocr_line' id='line_1_22' title="bbox 470 1220 1812 1277; baseline -0.001 -14"><span class='ocrx_word' id='word_1_139' title='bbox 470 1222 522 1271; x_wconf 66' lang='lat' dir='ltr'>Q„</span> <span class='ocrx_word' id='word_1_140' title='bbox 551 1221 772 1271; x_wconf 81' lang='lat' dir='ltr'>Caecilius,</span> <span class='ocrx_word' id='word_1_141' title='bbox 806 1221 858 1269; x_wconf 82' lang='lat' dir='ltr'>Q.</span> <span class='ocrx_word' id='word_1_142' title='bbox 884 1220 1044 1270; x_wconf 90' lang='lat' dir='ltr'>Iunius,</span> <span class='ocrx_word' id='word_1_143' title='bbox 1078 1220 1190 1261; x_wconf 84' lang='lat' dir='ltr'>Sext.</span> <span class='ocrx_word' id='word_1_144' title='bbox 1216 1220 1413 1269; x_wconf 88' lang='lat' dir='ltr'>Titinius,</span> <span class='ocrx_word' id='word_1_145' title='bbox 1446 1221 1518 1262; x_wconf 86' lang='lat' dir='ltr'>soli</span> <span class='ocrx_word' id='word_1_146' title='bbox 1552 1236 1604 1261; x_wconf 84' lang='lat' dir='ltr'>ex</span> <span class='ocrx_word' id='word_1_147' title='bbox 1635 1220 1812 1277; x_wconf 84' lang='lat' dir='ltr'>collegio</span> 
     </span>
     <span class='ocr_line' id='line_1_23' title="bbox 407 1278 1809 1335; baseline -0.001 -15"><span class='ocrx_word' id='word_1_148' title='bbox 407 1281 671 1321; x_wconf 85' lang='lat' dir='ltr'>tribunorum</span> <span class='ocrx_word' id='word_1_149' title='bbox 704 1294 842 1335; x_wconf 89' lang='lat' dir='ltr'>neque</span> <span class='ocrx_word' id='word_1_150' title='bbox 874 1278 1056 1319; x_wconf 89' lang='lat' dir='ltr'>tulerant</span> <span class='ocrx_word' id='word_1_151' title='bbox 1087 1278 1138 1319; x_wconf 86' lang='lat' dir='ltr'>de</span> <span class='ocrx_word' id='word_1_152' title='bbox 1170 1278 1398 1318; x_wconf 88' lang='lat' dir='ltr'>honoribus</span> <span class='ocrx_word' id='word_1_153' title='bbox 1431 1278 1613 1319; x_wconf 88' lang='lat' dir='ltr'>Minucii</span> <span class='ocrx_word' id='word_1_154' title='bbox 1645 1278 1809 1334; x_wconf 81' lang='lat' dir='ltr'>legem3</span> 
     </span>
     <span class='ocr_line' id='line_1_24' title="bbox 408 1335 1810 1392; baseline -0.001 -14"><span class='ocrx_word' id='word_1_155' title='bbox 408 1347 451 1378; x_wconf 90' lang='lat' dir='ltr'>et</span> <span class='ocrx_word' id='word_1_156' title='bbox 471 1337 681 1378; x_wconf 85' lang='lat' dir='ltr'>criminari</span> <span class='ocrx_word' id='word_1_157' title='bbox 702 1352 815 1377; x_wconf 89' lang='lat' dir='ltr'>nunc</span> <span class='ocrx_word' id='word_1_158' title='bbox 838 1336 1092 1385; x_wconf 56' lang='lat' dir='ltr'>Elinucium,</span> <span class='ocrx_word' id='word_1_159' title='bbox 1116 1351 1229 1376; x_wconf 91' lang='lat' dir='ltr'>nunc</span> <span class='ocrx_word' id='word_1_160' title='bbox 1255 1335 1476 1376; x_wconf 82' lang='lat' dir='ltr'>Servilium</span> <span class='ocrx_word' id='word_1_161' title='bbox 1498 1335 1611 1392; x_wconf 87' lang='lat' dir='ltr'>apud</span> <span class='ocrx_word' id='word_1_162' title='bbox 1630 1335 1810 1392; x_wconf 90' lang='lat' dir='ltr'>plebem,</span> 
     </span>
     <span class='ocr_line' id='line_1_25' title="bbox 409 1392 1812 1450; baseline -0.001 -15"><span class='ocrx_word' id='word_1_163' title='bbox 409 1395 612 1450; x_wconf 81' lang='lat' dir='ltr'>querique</span> <span class='ocrx_word' id='word_1_164' title='bbox 644 1394 860 1450; x_wconf 78' lang='lat' dir='ltr'>indignam</span> <span class='ocrx_word' id='word_1_165' title='bbox 893 1409 1040 1434; x_wconf 90' lang='lat' dir='ltr'>necem</span> <span class='ocrx_word' id='word_1_166' title='bbox 1064 1392 1210 1434; x_wconf 77' lang='lat' dir='ltr'>Maelii</span> <span class='ocrx_word' id='word_1_167' title='bbox 1238 1409 1325 1434; x_wconf 90' lang='lat' dir='ltr'>non</span> <span class='ocrx_word' id='word_1_168' title='bbox 1350 1393 1605 1434; x_wconf 86' lang='lat' dir='ltr'>destiterant.</span> <span class='ocrx_word' id='word_1_169' title='bbox 1668 1393 1812 1434; x_wconf 88' lang='lat' dir='ltr'>Pervi-</span> 
     </span>
     <span class='ocr_line' id='line_1_26' title="bbox 408 1450 1812 1507; baseline 0 -15"><span class='ocrx_word' id='word_1_170' title='bbox 408 1461 556 1493; x_wconf 82' lang='lat' dir='ltr'>cerunt</span> <span class='ocrx_word' id='word_1_171' title='bbox 586 1452 724 1507; x_wconf 79' lang='lat' dir='ltr'>igitur,</span> <span class='ocrx_word' id='word_1_172' title='bbox 754 1460 801 1492; x_wconf 90' lang='lat' dir='ltr'>ut</span> <span class='ocrx_word' id='word_1_173' title='bbox 832 1452 1095 1492; x_wconf 87' lang='lat' dir='ltr'>tribunorum</span> <span class='ocrx_word' id='word_1_174' title='bbox 1126 1450 1307 1491; x_wconf 87' lang='lat' dir='ltr'>militum</span> <span class='ocrx_word' id='word_1_175' title='bbox 1338 1451 1490 1506; x_wconf 88' lang='lat' dir='ltr'>potius,</span> <span class='ocrx_word' id='word_1_176' title='bbox 1513 1466 1639 1506; x_wconf 91' lang='lat' dir='ltr'>quam</span> <span class='ocrx_word' id='word_1_177' title='bbox 1661 1466 1812 1492; x_wconf 90' lang='lat' dir='ltr'>consu-</span> 
     </span>
     <span class='ocr_line' id='line_1_27' title="bbox 407 1508 1843 1564; baseline 0 -16"><span class='ocrx_word' id='word_1_178' title='bbox 407 1509 508 1558; x_wconf 87' lang='lat' dir='ltr'>lum,</span> <span class='ocrx_word' id='word_1_179' title='bbox 541 1509 709 1549; x_wconf 90' lang='lat' dir='ltr'>comitia</span> <span class='ocrx_word' id='word_1_180' title='bbox 740 1509 1016 1556; x_wconf 81' lang='lat' dir='ltr'>haberentur3</span> <span class='ocrx_word' id='word_1_181' title='bbox 1050 1508 1165 1549; x_wconf 90' lang='lat' dir='ltr'>haud</span> <span class='ocrx_word' id='word_1_182' title='bbox 1195 1508 1325 1557; x_wconf 86' lang='lat' dir='ltr'>dubii,</span> <span class='ocrx_word' id='word_1_183' title='bbox 1359 1509 1462 1564; x_wconf 89' lang='lat' dir='ltr'>quin</span> <span class='ocrx_word' id='word_1_184' title='bbox 1494 1523 1567 1549; x_wconf 86' lang='lat' dir='ltr'>sex</span> <span class='ocrx_word' id='word_1_185' title='bbox 1597 1508 1698 1549; x_wconf 94' lang='lat' dir='ltr'>locis</span> <span class='ocrx_word' id='word_1_186' title='bbox 1728 1508 1843 1564; x_wconf 87' lang='lat' dir='ltr'>(tot6</span> 
     </span>
     <span class='ocr_line' id='line_1_28' title="bbox 408 1565 1811 1621; baseline 0 -15"><span class='ocrx_word' id='word_1_187' title='bbox 408 1567 521 1607; x_wconf 91' lang='lat' dir='ltr'>enim</span> <span class='ocrx_word' id='word_1_188' title='bbox 552 1566 635 1606; x_wconf 90' lang='lat' dir='ltr'>iam</span> <span class='ocrx_word' id='word_1_189' title='bbox 664 1566 793 1606; x_wconf 90' lang='lat' dir='ltr'>creari</span> <span class='ocrx_word' id='word_1_190' title='bbox 824 1565 994 1620; x_wconf 84' lang='lat' dir='ltr'>licebat)</span> <span class='ocrx_word' id='word_1_191' title='bbox 1016 1575 1055 1606; x_wconf 90' lang='lat' dir='ltr'>et</span> <span class='ocrx_word' id='word_1_192' title='bbox 1078 1565 1231 1621; x_wconf 86' lang='lat' dir='ltr'>plebeii</span> <span class='ocrx_word' id='word_1_193' title='bbox 1261 1565 1402 1621; x_wconf 84' lang='lat' dir='ltr'>aliqui,</span> <span class='ocrx_word' id='word_1_194' title='bbox 1425 1565 1661 1621; x_wconf 90' lang='lat' dir='ltr'>profitendo</span> <span class='ocrx_word' id='word_1_195' title='bbox 1682 1580 1724 1606; x_wconf 93' lang='lat' dir='ltr'>se</span> <span class='ocrx_word' id='word_1_196' title='bbox 1746 1565 1811 1606; x_wconf 93' lang='lat' dir='ltr'>ul-</span> 
     </span>
     <span class='ocr_line' id='line_1_29' title="bbox 407 1622 1810 1679; baseline 0 -15"><span class='ocrx_word' id='word_1_197' title='bbox 407 1633 516 1664; x_wconf 85' lang='lat' dir='ltr'>tores</span> <span class='ocrx_word' id='word_1_198' title='bbox 544 1623 630 1664; x_wconf 86' lang='lat' dir='ltr'>fore</span> <span class='ocrx_word' id='word_1_199' title='bbox 654 1622 891 1664; x_wconf 81' lang='lat' dir='ltr'>Maelianae</span> <span class='ocrx_word' id='word_1_200' title='bbox 918 1623 1067 1672; x_wconf 90' lang='lat' dir='ltr'>caedis,</span> <span class='ocrx_word' id='word_1_201' title='bbox 1091 1632 1340 1663; x_wconf 85' lang='lat' dir='ltr'>crearentur.</span> <span class='ocrx_word' id='word_1_202' title='bbox 1403 1623 1542 1672; x_wconf 91' lang='lat' dir='ltr'>Plebs,</span> <span class='ocrx_word' id='word_1_203' title='bbox 1566 1638 1810 1679; x_wconf 87' lang='lat' dir='ltr'>quanquam</span> 
     </span>
     <span class='ocr_line' id='line_1_30' title="bbox 407 1680 1807 1736; baseline 0 -15"><span class='ocrx_word' id='word_1_204' title='bbox 407 1681 560 1735; x_wconf 73' lang='lat' dir='ltr'>agitata</span> <span class='ocrx_word' id='word_1_205' title='bbox 592 1680 732 1720; x_wconf 87' lang='lat' dir='ltr'>multis</span> <span class='ocrx_word' id='word_1_206' title='bbox 763 1696 813 1721; x_wconf 94' lang='lat' dir='ltr'>eo</span> <span class='ocrx_word' id='word_1_207' title='bbox 844 1695 955 1721; x_wconf 90' lang='lat' dir='ltr'>anno</span> <span class='ocrx_word' id='word_1_208' title='bbox 986 1689 1028 1720; x_wconf 92' lang='lat' dir='ltr'>et</span> <span class='ocrx_word' id='word_1_209' title='bbox 1058 1680 1180 1720; x_wconf 79' lang='lat' dir='ltr'>variis</span> <span class='ocrx_word' id='word_1_210' title='bbox 1212 1680 1393 1720; x_wconf 85' lang='lat' dir='ltr'>motibus</span> <span class='ocrx_word' id='word_1_211' title='bbox 1424 1689 1524 1729; x_wconf 90' lang='lat' dir='ltr'>erat,</span> <span class='ocrx_word' id='word_1_212' title='bbox 1550 1695 1629 1721; x_wconf 91' lang='lat' dir='ltr'>nec</span> <span class='ocrx_word' id='word_1_213' title='bbox 1654 1680 1807 1736; x_wconf 90' lang='lat' dir='ltr'>plures,</span> 
     </span>
     <span class='ocr_line' id='line_1_31' title="bbox 407 1737 1805 1793; baseline 0 -15"><span class='ocrx_word' id='word_1_214' title='bbox 407 1753 533 1793; x_wconf 89' lang='lat' dir='ltr'>quam</span> <span class='ocrx_word' id='word_1_215' title='bbox 563 1747 656 1786; x_wconf 87' lang='lat' dir='ltr'>tres,</span> <span class='ocrx_word' id='word_1_216' title='bbox 684 1737 871 1778; x_wconf 88' lang='lat' dir='ltr'>tribunos</span> <span class='ocrx_word' id='word_1_217' title='bbox 903 1737 1108 1777; x_wconf 82' lang='lat' dir='ltr'>consulari</span> <span class='ocrx_word' id='word_1_218' title='bbox 1139 1745 1343 1792; x_wconf 84' lang='lat' dir='ltr'>potestate</span> <span class='ocrx_word' id='word_1_219' title='bbox 1366 1737 1532 1785; x_wconf 87' lang='lat' dir='ltr'>creavit,</span> <span class='ocrx_word' id='word_1_220' title='bbox 1555 1745 1598 1777; x_wconf 90' lang='lat' dir='ltr'>et</span> <span class='ocrx_word' id='word_1_221' title='bbox 1618 1737 1663 1777; x_wconf 88' lang='lat' dir='ltr'>in</span> <span class='ocrx_word' id='word_1_222' title='bbox 1684 1737 1734 1777; x_wconf 88' lang='lat' dir='ltr'>iis</span> <span class='ocrx_word' id='word_1_223' title='bbox 1755 1737 1805 1778; x_wconf 91' lang='lat' dir='ltr'>L.</span> 
     </span>
     <span class='ocr_line' id='line_1_32' title="bbox 411 1793 1809 1843; baseline 0 -8"><span class='ocrx_word' id='word_1_224' title='bbox 411 1795 660 1843; x_wconf 82' lang='lat' dir='ltr'>Quinctium</span> <span class='ocrx_word' id='word_1_225' title='bbox 691 1794 935 1835; x_wconf 86' lang='lat' dir='ltr'>Cincinnati</span> <span class='ocrx_word' id='word_1_226' title='bbox 964 1794 1123 1834; x_wconf 90' lang='lat' dir='ltr'>filium:</span> <span class='ocrx_word' id='word_1_227' title='bbox 1158 1809 1211 1834; x_wconf 82' lang='lat' dir='ltr'>ex</span> <span class='ocrx_word' id='word_1_228' title='bbox 1243 1794 1360 1834; x_wconf 89' lang='lat' dir='ltr'>cuius</span> <span class='ocrx_word' id='word_1_229' title='bbox 1391 1793 1619 1835; x_wconf 81' lang='lat' dir='ltr'>dictaturae</span> <span class='ocrx_word' id='word_1_230' title='bbox 1650 1794 1809 1835; x_wconf 84' lang='lat' dir='ltr'>invidia</span> 
     </span>
     <span class='ocr_line' id='line_1_33' title="bbox 406 1850 1804 1907; baseline 0 -15"><span class='ocrx_word' id='word_1_231' title='bbox 406 1852 610 1892; x_wconf 87' lang='lat' dir='ltr'>tumultus</span> <span class='ocrx_word' id='word_1_232' title='bbox 632 1852 918 1907; x_wconf 86' lang='lat' dir='ltr'>quaerebatur.</span> <span class='ocrx_word' id='word_1_233' title='bbox 981 1851 1196 1891; x_wconf 89' lang='lat' dir='ltr'>Praelatus</span> <span class='ocrx_word' id='word_1_234' title='bbox 1218 1851 1422 1906; x_wconf 81' lang='lat' dir='ltr'>suffragiis</span> <span class='ocrx_word' id='word_1_235' title='bbox 1447 1850 1650 1898; x_wconf 82' lang='lat' dir='ltr'>Quinctio</span> <span class='ocrx_word' id='word_1_236' title='bbox 1672 1850 1804 1892; x_wconf 90' lang='lat' dir='ltr'>Mam.</span> 
     </span>
     <span class='ocr_line' id='line_1_34' title="bbox 407 1907 1804 1963; baseline 0 -14"><span class='ocrx_word' id='word_1_237' title='bbox 407 1909 627 1957; x_wconf 84' lang='lat' dir='ltr'>Aemilius,</span> <span class='ocrx_word' id='word_1_238' title='bbox 646 1909 708 1949; x_wconf 80' lang='lat' dir='ltr'>vir</span> <span class='ocrx_word' id='word_1_239' title='bbox 728 1924 914 1949; x_wconf 88' lang='lat' dir='ltr'>summae</span> <span class='ocrx_word' id='word_1_240' title='bbox 936 1908 1161 1963; x_wconf 80' lang='lat' dir='ltr'>dignitatis.</span> <span class='ocrx_word' id='word_1_241' title='bbox 1215 1908 1264 1948; x_wconf 93' lang='lat' dir='ltr'>L.</span> <span class='ocrx_word' id='word_1_242' title='bbox 1282 1907 1437 1948; x_wconf 91' lang='lat' dir='ltr'>Iulium</span> <span class='ocrx_word' id='word_1_243' title='bbox 1460 1908 1629 1949; x_wconf 87' lang='lat' dir='ltr'>tertium</span> <span class='ocrx_word' id='word_1_244' title='bbox 1651 1917 1804 1950; x_wconf 88' lang='lat' dir='ltr'>creant.</span> 
     </span>
    </p>

    <p class='ocr_par' dir='ltr' id='par_1_8' title="bbox 404 1965 1840 2084">
     <span class='ocr_line' id='line_1_35' title="bbox 463 1965 1808 2021; baseline -0.001 -14"><span class='ocrx_word' id='word_1_245' title='bbox 463 1966 515 2006; x_wconf 88' lang='lat' dir='ltr'>In</span> <span class='ocrx_word' id='word_1_246' title='bbox 544 1967 694 2007; x_wconf 90' lang='lat' dir='ltr'>horum</span> <span class='ocrx_word' id='word_1_247' title='bbox 722 1966 964 2021; x_wconf 83' lang='lat' dir='ltr'>magistratu</span> <span class='ocrx_word' id='word_1_248' title='bbox 995 1965 1191 2014; x_wconf 87' lang='lat' dir='ltr'>Fidenae,</span> <span class='ocrx_word' id='word_1_249' title='bbox 1214 1965 1378 2005; x_wconf 87' lang='lat' dir='ltr'>colonia</span> <span class='ocrx_word' id='word_1_250' title='bbox 1400 1965 1606 2015; x_wconf 82' lang='lat' dir='ltr'>Romana,</span> <span class='ocrx_word' id='word_1_251' title='bbox 1629 1965 1682 2006; x_wconf 88' lang='lat' dir='ltr'>ad</span> <span class='ocrx_word' id='word_1_252' title='bbox 1703 1965 1808 2006; x_wconf 87' lang='lat' dir='ltr'>Lar-</span> 
     </span>
     <span class='ocr_line' id='line_1_36' title="bbox 404 2018 1840 2084; baseline 0.001 -20"><span class='ocrx_word' id='word_1_253' title='bbox 404 2032 490 2064; x_wconf 90' lang='lat' dir='ltr'>tem</span> <span class='ocrx_word' id='word_1_254' title='bbox 522 2023 798 2064; x_wconf 89' lang='lat' dir='ltr'>Tolumnium</span> <span class='ocrx_word' id='word_1_255' title='bbox 829 2023 1075 2064; x_wconf 87' lang='lat' dir='ltr'>Veientium</span> <span class='ocrx_word' id='word_1_256' title='bbox 1112 2037 1254 2078; x_wconf 79' lang='lat' dir='ltr'>regem</span> <span class='ocrx_word' id='word_1_257' title='bbox 1292 2038 1338 2063; x_wconf 88' lang='lat' dir='ltr'>ac</span> <span class='ocrx_word' id='word_1_258' title='bbox 1370 2021 1573 2063; x_wconf 89' lang='lat' dir='ltr'>Veientes</span> <span class='ocrx_word' id='word_1_259' title='bbox 1603 2022 1803 2065; x_wconf 87' lang='lat' dir='ltr'>defecere.</span> <span class='ocrx_word' id='word_1_260' title='bbox 1819 2018 1840 2084; x_wconf 62' lang='lat' dir='ltr'>g</span> 
     </span>
    </p>
   </div>
   <div class='ocr_carea' id='block_1_6' title="bbox 398 2156 1084 2994">
    <p class='ocr_par' dir='ltr' id='par_1_9' title="bbox 404 2156 1083 2273">
     <span class='ocr_line' id='line_1_37' title="bbox 404 2156 1083 2197; baseline -0.003 -9"><span class='ocrx_word' id='word_1_261' title='bbox 404 2158 594 2197; x_wconf 84' lang='lat' dir='ltr'>contagione</span> <span class='ocrx_word' id='word_1_262' title='bbox 609 2158 749 2197; x_wconf 85' lang='lat' dir='ltr'>quadam</span> <span class='ocrx_word' id='word_1_263' title='bbox 769 2157 880 2187; x_wconf 76' lang='lat' dir='ltr'>vitiata</span> <span class='ocrx_word' id='word_1_264' title='bbox 901 2167 941 2187; x_wconf 87' lang='lat' dir='ltr'>ex</span> <span class='ocrx_word' id='word_1_265' title='bbox 961 2156 1083 2187; x_wconf 88' lang='lat' dir='ltr'>domini</span> 
     </span>
     <span class='ocr_line' id='line_1_38' title="bbox 404 2200 1082 2239; baseline -0.003 -9"><span class='ocrx_word' id='word_1_266' title='bbox 404 2201 535 2237; x_wconf 83' lang='lat' dir='ltr'>scelere,</span> <span class='ocrx_word' id='word_1_267' title='bbox 552 2201 606 2239; x_wconf 86' lang='lat' dir='ltr'>qui</span> <span class='ocrx_word' id='word_1_268' title='bbox 630 2200 694 2230; x_wconf 84' lang='lat' dir='ltr'>illis</span> <span class='ocrx_word' id='word_1_269' title='bbox 717 2200 850 2230; x_wconf 88' lang='lat' dir='ltr'>mercari</span> <span class='ocrx_word' id='word_1_270' title='bbox 874 2209 1006 2239; x_wconf 86' lang='lat' dir='ltr'>regnum</span> <span class='ocrx_word' id='word_1_271' title='bbox 1030 2209 1082 2229; x_wconf 77' lang='lat' dir='ltr'>vo-</span> 
     </span>
     <span class='ocr_line' id='line_1_39' title="bbox 405 2243 651 2273; baseline 0.004 -1"><span class='ocrx_word' id='word_1_272' title='bbox 405 2243 519 2273; x_wconf 88' lang='lat' dir='ltr'>luerat.</span> <span class='ocrx_word' id='word_1_273' title='bbox 545 2243 651 2273; x_wconf 74' lang='lat' dir='ltr'>CREV.</span> 
     </span>
    </p>

    <p class='ocr_par' dir='ltr' id='par_1_10' title="bbox 401 2285 1084 2408">
     <span class='ocr_line' id='line_1_40' title="bbox 454 2285 1081 2325; baseline -0.003 -10"><span class='ocrx_word' id='word_1_274' title='bbox 454 2295 469 2315; x_wconf 83' lang='lat'><strong>2</strong></span> <span class='ocrx_word' id='word_1_275' title='bbox 499 2285 776 2325; x_wconf 79' lang='lat' dir='ltr'>Aequimaelium]</span> <span class='ocrx_word' id='word_1_276' title='bbox 822 2285 1081 2323; x_wconf 76' lang='lat' dir='ltr'>Aequimaelium</span> 
     </span>
     <span class='ocr_line' id='line_1_41' title="bbox 405 2326 1084 2367; baseline -0.003 -10"><span class='ocrx_word' id='word_1_277' title='bbox 405 2327 540 2364; x_wconf 83' lang='lat' dir='ltr'>dictum,</span> <span class='ocrx_word' id='word_1_278' title='bbox 562 2329 646 2367; x_wconf 78' lang='lat' dir='ltr'>quod</span> <span class='ocrx_word' id='word_1_279' title='bbox 668 2331 805 2366; x_wconf 73' lang='lat' dir='ltr'>aequata</span> <span class='ocrx_word' id='word_1_280' title='bbox 831 2327 950 2357; x_wconf 72' lang='lat' dir='ltr'>Maelii</span> <span class='ocrx_word' id='word_1_281' title='bbox 974 2326 1084 2356; x_wconf 81' lang='lat' dir='ltr'>domus</span> 
     </span>
     <span class='ocr_line' id='line_1_42' title="bbox 401 2368 954 2408; baseline -0.002 -9"><span class='ocrx_word' id='word_1_282' title='bbox 401 2370 540 2408; x_wconf 77' lang='lat' dir='ltr'>publice.</span> <span class='ocrx_word' id='word_1_283' title='bbox 567 2369 670 2399; x_wconf 85' lang='lat' dir='ltr'>Varro</span> <span class='ocrx_word' id='word_1_284' title='bbox 689 2369 729 2398; x_wconf 88' lang='lat' dir='ltr'>de</span> <span class='ocrx_word' id='word_1_285' title='bbox 747 2369 783 2399; x_wconf 89' lang='lat' dir='ltr'>L.</span> <span class='ocrx_word' id='word_1_286' title='bbox 803 2368 839 2398; x_wconf 96' lang='lat' dir='ltr'>L.</span> <span class='ocrx_word' id='word_1_287' title='bbox 859 2378 886 2398; x_wconf 83' lang='lat' dir='ltr'>v.</span> <span class='ocrx_word' id='word_1_288' title='bbox 906 2377 954 2406; x_wconf 81' lang='lat'>32.</span> 
     </span>
    </p>

    <p class='ocr_par' dir='ltr' id='par_1_11' title="bbox 401 2409 1083 2828">
     <span class='ocr_line' id='line_1_43' title="bbox 449 2409 1082 2450; baseline -0.005 -9"><span class='ocrx_word' id='word_1_289' title='bbox 449 2421 466 2450; x_wconf 84' lang='lat'><strong>3</strong></span> <span class='ocrx_word' id='word_1_290' title='bbox 490 2413 576 2442; x_wconf 79' lang='lat' dir='ltr'>Bove</span> <span class='ocrx_word' id='word_1_291' title='bbox 600 2412 732 2448; x_wconf 81' lang='lat' dir='ltr'>aurato]</span> <span class='ocrx_word' id='word_1_292' title='bbox 776 2409 904 2440; x_wconf 85' lang='lat' dir='ltr'>Auratis</span> <span class='ocrx_word' id='word_1_293' title='bbox 930 2409 1082 2439; x_wconf 84' lang='lat' dir='ltr'>nimirum</span> 
     </span>
     <span class='ocr_line' id='line_1_44' title="bbox 404 2452 1083 2484; baseline -0.003 -1"><span class='ocrx_word' id='word_1_294' title='bbox 404 2454 562 2484; x_wconf 90' lang='lat' dir='ltr'>cornibus.</span> <span class='ocrx_word' id='word_1_295' title='bbox 618 2454 681 2484; x_wconf 83' lang='lat' dir='ltr'>Sed</span> <span class='ocrx_word' id='word_1_296' title='bbox 712 2453 843 2482; x_wconf 85' lang='lat' dir='ltr'>turbant</span> <span class='ocrx_word' id='word_1_297' title='bbox 873 2452 954 2482; x_wconf 87' lang='lat' dir='ltr'>haec</span> <span class='ocrx_word' id='word_1_298' title='bbox 986 2453 1083 2481; x_wconf 83' lang='lat' dir='ltr'>verba</span> 
     </span>
     <span class='ocr_line' id='line_1_45' title="bbox 401 2493 1081 2535; baseline -0.004 -9"><span class='ocrx_word' id='word_1_299' title='bbox 401 2501 495 2526; x_wconf 73' lang='lat' dir='ltr'>eoetra</span> <span class='ocrx_word' id='word_1_300' title='bbox 523 2501 649 2535; x_wconf 83' lang='lat' dir='ltr'>portam</span> <span class='ocrx_word' id='word_1_301' title='bbox 679 2496 904 2534; x_wconf 74' lang='lat' dir='ltr'>Triyeminam.</span> <span class='ocrx_word' id='word_1_302' title='bbox 952 2494 992 2524; x_wconf 89' lang='lat' dir='ltr'>In</span> <span class='ocrx_word' id='word_1_303' title='bbox 1022 2493 1081 2523; x_wconf 85' lang='lat' dir='ltr'>tali</span> 
     </span>
     <span class='ocr_line' id='line_1_46' title="bbox 404 2535 1082 2576; baseline -0.003 -9"><span class='ocrx_word' id='word_1_304' title='bbox 404 2538 489 2568; x_wconf 92' lang='lat' dir='ltr'>dono</span> <span class='ocrx_word' id='word_1_305' title='bbox 505 2538 616 2576; x_wconf 88' lang='lat' dir='ltr'>inepta</span> <span class='ocrx_word' id='word_1_306' title='bbox 634 2541 680 2567; x_wconf 85' lang='lat' dir='ltr'>est</span> <span class='ocrx_word' id='word_1_307' title='bbox 698 2537 819 2567; x_wconf 89' lang='lat' dir='ltr'>mentio</span> <span class='ocrx_word' id='word_1_308' title='bbox 836 2536 908 2567; x_wconf 89' lang='lat' dir='ltr'>loci.</span> <span class='ocrx_word' id='word_1_309' title='bbox 956 2535 1082 2566; x_wconf 82' lang='lat' dir='ltr'>Plinius</span> 
     </span>
     <span class='ocr_line' id='line_1_47' title="bbox 403 2579 1079 2618; baseline -0.003 -9"><span class='ocrx_word' id='word_1_310' title='bbox 403 2580 550 2609; x_wconf 84' lang='lat' dir='ltr'>Minucio</span> <span class='ocrx_word' id='word_1_311' title='bbox 573 2584 712 2609; x_wconf 80' lang='lat' dir='ltr'>statuam</span> <span class='ocrx_word' id='word_1_312' title='bbox 737 2579 874 2618; x_wconf 86' lang='lat' dir='ltr'>positam</span> <span class='ocrx_word' id='word_1_313' title='bbox 896 2582 987 2608; x_wconf 83' lang='lat' dir='ltr'>extra</span> <span class='ocrx_word' id='word_1_314' title='bbox 1009 2588 1079 2617; x_wconf 90' lang='lat' dir='ltr'>por-</span> 
     </span>
     <span class='ocr_line' id='line_1_48' title="bbox 402 2620 1079 2661; baseline -0.001 -11"><span class='ocrx_word' id='word_1_315' title='bbox 402 2626 467 2651; x_wconf 82' lang='lat' dir='ltr'>tam</span> <span class='ocrx_word' id='word_1_316' title='bbox 486 2621 705 2661; x_wconf 83' lang='lat' dir='ltr'>Trigeminam</span> <span class='ocrx_word' id='word_1_317' title='bbox 723 2625 889 2651; x_wconf 86' lang='lat' dir='ltr'>memorat.</span> <span class='ocrx_word' id='word_1_318' title='bbox 907 2620 994 2650; x_wconf 80' lang='lat' dir='ltr'>xviii.</span> <span class='ocrx_word' id='word_1_319' title='bbox 1008 2632 1036 2658; x_wconf 84' lang='lat'>4.</span> <span class='ocrx_word' id='word_1_320' title='bbox 1048 2624 1079 2650; x_wconf 86' lang='lat' dir='ltr'>et</span> 
     </span>
     <span class='ocr_line' id='line_1_49' title="bbox 401 2663 1079 2702; baseline -0.001 -9"><span class='ocrx_word' id='word_1_321' title='bbox 401 2664 511 2693; x_wconf 81' lang='lat' dir='ltr'>xxxiv.</span> <span class='ocrx_word' id='word_1_322' title='bbox 533 2674 579 2693; x_wconf 90' lang='lat'>11.</span> <span class='ocrx_word' id='word_1_323' title='bbox 627 2664 693 2694; x_wconf 89' lang='lat' dir='ltr'>Hic</span> <span class='ocrx_word' id='word_1_324' title='bbox 716 2674 789 2702; x_wconf 84' lang='lat' dir='ltr'>ergo</span> <span class='ocrx_word' id='word_1_325' title='bbox 813 2663 915 2693; x_wconf 85' lang='lat' dir='ltr'>scribe</span> <span class='ocrx_word' id='word_1_326' title='bbox 933 2664 1007 2693; x_wconf 75' lang='lat' dir='ltr'>bove</span> <span class='ocrx_word' id='word_1_327' title='bbox 1023 2673 1079 2692; x_wconf 83' lang='lat' dir='ltr'>au-</span> 
     </span>
     <span class='ocr_line' id='line_1_50' title="bbox 401 2706 1075 2741; baseline -0.001 -7"><span class='ocrx_word' id='word_1_328' title='bbox 401 2711 483 2741; x_wconf 74' lang='lat' dir='ltr'>rato,</span> <span class='ocrx_word' id='word_1_329' title='bbox 498 2711 529 2736; x_wconf 83' lang='lat' dir='ltr'>et</span> <span class='ocrx_word' id='word_1_330' title='bbox 543 2711 651 2736; x_wconf 77' lang='lat' dir='ltr'>statua</span> <span class='ocrx_word' id='word_1_331' title='bbox 673 2711 776 2736; x_wconf 65' lang='lat' dir='ltr'>ea‘lra.</span> <span class='ocrx_word' id='word_1_332' title='bbox 802 2706 907 2736; x_wconf 74' lang='lat' dir='ltr'><strong>CREV.</strong></span> <span class='ocrx_word' id='word_1_333' title='bbox 953 2706 998 2734; x_wconf 82' lang='lat' dir='ltr'>Et</span> <span class='ocrx_word' id='word_1_334' title='bbox 1013 2709 1075 2734; x_wconf 78' lang='lat' dir='ltr'>sla-</span> 
     </span>
     <span class='ocr_line' id='line_1_51' title="bbox 402 2746 1075 2786; baseline 0.003 -11"><span class='ocrx_word' id='word_1_335' title='bbox 402 2751 458 2776; x_wconf 77' lang='lat' dir='ltr'>tmz</span> <span class='ocrx_word' id='word_1_336' title='bbox 489 2748 710 2786; x_wconf 82' lang='lat' dir='ltr'>reponendum</span> <span class='ocrx_word' id='word_1_337' title='bbox 745 2751 853 2778; x_wconf 82' lang='lat' dir='ltr'>censet</span> <span class='ocrx_word' id='word_1_338' title='bbox 878 2747 1015 2777; x_wconf 84' lang='lat' dir='ltr'>Niebhr.</span> <span class='ocrx_word' id='word_1_339' title='bbox 1044 2746 1075 2777; x_wconf 92' lang='lat' dir='ltr'>ii.</span> 
     </span>
     <span class='ocr_line' id='line_1_52' title="bbox 401 2790 819 2828; baseline 0.007 -12"><span class='ocrx_word' id='word_1_340' title='bbox 401 2797 432 2817; x_wconf 92' lang='lat' dir='ltr'>n.</span> <span class='ocrx_word' id='word_1_341' title='bbox 449 2797 520 2827; x_wconf 83' lang='lat'>937.</span> <span class='ocrx_word' id='word_1_342' title='bbox 554 2790 591 2818; x_wconf 87' lang='lat' dir='ltr'>cf.</span> <span class='ocrx_word' id='word_1_343' title='bbox 613 2790 681 2819; x_wconf 68' lang='lat' dir='ltr'>Liv.</span> <span class='ocrx_word' id='word_1_344' title='bbox 701 2790 751 2819; x_wconf 73' lang='lat' dir='ltr'>vii.</span> <span class='ocrx_word' id='word_1_345' title='bbox 771 2798 819 2828; x_wconf 83' lang='lat'>37.</span> 
     </span>
    </p>

    <p class='ocr_par' dir='ltr' id='par_1_12' title="bbox 398 2832 1076 2994">
     <span class='ocr_line' id='line_1_53' title="bbox 444 2832 1072 2868; baseline 0.002 -9"><span class='ocrx_word' id='word_1_346' title='bbox 444 2841 463 2866; x_wconf 86' lang='lat'>4</span> <span class='ocrx_word' id='word_1_347' title='bbox 487 2832 622 2861; x_wconf 64' lang='lat' dir='ltr'>Ass-ibus</span> <span class='ocrx_word' id='word_1_348' title='bbox 649 2833 684 2861; x_wconf 79' lang='lat' dir='ltr'>in</span> <span class='ocrx_word' id='word_1_349' title='bbox 710 2833 826 2861; x_wconf 77' lang='lat' dir='ltr'>modios</span> <span class='ocrx_word' id='word_1_350' title='bbox 854 2832 1072 2868; x_wconf 79' lang='lat' dir='ltr'>aestimatum]</span> 
     </span>
     <span class='ocr_line' id='line_1_54' title="bbox 400 2870 1075 2911; baseline 0.004 -12"><span class='ocrx_word' id='word_1_351' title='bbox 400 2870 438 2899; x_wconf 89' lang='lat' dir='ltr'>cf.</span> <span class='ocrx_word' id='word_1_352' title='bbox 451 2870 519 2900; x_wconf 87' lang='lat' dir='ltr'>Cic.</span> <span class='ocrx_word' id='word_1_353' title='bbox 533 2872 596 2902; x_wconf 81' lang='lat' dir='ltr'>Off.</span> <span class='ocrx_word' id='word_1_354' title='bbox 608 2873 639 2902; x_wconf 91' lang='lat' dir='ltr'>ii.</span> <span class='ocrx_word' id='word_1_355' title='bbox 656 2882 701 2911; x_wconf 85' lang='lat'>17.</span> <span class='ocrx_word' id='word_1_356' title='bbox 727 2874 809 2903; x_wconf 82' lang='lat' dir='ltr'>“Ne</span> <span class='ocrx_word' id='word_1_357' title='bbox 820 2874 933 2904; x_wconf 88' lang='lat' dir='ltr'>Marco</span> <span class='ocrx_word' id='word_1_358' title='bbox 945 2873 1075 2911; x_wconf 90' lang='lat' dir='ltr'>quidem</span> 
     </span>
     <span class='ocr_line' id='line_1_55' title="bbox 400 2912 1076 2953; baseline 0.006 -13"><span class='ocrx_word' id='word_1_359' title='bbox 400 2912 473 2941; x_wconf 83' lang='lat' dir='ltr'>Seio</span> <span class='ocrx_word' id='word_1_360' title='bbox 492 2912 567 2941; x_wconf 73' lang='lat' dir='ltr'>vitio</span> <span class='ocrx_word' id='word_1_361' title='bbox 584 2914 695 2942; x_wconf 82' lang='lat' dir='ltr'>datum</span> <span class='ocrx_word' id='word_1_362' title='bbox 716 2919 764 2944; x_wconf 85' lang='lat' dir='ltr'>est</span> <span class='ocrx_word' id='word_1_363' title='bbox 780 2915 866 2953; x_wconf 87' lang='lat' dir='ltr'>quod</span> <span class='ocrx_word' id='word_1_364' title='bbox 888 2915 920 2944; x_wconf 87' lang='lat' dir='ltr'>in</span> <span class='ocrx_word' id='word_1_365' title='bbox 943 2915 1076 2944; x_wconf 80' lang='lat' dir='ltr'>caritate</span> 
     </span>
     <span class='ocr_line' id='line_1_56' title="bbox 398 2955 1076 2994; baseline 0.006 -12"><span class='ocrx_word' id='word_1_366' title='bbox 398 2963 556 2990; x_wconf 84' lang='lat' dir='ltr'>annonae,</span> <span class='ocrx_word' id='word_1_367' title='bbox 574 2963 642 2983; x_wconf 83' lang='lat' dir='ltr'>asse</span> <span class='ocrx_word' id='word_1_368' title='bbox 658 2955 802 2984; x_wconf 86' lang='lat' dir='ltr'>modium</span> <span class='ocrx_word' id='word_1_369' title='bbox 817 2957 938 2994; x_wconf 90' lang='lat' dir='ltr'>populo</span> <span class='ocrx_word' id='word_1_370' title='bbox 952 2956 1076 2987; x_wconf 86' lang='lat' dir='ltr'>dedit.&#39;&#39;</span> 
     </span>
    </p>
   </div>
   <div class='ocr_carea' id='block_1_7' title="bbox 1120 2157 1828 2994">
    <p class='ocr_par' dir='ltr' id='par_1_13' title="bbox 1126 2157 1806 2356">
     <span class='ocr_line' id='line_1_57' title="bbox 1172 2157 1806 2197; baseline 0.002 -10"><span class='ocrx_word' id='word_1_371' title='bbox 1172 2167 1189 2196; x_wconf 80' lang='lat'>5</span> <span class='ocrx_word' id='word_1_372' title='bbox 1213 2157 1347 2195; x_wconf 78' lang='lat' dir='ltr'>Refellit</span> <span class='ocrx_word' id='word_1_373' title='bbox 1355 2157 1499 2195; x_wconf 83' lang='lat' dir='ltr'>falsum]</span> <span class='ocrx_word' id='word_1_374' title='bbox 1537 2157 1578 2187; x_wconf 91' lang='lat' dir='ltr'>Id</span> <span class='ocrx_word' id='word_1_375' title='bbox 1594 2157 1710 2197; x_wconf 84' lang='lat' dir='ltr'>probat</span> <span class='ocrx_word' id='word_1_376' title='bbox 1725 2158 1806 2188; x_wconf 85' lang='lat' dir='ltr'>falso</span> 
     </span>
     <span class='ocr_line' id='line_1_58' title="bbox 1127 2199 1806 2238; baseline 0.003 -10"><span class='ocrx_word' id='word_1_377' title='bbox 1127 2199 1302 2238; x_wconf 86' lang='lat' dir='ltr'>ascriptum</span> <span class='ocrx_word' id='word_1_378' title='bbox 1327 2209 1394 2229; x_wconf 86' lang='lat' dir='ltr'>esse</span> <span class='ocrx_word' id='word_1_379' title='bbox 1417 2199 1549 2238; x_wconf 87' lang='lat' dir='ltr'>imagini</span> <span class='ocrx_word' id='word_1_380' title='bbox 1567 2199 1706 2230; x_wconf 84' lang='lat' dir='ltr'>Minucii</span> <span class='ocrx_word' id='word_1_381' title='bbox 1730 2199 1806 2230; x_wconf 83' lang='lat' dir='ltr'>titu-</span> 
     </span>
     <span class='ocr_line' id='line_1_59' title="bbox 1128 2237 1805 2282; baseline 0.003 -12"><span class='ocrx_word' id='word_1_382' title='bbox 1128 2242 1195 2270; x_wconf 88' lang='lat' dir='ltr'>lum</span> <span class='ocrx_word' id='word_1_383' title='bbox 1221 2241 1413 2279; x_wconf 85' lang='lat' dir='ltr'>tribunatus,</span> <span class='ocrx_word' id='word_1_384' title='bbox 1436 2242 1523 2280; x_wconf 90' lang='lat' dir='ltr'>quod</span> <span class='ocrx_word' id='word_1_385' title='bbox 1546 2242 1628 2281; x_wconf 85' lang='lat' dir='ltr'>lege,</span> <span class='ocrx_word' id='word_1_386' title='bbox 1650 2237 1712 2282; x_wconf 76' lang='lat' dir='ltr'>(sc.</span> <span class='ocrx_word' id='word_1_387' title='bbox 1727 2242 1805 2272; x_wconf 87' lang='lat' dir='ltr'>Tre-</span> 
     </span>
     <span class='ocr_line' id='line_1_60' title="bbox 1127 2282 1805 2323; baseline 0.003 -11"><span class='ocrx_word' id='word_1_388' title='bbox 1127 2283 1223 2313; x_wconf 84' lang='lat' dir='ltr'>bonia</span> <span class='ocrx_word' id='word_1_389' title='bbox 1250 2294 1335 2322; x_wconf 89' lang='lat' dir='ltr'>supr.</span> <span class='ocrx_word' id='word_1_390' title='bbox 1363 2283 1406 2314; x_wconf 90' lang='lat' dir='ltr'>iii.</span> <span class='ocrx_word' id='word_1_391' title='bbox 1435 2282 1504 2323; x_wconf 79' lang='lat'><strong>65‚)</strong></span> <span class='ocrx_word' id='word_1_392' title='bbox 1529 2288 1662 2314; x_wconf 85' lang='lat' dir='ltr'>cautum</span> <span class='ocrx_word' id='word_1_393' title='bbox 1687 2284 1805 2322; x_wconf 85' lang='lat' dir='ltr'>fuerat,</span> 
     </span>
     <span class='ocr_line' id='line_1_61' title="bbox 1126 2326 1374 2356; baseline 0.004 -1"><span class='ocrx_word' id='word_1_394' title='bbox 1126 2336 1168 2355; x_wconf 90' lang='lat' dir='ltr'>ne</span> <span class='ocrx_word' id='word_1_395' title='bbox 1185 2329 1244 2355; x_wconf 86' lang='lat' dir='ltr'>etc.</span> <span class='ocrx_word' id='word_1_396' title='bbox 1268 2326 1374 2356; x_wconf 71' lang='lat' dir='ltr'>CREv.</span> 
     </span>
    </p>

    <p class='ocr_par' dir='ltr' id='par_1_14' title="bbox 1126 2366 1804 2566">
     <span class='ocr_line' id='line_1_62' title="bbox 1174 2366 1801 2406; baseline 0.002 -9"><span class='ocrx_word' id='word_1_397' title='bbox 1174 2366 1193 2398; x_wconf 94' lang='lat'><strong>6</strong></span> <span class='ocrx_word' id='word_1_398' title='bbox 1226 2369 1281 2398; x_wconf 81' lang='lat' dir='ltr'>Tot</span> <span class='ocrx_word' id='word_1_399' title='bbox 1310 2368 1396 2398; x_wconf 82' lang='lat' dir='ltr'>enim</span> <span class='ocrx_word' id='word_1_400' title='bbox 1425 2369 1490 2397; x_wconf 79' lang='lat' dir='ltr'>iam</span> <span class='ocrx_word' id='word_1_401' title='bbox 1526 2369 1632 2398; x_wconf 78' lang='lat' dir='ltr'>creari</span> <span class='ocrx_word' id='word_1_402' title='bbox 1668 2368 1801 2406; x_wconf 79' lang='lat' dir='ltr'>licebat]</span> 
     </span>
     <span class='ocr_line' id='line_1_63' title="bbox 1127 2409 1804 2448; baseline 0.001 -9"><span class='ocrx_word' id='word_1_403' title='bbox 1127 2409 1249 2439; x_wconf 86' lang='lat' dir='ltr'>Mirum</span> <span class='ocrx_word' id='word_1_404' title='bbox 1267 2409 1410 2448; x_wconf 82' lang='lat' dir='ltr'>quidem,</span> <span class='ocrx_word' id='word_1_405' title='bbox 1425 2409 1450 2439; x_wconf 85' lang='lat' dir='ltr'>si</span> <span class='ocrx_word' id='word_1_406' title='bbox 1466 2419 1516 2439; x_wconf 85' lang='lat' dir='ltr'>res</span> <span class='ocrx_word' id='word_1_407' title='bbox 1532 2409 1578 2439; x_wconf 87' lang='lat' dir='ltr'>ita</span> <span class='ocrx_word' id='word_1_408' title='bbox 1593 2419 1626 2439; x_wconf 88' lang='lat' dir='ltr'>se</span> <span class='ocrx_word' id='word_1_409' title='bbox 1643 2409 1804 2448; x_wconf 82' lang='lat' dir='ltr'>habuerit,</span> 
     </span>
     <span class='ocr_line' id='line_1_64' title="bbox 1127 2451 1802 2490; baseline 0.003 -9"><span class='ocrx_word' id='word_1_410' title='bbox 1127 2452 1213 2490; x_wconf 91' lang='lat' dir='ltr'>quod</span> <span class='ocrx_word' id='word_1_411' title='bbox 1241 2461 1325 2482; x_wconf 89' lang='lat' dir='ltr'>anno</span> <span class='ocrx_word' id='word_1_412' title='bbox 1352 2460 1414 2490; x_wconf 83' lang='lat'>350</span> <span class='ocrx_word' id='word_1_413' title='bbox 1439 2451 1483 2482; x_wconf 87' lang='lat' dir='ltr'>U.</span> <span class='ocrx_word' id='word_1_414' title='bbox 1506 2451 1543 2482; x_wconf 90' lang='lat' dir='ltr'>C.</span> <span class='ocrx_word' id='word_1_415' title='bbox 1569 2451 1689 2481; x_wconf 81' lang='lat' dir='ltr'>tribuni</span> <span class='ocrx_word' id='word_1_416' title='bbox 1716 2462 1802 2483; x_wconf 87' lang='lat' dir='ltr'>cons.</span> 
     </span>
     <span class='ocr_line' id='line_1_65' title="bbox 1126 2493 1803 2533; baseline 0.001 -10"><span class='ocrx_word' id='word_1_417' title='bbox 1126 2498 1240 2533; x_wconf 83' lang='lat' dir='ltr'>potest.</span> <span class='ocrx_word' id='word_1_418' title='bbox 1273 2493 1428 2523; x_wconf 86' lang='lat' dir='ltr'>militares</span> <span class='ocrx_word' id='word_1_419' title='bbox 1459 2503 1514 2524; x_wconf 87' lang='lat' dir='ltr'>sex</span> <span class='ocrx_word' id='word_1_420' title='bbox 1550 2493 1630 2524; x_wconf 85' lang='lat' dir='ltr'>loeis</span> <span class='ocrx_word' id='word_1_421' title='bbox 1661 2493 1803 2533; x_wconf 90' lang='lat' dir='ltr'>primum</span> 
     </span>
     <span class='ocr_line' id='line_1_66' title="bbox 1127 2535 1313 2566; baseline 0.005 -1"><span class='ocrx_word' id='word_1_422' title='bbox 1127 2535 1224 2565; x_wconf 86' lang='lat' dir='ltr'>creati</span> <span class='ocrx_word' id='word_1_423' title='bbox 1242 2535 1313 2566; x_wconf 82' lang='lat' dir='ltr'>sint.</span> 
     </span>
    </p>

    <p class='ocr_par' dir='ltr' id='par_1_15' title="bbox 1120 2578 1828 2944">
     <span class='ocr_line' id='line_1_67' title="bbox 1176 2578 1803 2617; baseline 0.003 -10"><span class='ocrx_word' id='word_1_424' title='bbox 1176 2586 1191 2616; x_wconf 93' lang='lat'>7</span> <span class='ocrx_word' id='word_1_425' title='bbox 1224 2579 1399 2608; x_wconf 72' lang='lat' dir='ltr'>Veientium</span> <span class='ocrx_word' id='word_1_426' title='bbox 1425 2579 1547 2617; x_wconf 71' lang='lat' dir='ltr'>reyem]</span> <span class='ocrx_word' id='word_1_427' title='bbox 1589 2578 1803 2609; x_wconf 87' lang='lat' dir='ltr'>Tolumnium</span> 
     </span>
     <span class='ocr_line' id='line_1_68' title="bbox 1126 2619 1803 2660; baseline 0.001 -10"><span class='ocrx_word' id='word_1_428' title='bbox 1126 2619 1366 2659; x_wconf 79' lang='lat' dir='ltr'>Tyrrhenorum</span> <span class='ocrx_word' id='word_1_429' title='bbox 1410 2631 1517 2660; x_wconf 89' lang='lat' dir='ltr'>regem</span> <span class='ocrx_word' id='word_1_430' title='bbox 1554 2620 1652 2651; x_wconf 80' lang='lat' dir='ltr'>fuisse</span> <span class='ocrx_word' id='word_1_431' title='bbox 1693 2621 1803 2652; x_wconf 81' lang='lat' dir='ltr'>scribit</span> 
     </span>
     <span class='ocr_line' id='line_1_69' title="bbox 1126 2662 1828 2694; baseline 0.003 -3"><span class='ocrx_word' id='word_1_432' title='bbox 1126 2662 1224 2692; x_wconf 87' lang='lat' dir='ltr'>Dion.</span> <span class='ocrx_word' id='word_1_433' title='bbox 1249 2662 1282 2692; x_wconf 91' lang='lat' dir='ltr'>in</span> <span class='ocrx_word' id='word_1_434' title='bbox 1312 2662 1393 2692; x_wconf 83' lang='lat' dir='ltr'>Exc.</span> <span class='ocrx_word' id='word_1_435' title='bbox 1423 2663 1499 2693; x_wconf 76' lang='lat' dir='ltr'>Vat.</span> <span class='ocrx_word' id='word_1_436' title='bbox 1532 2662 1587 2692; x_wconf 84' lang='lat' dir='ltr'>xii.</span> <span class='ocrx_word' id='word_1_437' title='bbox 1616 2673 1643 2693; x_wconf 65' lang='grc' dir='ltr'>α.</span> <span class='ocrx_word' id='word_1_438' title='bbox 1699 2663 1828 2694; x_wconf 42' lang='grc' dir='ltr'>Ηειιιόῳ</span> 
     </span>
     <span class='ocr_line' id='line_1_70' title="bbox 1121 2704 1800 2735; baseline 0.001 -2"><span class='ocrx_word' id='word_1_439' title='bbox 1121 2704 1185 2734; x_wconf 83' lang='lat' dir='ltr'>scio</span> <span class='ocrx_word' id='word_1_440' title='bbox 1209 2714 1248 2734; x_wconf 89' lang='lat' dir='ltr'>an</span> <span class='ocrx_word' id='word_1_441' title='bbox 1274 2714 1330 2734; x_wconf 84' lang='lat' dir='ltr'>rex</span> <span class='ocrx_word' id='word_1_442' title='bbox 1348 2705 1403 2735; x_wconf 87' lang='lat' dir='ltr'>ille</span> <span class='ocrx_word' id='word_1_443' title='bbox 1422 2705 1611 2735; x_wconf 85' lang='lat' dir='ltr'>Veientium</span> <span class='ocrx_word' id='word_1_444' title='bbox 1634 2705 1720 2735; x_wconf 88' lang='lat' dir='ltr'>idem</span> <span class='ocrx_word' id='word_1_445' title='bbox 1744 2715 1800 2735; x_wconf 86' lang='lat' dir='ltr'>rex</span> 
     </span>
     <span class='ocr_line' id='line_1_71' title="bbox 1122 2746 1800 2785; baseline 0.001 -10"><span class='ocrx_word' id='word_1_446' title='bbox 1122 2746 1363 2785; x_wconf 66' lang='lat' dir='ltr'>Tyrrhenorum</span> <span class='ocrx_word' id='word_1_447' title='bbox 1401 2747 1508 2784; x_wconf 82' lang='lat' dir='ltr'>fuerit,</span> <span class='ocrx_word' id='word_1_448' title='bbox 1541 2746 1589 2776; x_wconf 85' lang='lat' dir='ltr'>uti</span> <span class='ocrx_word' id='word_1_449' title='bbox 1626 2757 1696 2777; x_wconf 84' lang='lat' dir='ltr'>mos</span> <span class='ocrx_word' id='word_1_450' title='bbox 1733 2751 1800 2777; x_wconf 86' lang='lat' dir='ltr'>erat</span> 
     </span>
     <span class='ocr_line' id='line_1_72' title="bbox 1121 2787 1799 2829; baseline 0.001 -11"><span class='ocrx_word' id='word_1_451' title='bbox 1121 2789 1208 2827; x_wconf 87' lang='lat' dir='ltr'>apud</span> <span class='ocrx_word' id='word_1_452' title='bbox 1228 2789 1380 2819; x_wconf 80' lang='lat' dir='ltr'>Etruscos</span> <span class='ocrx_word' id='word_1_453' title='bbox 1404 2799 1460 2829; x_wconf 86' lang='lat' dir='ltr'>per</span> <span class='ocrx_word' id='word_1_454' title='bbox 1481 2789 1569 2819; x_wconf 82' lang='lat' dir='ltr'>bella</span> <span class='ocrx_word' id='word_1_455' title='bbox 1592 2799 1699 2828; x_wconf 87' lang='lat' dir='ltr'>regem</span> <span class='ocrx_word' id='word_1_456' title='bbox 1716 2787 1799 2829; x_wconf 89' lang='lat' dir='ltr'>(An—</span> 
     </span>
     <span class='ocr_line' id='line_1_73' title="bbox 1120 2831 1798 2871; baseline 0.001 -12"><span class='ocrx_word' id='word_1_457' title='bbox 1120 2831 1214 2870; x_wconf 78' lang='lat' dir='ltr'>glice,</span> <span class='ocrx_word' id='word_1_458' title='bbox 1225 2842 1244 2860; x_wconf 90' lang='grc' dir='ltr'><em>α</em></span> <span class='ocrx_word' id='word_1_459' title='bbox 1257 2831 1436 2871; x_wconf 64' lang='lat' dir='ltr'>war-kriny)</span> <span class='ocrx_word' id='word_1_460' title='bbox 1451 2831 1666 2861; x_wconf 86' lang='lat' dir='ltr'>communiter</span> <span class='ocrx_word' id='word_1_461' title='bbox 1681 2840 1798 2867; x_wconf 85' lang='lat' dir='ltr'>creare,</span> 
     </span>
     <span class='ocr_line' id='line_1_74' title="bbox 1121 2871 1797 2913; baseline 0 -11"><span class='ocrx_word' id='word_1_462' title='bbox 1121 2872 1175 2911; x_wconf 90' lang='lat' dir='ltr'>qui</span> <span class='ocrx_word' id='word_1_463' title='bbox 1192 2873 1363 2903; x_wconf 82' lang='lat' dir='ltr'>duodecim</span> <span class='ocrx_word' id='word_1_464' title='bbox 1387 2873 1516 2913; x_wconf 83' lang='lat' dir='ltr'>populis</span> <span class='ocrx_word' id='word_1_465' title='bbox 1534 2872 1678 2902; x_wconf 86' lang='lat' dir='ltr'>Etruscis</span> <span class='ocrx_word' id='word_1_466' title='bbox 1696 2871 1797 2911; x_wconf 88' lang='lat' dir='ltr'>impe-</span> 
     </span>
     <span class='ocr_line' id='line_1_75' title="bbox 1120 2918 1214 2944; baseline 0.011 -1"><span class='ocrx_word' id='word_1_467' title='bbox 1120 2918 1214 2944; x_wconf 84' lang='lat' dir='ltr'>raret.</span> 
     </span>
    </p>

    <p class='ocr_par' dir='ltr' id='par_1_16' title="bbox 1164 2955 1798 2994">
     <span class='ocr_line' id='line_1_76' title="bbox 1164 2955 1798 2994; baseline 0.002 -8"><span class='ocrx_word' id='word_1_468' title='bbox 1164 2957 1183 2986; x_wconf 89' lang='grc'><em>8</em></span> <span class='ocrx_word' id='word_1_469' title='bbox 1206 2957 1380 2994; x_wconf 83' lang='lat' dir='ltr'>Defecere]</span> <span class='ocrx_word' id='word_1_470' title='bbox 1423 2955 1574 2986; x_wconf 80' lang='lat' dir='ltr'>Indutiae</span> <span class='ocrx_word' id='word_1_471' title='bbox 1603 2955 1798 2987; x_wconf 84' lang='lat' dir='ltr'>Veientibus</span> 
     </span>
    </p>
   </div>
  </div>
 </body>
</html>
