1934 3211
182 289 221 320 U
239 288 276 319 C·
295 297 366 327 344-

175 332 214 361 A.
239 331 278 362 C.
294 332 367 370 408.

175 374 224 404 M.
239 373 310 412 Pap
313 373 383 412 irio,

175 416 213 446 C.
227 415 352 446 Nautio

176 457 267 488 Coss.

178 500 297 539 Inopia

175 543 312 582 frugum.
358 561 362 565 -

249 1088 316 1124 53.

181 1141 224 1171 U.
243 1142 280 1172 C.
298 1149 370 1180 345.

180 1184 219 1213 A.
244 1184 281 1214 C.
299 1192 369 1222 407.

179 1225 282 1255 Mam.
298 1227 359 1255 Ae-

179 1267 281 1303 milio,
299 1268 336 1298 C.

181 1309 314 1339 Valerio

180 1351 270 1382 Coss.

181 1393 314 1423 Bellum

181 1445 254 1465 cum
271 1436 333 1466 Ae-

180 1477 259 1517 quis.

394 195 477 236 278
908 194 1056 236 ΤΙΤΙ
1099 193 1279 235 LIVII

396 282 458 323 M.
482 283 653 339 Papirio
691 283 901 333 Atratino,
937 284 987 325 C.
1014 284 1174 325 Nautio
1208 283 1356 325 Rutilo
1388 283 1640 325 consulibus.
1703 281 1828 324 Iam6

394 340 434 380 fa
411 355 536 390 ames,
572 356 699 396 quam
740 341 990 396 pestilentia,
1025 342 1182 383 tristior
1218 350 1328 382 erat:
1373 341 1430 390 ni,
1468 340 1649 381 dimissis
1685 340 1797 381 circa

396 413 541 439 omnes
562 397 739 454 populos
760 398 919 454 legatis,
938 399 1012 454 qui
1035 398 1262 439 Etruscum
1278 413 1405 447 mare,
1424 398 1582 454 quique
1604 397 1797 438 Tiberim

396 455 602 504 accolunt,
635 455 689 495 ad
724 455 982 496 frumentum
1014 456 1301 504 mercandum,
1334 470 1525 496 annonae
1557 455 1665 496 foret
1699 455 1797 495 sub-

394 521 580 552 ventum.
646 512 833 568 Superbe
866 514 917 553 ab
953 512 1221 561 Samnitibus,
1255 513 1328 567 qui
1363 512 1554 568 Capuam
1585 512 1798 552 habebant

399 569 655 624 Cumasque,
678 569 805 624 legati
833 570 1034 625 prohibiti
1055 569 1306 610 commercio
1334 579 1453 609 sunt:
1488 577 1634 610 contra
1654 584 1705 609 ea
1724 569 1797 609 be-

395 627 524 681 nigne
547 628 597 667 ab
631 626 867 667 Siculorum
889 627 1077 681 tyrannis
1099 626 1242 666 adiuti.
1306 625 1519 666 Maximos
1540 633 1796 666 commeatus
1812 639 1830 671 7

396 699 559 724 summo
594 683 787 723 Etruriae
821 683 960 723 studio
995 682 1162 723 Tiberis
1190 681 1372 722 devexit.
1439 681 1721 723 Solitudinem
1751 682 1797 722 in

397 741 564 781 civitate
593 755 717 795 aegra
747 740 909 795 experti
940 739 1131 780 consules
1163 748 1283 779 sunt:
1318 754 1463 794 quum,
1490 739 1534 779 in
1565 739 1797 794 legationes

396 813 483 838 non
506 797 598 852 plus
620 796 794 852 singulis
816 797 1076 837 senatoribus
1098 796 1373 845 invenientes,
1397 796 1530 837 coacti
1558 806 1656 837 sunt
1678 796 1798 837 binos

397 854 560 908 equites
581 853 773 894 adiicere.
836 854 1139 909 Praeterquam
1165 854 1216 894 ab
1237 854 1383 894 morbo
1411 868 1662 909 annonaque
1691 853 1799 894 nihil

397 926 447 951 eo
468 911 641 951 biennio
662 911 852 951 intestini
873 912 1090 952 externive
1108 911 1366 951 incommodi
1386 911 1477 951 fuit.
1542 912 1604 951 At
1624 910 1697 951 ubi
1717 910 1797 951 hae

397 967 700 1009 sollicitudines
730 968 969 1018 discessere,
1002 969 1155 1017 omnia,
1189 968 1341 1024 quibus
1371 968 1528 1009 turbari
1559 967 1680 1009 solita
1709 975 1799 1009 erat

398 1025 554 1075 civitas,
578 1025 693 1066 domi
714 1024 934 1075 discordia,
956 1026 1055 1066 foris
1075 1025 1233 1066 bellum
1255 1034 1461 1066 exortum.

457 1081 530 1122 Μ’.
551 1082 748 1131 Aemilio,
774 1082 824 1123 C.
844 1082 1016 1124 Valerio
1037 1083 1180 1124 Potito
1201 1083 1456 1132 consulibus,
1479 1083 1637 1124 bellum
1654 1082 1799 1138 Aequi

397 1140 622 1195 parabant:
660 1139 834 1189 Volscis,
859 1155 1102 1195 quanquam
1131 1155 1217 1180 non
1245 1140 1415 1195 publico
1444 1140 1631 1190 consilio,
1654 1154 1799 1196 capes-

398 1197 585 1237 sentibus
617 1212 742 1247 arma,
774 1197 1019 1238 voluntariis
1050 1197 1243 1238 mercede
1275 1197 1428 1237 secutis
1458 1197 1661 1238 militiam.
1725 1196 1800 1237 Ad

399 1269 579 1309 quorum
601 1254 754 1294 famam
776 1254 962 1295 hostium
983 1255 1087 1310 (iam
1109 1254 1223 1295 enim
1244 1255 1289 1295 in
1317 1254 1519 1294 Latinum
1542 1254 1799 1295 Hernicum-

399 1326 481 1366 que
514 1311 858 1352 transcenderant
888 1312 1055 1367 agrum)
1081 1312 1292 1352 delectum
1324 1311 1550 1352 habentem
1583 1311 1798 1352 Valerium

399 1368 614 1408 consulem
644 1368 706 1408 M.
732 1368 930 1409 Maenius
959 1370 1150 1410 tribunus
1178 1369 1325 1424 plebis,
1348 1369 1452 1424 legis
1473 1369 1656 1424 agrariae
1677 1368 1796 1417 lator,
1812 1377 1833 1406 8

399 1440 531 1480 quum
564 1425 800 1480 impediret,
836 1426 1079 1481 auxilioque
1114 1426 1272 1466 tribuni
1312 1441 1438 1466 nemo
1474 1426 1629 1466 invitus
1664 1439 1831 1469 saera-9

399 1490 542 1522 mento
571 1482 752 1531 diceret3
787 1492 961 1537 repente
990 1483 1222 1531 nuntiatur,
1246 1497 1385 1522 arcem
1410 1482 1721 1523 Carventanam
1746 1483 1798 1523 ab

398 1538 587 1578 hostibus
628 1548 872 1594 occupatam
915 1555 1015 1580 esse.
1080 1539 1143 1579 Ea
1182 1539 1415 1594 ignominia
1455 1548 1627 1595 accepta
1666 1555 1798 1595 quum

399 1595 512 1651 apud
534 1595 679 1636 Patres
700 1596 882 1636 mvidiae
907 1596 1082 1636 Maenio
1103 1596 1196 1645 fuit,
1197 1572 1310 1636 Dtum
1331 1597 1481 1637 ceteris
1502 1597 1725 1646 tribunis,
1715 1611 1799 1637 iam

399 1662 497 1693 ante
538 1653 791 1708 praepaiatis
838 1653 1181 1693 intercessoribus
1222 1653 1325 1708 legis
1365 1654 1562 1709 agrariae,
1605 1654 1799 1709 praebuit

399 1710 615 1750 iustiorem
637 1725 803 1750 causam
825 1709 1044 1750 resistendi
1061 1688 1288 1765 collegae.U
1316 1709 1465 1765 Itaque
1488 1725 1620 1765 quum
1641 1725 1706 1751 res
1722 1710 1798 1750 diu

400 1767 528 1808 ducta
548 1782 623 1822 per
644 1766 959 1807 altercationem
981 1776 1101 1815 esset,
1125 1766 1366 1807 consulibus
1386 1767 1488 1807 deos
1520 1767 1798 1823 hominesque

402 1824 663 1873 testantibus,
689 1830 700 1847 ‘
713 1824 916 1879 quicquid
934 1824 985 1864 ab
1007 1823 1196 1864 hostibus
1217 1823 1346 1864 eladis
1367 1824 1708 1880 ignominiaeque
1726 1833 1799 1865 aut

403 1887 414 1904 ⁶
428 1881 510 1921 iam
527 1891 745 1937 acceptum
761 1890 881 1929 esset,
897 1890 968 1921 aut
984 1880 1235 1929 immineret,
1251 1880 1417 1936 culpam
1433 1896 1562 1937 penes
1577 1881 1799 1922 Maenium

404 1945 414 1961 ‘
428 1938 528 1987 fore,
552 1939 625 1993 qui
647 1938 859 1978 delectum
879 1938 1104 1993 impediret
1117 1938 1141 1986 ς’
1173 1937 1348 1978 Maenio
1368 1946 1515 1978 contra
1529 1938 1799 1988 vociferante,

405 1996 462 2035 ‘si
504 1996 647 2035 iniusti
684 1995 845 2035 domini
885 1994 1144 2050 possessione
1181 1995 1269 2050 agri
1309 1994 1468 2050 publici
1508 1995 1720 2044 cederent,
1755 2010 1800 2036 se

405 2059 588 2092 ‘moram
620 2052 802 2092 delectui
830 2054 914 2092 no‘n
945 2052 1082 2092 facere
1100 2052 1123 2100 ς’
1154 2051 1326 2092 decreto
1356 2052 1614 2107 interposito,
1646 2067 1799 2093 novem

403 2109 561 2150 tribuni
583 2108 843 2149 sustulerunt
867 2117 1106 2158 certamen3
1139 2109 1603 2165 pronuntiaveruntque
1633 2124 1686 2150 ex
1714 2109 1800 2150 col-

402 2167 502 2222 legii
528 2166 749 2215 sententia,
781 2172 792 2189 ‘
809 2165 859 2207 C.
884 2166 1058 2207 Valerio
1086 2166 1247 2207 consuli
1275 2181 1331 2215 se,
1355 2166 1557 2207 damnum
1590 2166 1798 2222 aliamque
1815 2183 1828 2203 1

405 2223 740 2271 ζ606161110116111,
774 2223 971 2264 adversus
1002 2223 1342 2264 intercessionem
1379 2223 1578 2279 collegae,
1610 2223 1800 2264 delectus

405 2288 554 2322 ‘causa
586 2280 917 2321 detrectantibus
951 2279 1141 2320 militiam
1185 2280 1406 2329 inhibenti,
1445 2280 1601 2321 auxilio
1637 2281 1800 2321 futuros

405 2344 416 2361 ⁶
429 2338 543 2379 esse.’
590 2337 686 2379 Hoc
701 2337 870 2378 decreto
887 2337 1033 2378 consul
1054 2346 1237 2379 armatus
1258 2352 1389 2392 quum
1409 2339 1566 2393 paucis,
1584 2337 1799 2393 appellan-

446 2463 465 2493 6
488 2465 538 2493 M.
558 2465 693 2502 Papirio
708 2465 878 2501 Atratino]
903 2465 1079 2494 Atratinus

403 2516 580 2544 cognomen
617 2505 677 2535 fuit
709 2506 984 2544 Semproniorum,
1014 2516 1078 2535 non

406 2547 617 2586 Papiriorum.
665 2548 782 2586 Itaque
803 2547 885 2577 illud
904 2548 1078 2578 delendum

403 2589 464 2619 hoc
482 2590 553 2619 loco
570 2594 655 2619 reete
671 2594 780 2619 monet
795 2590 950 2629 Sigonius.
972 2591 1076 2620 Cum.

450 2639 465 2670 7
489 2633 670 2662 Siculorum¹
694 2633 859 2670 tyrannis]
895 2642 936 2662 se.
955 2632 1077 2672 Dion)-

405 2673 449 2703 sio
474 2674 703 2712 Syracusarum
723 2678 872 2713 tyranno,
888 2684 987 2712 quum
1008 2675 1078 2704 nul-

406 2715 427 2743 li
454 2716 508 2745 alii
538 2716 569 2745 in
600 2716 770 2746 maritimis
797 2716 923 2755 oppidis
949 2717 1077 2755 tyranni

405 2757 465 2786 hoc
481 2762 627 2797 tempore
640 2758 671 2787 in
686 2758 795 2788 Sicilia
807 2762 921 2789 essent.
940 2759 1075 2789 Niebhr.

404 2797 435 2828 ii.
453 2809 483 2829 n.
503 2809 571 2829 200.
597 2801 635 2830 cf.
654 2810 738 2839 supr.
755 2800 785 2830 ii.
806 2810 853 2839 34.

453 2841 471 2869 8
494 2842 544 2870 M.
564 2843 737 2879 Maenius]
787 2843 850 2872 Pro
883 2853 959 2873 voce
985 2845 1076 2874 Mae-

405 2882 489 2917 nius,
513 2883 688 2913 ,Hem-nius
716 2885 936 2922 reponendum
965 2886 1076 2915 suadet

1124 2464 1260 2494 Niebhr.
1271 2463 1301 2494 ii.
1311 2474 1341 2493 11.
1355 2472 1443 2502 1334.
1454 2468 1489 2493 ut
1502 2463 1572 2493 infr
1588 2463 1627 2493 vi.
1646 2473 1693 2504 19.
1705 2464 1797 2494 Mae-

1124 2508 1199 2536 nius
1216 2505 1268 2545 Sip
1258 2506 1335 2536 01111
1353 2506 1537 2536 coniectura
1554 2505 1674 2536 nititur.

1167 2559 1219 2588 9
1209 2550 1406 2588 Auzila'oqne
1429 2549 1569 2586 tribuni]
1602 2548 1798 2578 5681111111-

1122 2590 1198 2619 buni
1217 2590 1375 2629 praesidio
1391 2600 1498 2627 nem0,
1515 2590 1569 2629 qui
1589 2591 1703 2628 nollet,
1718 2590 1798 2620 iure-

1123 2632 1257 2662 iurando
1274 2643 1307 2662 56
1324 2633 1533 2672 obstringeret
1548 2632 1694 2662 militiae.

1171 2685 1182 2705 1
1209 2677 1392 2713 Damnum]
1418 2676 1584 2705 Damnum
1606 2674 1736 2714 proprie
1755 2674 1798 2704 11-

1121 2718 1215 2747 detur
1237 2717 1373 2756 intelligi
1397 2718 1437 2747 de
1461 2727 1510 2754 eo,
1531 2717 1617 2755 quod
1640 2716 1797 2747 iacturam

1121 2759 1263 2798 aliquam
1288 2759 1331 2789 rei
1354 2759 1521 2789 familiaris
1541 2759 1701 2798 importet.
1734 2757 1797 2788 vid.

1121 2801 1192 2832 infr.
1215 2801 1264 2831 vii.
1283 2813 1311 2840 4.
1342 2803 1509 2831 Damnum
1531 2802 1690 2832 inhibenti
1713 2800 1744 2830 h.
1769 2809 1795 2830 e.

1122 2843 1294 2880 inferenti;
1319 2844 1481 2882 quomodo
1505 2853 1589 2881 supr.
1614 2842 1655 2872 iii.
1682 2842 1730 2880 38.
1755 2843 1799 2871 ad

1123 2887 1290 2925 imperium
1309 2887 1524 2916 inhibendum.
1551 2885 1656 2915 szv.
