1934 3211
582 166 708 209 LIB.
742 164 866 207 VIII.
912 164 1058 207 CAP.
1094 169 1132 207 6.
1473 170 1558 208 455

129 273 146 304 3
159 258 384 316 procellam
406 258 606 299 effusam:
637 271 736 297 nam
757 263 801 296 et
821 269 918 296 vera
938 269 1042 304 esse,
1059 263 1102 294 et
1122 262 1218 310 apte
1240 254 1294 295 ad
1314 269 1557 310 repraesen-
1573 268 1616 299 U.
1634 268 1672 299 C.
1689 278 1726 306 4¹
1733 276 1762 307 5.

159 316 329 357 tandam
363 315 469 355 iram
499 313 628 354 deum
658 313 757 354 ficta
786 319 972 368 possunt.
1036 311 1292 366 Torquatus,
1324 312 1473 353 missus
1505 314 1556 354 ab
1571 311 1610 342 A.
1634 311 1672 342 C.
1692 318 1764 350 337·

158 380 303 414 senatu
326 371 381 412 ad
401 369 678 411 dimittendos
697 370 868 426 legatos,
891 383 1024 425 quum
1052 368 1261 409 iacentem
1283 367 1477 409 Annium
1497 370 1558 410 vi-

157 428 298 478 disset,
335 427 555 477 exclamat,
593 427 652 468 ita
691 435 738 468 ut
777 426 935 482 populo
977 425 1256 481 Patribusque
1298 425 1443 465 audita
1476 441 1558 467 vox

156 486 312 542 pariter
330 485 409 526 sit:
445 491 457 508 ‘
471 485 590 526 Bene
611 483 750 525 habet.
814 483 889 524 Dii
910 483 1029 539 pium
1055 497 1224 523 movere
1246 481 1416 523 bellum.
1482 482 1559 524 Est

158 542 365 584 ‘coeleste
393 541 580 582 numeni
611 556 668 590 es,
695 555 847 597 magne
870 540 1058 596 Iupiter3
1092 539 1207 580 haud
1235 539 1387 580 frustra
1415 547 1456 580 te.
1485 554 1559 595 pa-

158 605 171 624 ‘
187 608 294 641 trem
315 599 443 640 deum
465 599 771 654 hominumque
793 598 871 639 hac
893 597 991 639 sede
1012 597 1275 638 sacravimus.
1331 596 1449 645 Quid
1470 612 1557 637 ces-

159 662 171 681 ‘
185 657 297 706 satis,
322 656 526 706 Quirites,
548 671 719 711 vosque,
742 655 890 696 Patres
910 654 1150 710 conscripti,
1172 669 1287 695 arma
1307 669 1455 710 capere
1477 654 1558 695 diis

158 719 170 738 ‘
185 714 397 756 ducibus?
460 713 529 755 Sic
555 722 701 754 stratas
728 712 917 768 legiones
938 712 1187 760 Latinorum
1209 711 1331 761 dabo,
1354 711 1558 767 quemad-

158 771 360 813 ‘modum
395 771 582 827 legatum
613 771 821 811 iacentem
851 769 1029 811 videtis.’
1089 768 1279 810 Assensu
1307 768 1454 825 populi
1484 783 1558 809 ex-

156 838 281 886 cepta
304 844 386 870 vox
417 828 600 870 consulis
630 836 795 868 tantum
827 827 986 868 ardoris
1016 826 1166 867 animis
1190 826 1302 875 feeit,
1324 835 1373 866 ut
1399 825 1558 881 legatos

156 886 470 943 proficiscentes
498 900 598 926 cura
624 885 943 940 magistratuum
971 883 1116 939 magiS,
1139 883 1213 939 qui
1240 883 1354 923 iussu
1376 882 1558 924 consulis

157 944 531 1000 prosequebantur,
554 957 681 998 quam
711 942 776 982 ius
805 941 1011 997 gentium,
1033 941 1085 981 ab
1112 940 1174 981 ira
1201 940 1450 996 impetuque
1482 940 1559 981 ho-

157 1001 320 1041 minum
342 1009 512 1057 tegeret.

219 1056 447 1099 Consensit
474 1066 517 1098 et
544 1065 712 1098 senatus
740 1056 925 1098 bellum:
959 1055 1250 1112 consulesque,
1273 1055 1439 1097 duobus
1460 1055 1561 1096 scri-

157 1115 241 1171 ptis
265 1115 518 1156 exercitibus
545 1129 621 1170 per
643 1112 809 1155 Marsos
831 1113 1115 1170 Pelignosque
1143 1112 1334 1169 profecti,
1357 1112 1560 1154 adiuncto

160 1171 415 1214 Samnitium
442 1172 646 1221 exercitu,
669 1171 724 1212 ad
751 1170 958 1228 Capuam,
981 1186 1067 1227 quo
1095 1171 1178 1211 iam
1200 1170 1345 1211 Latini
1371 1170 1559 1225 sociique

156 1238 454 1279 convenerant,
478 1238 612 1270 castra
641 1229 793 1270 locant.
857 1228 922 1270 Ibi
953 1229 998 1269 in
1026 1228 1168 1284 quiete
1200 1227 1368 1283 utrique
1397 1225 1559 1268 consuli
1574 1236 1707 1267 Bellum
1719 1236 1780 1267 La-

157 1287 307 1328 eadem
329 1287 483 1328 dicitur
510 1287 597 1328 visa
621 1287 781 1342 species
803 1286 879 1326 viri
910 1285 1089 1335 maioris,
1113 1299 1240 1340 quam
1267 1299 1344 1340 pro
1373 1283 1559 1324 humano
1572 1279 1687 1310 tinum.

158 1344 319 1393 habim,
351 1344 701 1400 augustiorisque,
735 1343 940 1384 dicentis:
988 1342 1084 1383 ‘Ex
1125 1357 1211 1383 una
1250 1341 1339 1382 acie
1380 1341 1560 1397 impera·
1573 1352 1745 1391 Spectrum

160 1408 172 1426 ‘
189 1410 336 1450 torem,
359 1417 413 1442 ex
434 1401 564 1442 altera
588 1401 821 1442 exercitum
842 1400 922 1441 diis
945 1399 1146 1441 Manibus
1171 1398 1379 1454 matrique
1403 1398 1559 1439 Terrae

162 1465 174 1483 ‘
189 1459 361 1500 deberi:
396 1459 530 1499 utrius
555 1459 764 1500 exercitus
796 1458 1024 1513 imperator
1050 1457 1239 1512 legiones
1271 1455 1469 1503 hostium,
1493 1470 1562 1495 su-

161 1522 174 1540 ‘
220 1531 350 1572 erque
379 1531 449 1557 eas
477 1531 520 1557 se
546 1515 792 1564 devovisset,
819 1515 909 1555 eius
937 1513 1082 1570 populi
1110 1513 1323 1569 partisque
1345 1512 1561 1553 victoriam
1573 1531 1655 1552 sum.

162 1532 304 1615 ‘Fore’
364 1572 456 1614 Hos
492 1573 565 1613 ubi
600 1581 827 1613 nocturnos
862 1572 974 1612 visus
1009 1571 1120 1611 inter
1154 1585 1197 1611 se
1234 1568 1427 1610 consules
1463 1584 1564 1610 con-

128 1647 148 1673 4
163 1631 350 1672 tulerunt
367 1646 376 1679 3
410 1630 569 1686 placuit
589 1628 927 1670 averruncandae
949 1628 1077 1668 deum
1099 1627 1184 1668 irae
1205 1626 1397 1667 victimas
1417 1625 1561 1667 caedi:

160 1688 284 1729 simul
310 1696 371 1737 ut,
393 1687 427 1727 si
455 1686 563 1727 extis
591 1685 753 1734 eadem,
776 1700 884 1740 quae
913 1699 1061 1725 somno
1082 1684 1170 1724 visa
1189 1684 1369 1733 fuerant,
1392 1691 1566 1739 porten—

160 1745 374 1794 derentur,
396 1743 595 1784 alteruter
619 1741 843 1783 consulum
871 1741 956 1781 fata
983 1740 1188 1795 impleret.
1253 1739 1342 1781 Ubi
1366 1755 1566 1796 responsa

160 1802 428 1857 haruspicum
460 1799 661 1841 insidenti
692 1799 775 1839 iam
806 1798 948 1838 animo
978 1797 1127 1838 tacitae
1158 1796 1354 1852 religioni
1385 1812 1566 1853 congru-

161 1867 313 1908 erunt3
347 1867 451 1907 tum,
474 1856 673 1898 adhibitis
693 1855 841 1911 legatis
863 1854 1141 1909 tribunisque,
1164 1862 1207 1895 et
1227 1854 1415 1910 imperiis
1435 1854 1565 1895 deum

162 1915 377 1972 propalam
406 1914 622 1970 expositiS,
644 1927 697 1953 ne
728 1927 839 1953 mors
860 1911 1096 1952 voluntaria
1122 1910 1304 1952 consulis
1332 1911 1566 1952 exereitum

163 1974 206 2013 in
229 1973 317 2014 acie
340 1981 527 2020 terreret,
546 1977 791 2024 comparant
814 1968 924 2009 inter
944 1983 1000 2016 sc,
1019 1976 1078 2016 ut,
1097 1969 1148 2009 ab
1166 1977 1259 2008 utra
1279 1977 1396 2023 parte
1414 1968 1564 2009 cedere

167 2030 385 2071 Romanus
405 2027 615 2069 exercitus
636 2026 853 2080 coepisset,
876 2025 975 2065 inde
1004 2039 1046 2064 se
1075 2024 1221 2064 consul
1242 2024 1468 2065 devoveret
1490 2039 1566 2080 pro

134 2086 322 2142 5p0pulo
355 2085 549 2126 Romano
581 2082 917 2136 Quiritibusque.
982 2081 1203 2136 Agitatum
1235 2081 1361 2120 etiam
1393 2081 1436 2120 iu
1465 2096 1566 2121 con-

165 2143 257 2184 silio
283 2151 357 2191 cst,
380 2151 440 2191 ut,
467 2142 499 2181 si
522 2139 693 2196 quando
723 2152 908 2194 unquam
938 2152 1081 2178 severo
1110 2136 1242 2176 ullum
1272 2137 1448 2192 imperio
1477 2137 1566 2178 bel-

166 2201 252 2241 lum
284 2199 621 2240 administratum
655 2205 775 2244 esset,
809 2205 909 2236 tunc
943 2194 1003 2235 uti
1037 2193 1260 2249 disciplina
1291 2193 1481 2234 militaris
1511 2194 1565 2235 ad

165 2258 322 2355 priscos
344 2256 605 2309 redigeretur
625 2268 772 2294 mores.
838 2252 995 2292 Curam
1018 2251 1207 2299 acuebat,
1230 2250 1346 2306 quod
1368 2250 1566 2292 adversus

206 2315 340 2356 atinos
368 2309 611 2355 bellandum
640 2320 740 2359 crat,
763 2310 919 2366 lingua,
944 2308 1140 2356 moribus,
1163 2323 1373 2348 armorum
1395 2323 1564 2363 genere,

211 2481 229 2510 3
253 2471 588 2510 Repraesenmndmn]
627 2468 729 2505 Quasi
756 2478 843 2508 prae-
889 2472 924 2497 ue
942 2490 948 2497 .
967 2490 974 2496 .
993 2490 998 2497 .
1017 2490 1023 2496 .
1042 2471 1119 2496 tunc
1137 2466 1182 2495 mi
1199 2464 1389 2504 disciplina]
1418 2462 1566 2502 Sigonius

167 2519 290 2543 sentem
321 2513 515 2549 fucicudarm
545 2512 612 2542 sive
643 2511 744 2540 oculis
773 2511 843 2539 sul»—
889 2510 1041 2539 admouet
1068 2508 1237 2547 legendum
1261 2511 1424 2536 essentne
1444 2507 1565 2546 utique,

171 2555 350 2585 iicieudnm.
377 2556 416 2585 cf.
433 2565 518 2593 supr.
533 2554 563 2584 ii.
580 2553 627 2593 36.
646 2555 748 2582 minas
765 2555 842 2582 iras·
888 2552 973 2590 quod
991 2556 1049 2586 cst,
1062 2555 1140 2579 tunc
1157 2549 1300 2582 (minino.
1313 2554 1390 2578 tuuc
1408 2548 1563 2578 maixime:

170 2608 231 2638 que
258 2598 405 2627 caelestes
435 2601 693 2636 repraesentem-9
719 2597 844 2625 casibus
889 2604 929 2623 uc:
948 2594 995 2623 vel
1015 2598 1049 2622 ut
1067 2596 1169 2627 vacet,
1187 2592 1234 2621 vel
1254 2593 1311 2621 uti.
1360 2590 1431 2620 Nec
1448 2590 1565 2629 impro-

170 2641 247 2669 καίει.
891 2635 1007 2665 habilis
1019 2634 1203 2664 coniectura
1216 2638 1272 2663 est.
1301 2633 1426 2663 'sumen
1442 2642 1504 2661 uon
1519 2642 1566 2662 ra-

217 2693 234 2719 4
251 2681 545 2717 Averruncnmlae]
567 2680 700 2709 Veteres
713 2690 845 2709 verrun-
892 2688 925 2707 ru
942 2682 1109 2706 ‹uwurruut
1128 2676 1280 2714 exemplu
1298 2674 1479 2713 geminatae
1497 2683 1566 2713 par-

173 2734 248 2753 care
263 2722 411 2752 dicebant
432 2733 487 2761 pro
502 2727 634 2754 vertere,
647 2726 677 2750 et
691 2731 848 2750 uret-run·
894 2719 1013 2749 tit-ulm-
1030 2724 1076 2752 ut.
1093 2718 1145 2747 uhi
1163 2718 1260 2747 nonnul
1278 2727 1428 2756 expressa
1443 2716 1565 2746 suffice-

173 2777 247 2796 cnrc
273 2775 328 2804 pro
349 2770 502 2795 mersere.
551 2765 658 2802 Atque
682 2764 736 2793 illu
755 2763 850 2792 verbu
895 2766 950 2792 ret.
992 2761 1066 2790 Vid.
1086 2765 1149 2791 not.
1167 2760 1207 2790 ud
1225 2759 1301 2790 xxii.
1324 2769 1368 2790 Η.
1389 2760 1494 2790 ΟΙιΕν.
1526 2758 1567 2789 cf.

175 2807 301 2847 propriu
319 2811 503 2836 numm-runt
521 2806 550 2835 iu
568 2805 673 2835 nuci-in.
699 2807 805 2835 (Ὶιιιν.
894 2814 978 2843 supr.
998 2802 1038 2833 iii.
1057 2802 1107 2840 (14.

216 2859 231 2888 5
258 2851 425 2889 Ayo'talum
453 2850 547 2880 eliam
576 2849 607 2877 in
636 2848 765 2876 consiliu
792 2850 849 2881 cst,

1573 1404 1631 1434 per
1646 1393 1734 1433 quie-

1573 1441 1639 1466 tem
1653 1435 1781 1474 utrique

1574 1478 1698 1509 consuli
1717 1477 1758 1508 vi-
