1934 3211
364 153 447 190 614
735 147 1074 189 LIBRORUM
1106 147 1382 188 XV-XIX.

363 236 514 279 aukcilio
538 239 772 278 Tarentinis
793 241 899 278 venit
913 255 926 279 .·
959 254 1035 293 quo
1044 239 1165 292 facto
1186 239 1236 278 ab
1259 240 1307 278 iis
1315 238 1466 292 foedus
1486 237 1677 277 violatum
1698 241 1765 276 est.

363 297 445 336 Res
457 303 674 351 praeterea
703 303 843 336 contra
864 296 1068 345 Lucanos,
1097 296 1310 345 Samnites,
1333 303 1371 335 et
1394 295 1582 335 Bruttios
1589 294 1770 348 feliciter

358 360 505 408 qestas,
528 360 566 393 et
586 353 746 408 Pyrrlzi
767 355 872 408 reyis
894 360 1056 393 mortem
1079 355 1258 393 continet.

740 517 1050 557 EPITOME
1078 516 1268 556 LIBRI
1294 516 1397 555 XV.

377 629 595 670 VICTIS
631 629 864 668 Tarentinis
884 643 972 681 pai·
993 633 1030 666 et
1056 627 1216 666 libertas
1237 626 1336 665 data
1357 631 1423 664 est.
1486 624 1612 678 Leqio
1647 623 1769 665 Cam-

357 702 487 741 pana,
529 701 631 740 quae
671 686 871 739 Rlieyium
905 690 1182 738 occupaverat,
1215 683 1381 730 obsessa,
1413 682 1606 721 deditione
1628 682 1767 734 facta,

364 745 495 783 securi
507 757 703 797 percussa
724 749 790 782 est.
863 742 998 791 Quum
1021 742 1168 795 leyatos
1180 740 1499 794 Apolloniatium
1514 739 1572 778 ad
1589 744 1769 778 senatum

365 803 503 840 missos
530 801 696 854 quidam
728 802 883 839 iuvenes
901 799 1144 853 pulsassent,
1167 798 1290 837 dediti
1319 803 1414 836 sunt
1432 796 1766 850 Apolloniatibus.

363 858 595 897 Picentibus
611 859 723 896 victis
736 872 825 911 pax
845 857 943 896 data
964 862 1030 895 est.
1102 855 1287 896 Coloniae
1308 855 1513 902 deductae,
1535 853 1769 893 Ariminum

363 917 405 955 in
435 915 597 963 Piceno,
630 914 900 954 Beneventum
931 915 973 953 in
1007 913 1184 953 Samnio·
1257 912 1374 951 Tunc
1391 912 1572 965 primum
1592 910 1771 964 populus

364 973 574 1012 Romanus
614 978 778 1026 arqento
810 973 872 1011 uti
903 972 1036 1024 coepit.
1109 970 1251 1010 Umbri
1282 975 1320 1008 et
1356 968 1572 1008 Sallentini
1601 968 1697 1006 victi
1726 968 1769 1006 in

363 1030 597 1069 deditionem
618 1031 771 1083 accepti
790 1035 892 1068 sunt.
966 1027 1232 1078 Quaestor-um
1250 1040 1438 1066 numerus
1459 1025 1678 1079 ampliatus
1698 1029 1767 1072 est,

365 1094 411 1126 ut
430 1093 556 1126 essent
570 1093 664 1126 octo.

722 1249 1032 1290 EPITOME
1051 1248 1242 1289 LIBRI
1272 1247 1400 1288 XVI.

373 1363 578 1404 ORIGO
617 1362 1010 1417 Cartlzayiniensium
1042 1367 1079 1400 et
1102 1360 1330 1416 primordia
1361 1358 1471 1399 urbis
1501 1371 1635 1398 eorum
1665 1357 1768 1411 refe-

363 1428 538 1469 runtur,·
590 1427 729 1460 contra
770 1435 867 1474 quos
907 1426 945 1459 et
983 1419 1201 1459 Hieronem
1241 1432 1370 1472 reyem
1415 1416 1768 1470 Syracusanorum

363 1479 559 1518 auscilium
576 1479 836 1518 Mamertinis
845 1477 1064 1531 ferendum
1086 1477 1237 1515 censuit
1255 1480 1428 1522 senatus,
1447 1487 1569 1528 quum
1590 1472 1637 1512 de
1657 1487 1703 1512 ea
1725 1486 1768 1511 re

364 1537 467 1574 inter
497 1536 718 1583 suadentes,
743 1541 788 1574 ut
815 1535 858 1574 id
861 1535 999 1586 fieret,
1022 1534 1370 1586 dissuadentesque
1400 1530 1764 1583 contentiofuisset.

374 1592 655 1646 Transgsressis
677 1598 759 1631 tum
775 1594 956 1644 primum
987 1606 1098 1630 mare
1119 1591 1313 1645 equitibus
1342 1589 1552 1636 Romanis,
1575 1587 1767 1626 adversus

365 1649 583 1688 Hieronem
623 1650 782 1702 saepius
823 1649 913 1687 bene
950 1644 1189 1701 pufflzatum.
1252 1647 1412 1686 Petenti
1442 1660 1531 1699 pax
1562 1644 1662 1683 data
1696 1649 1763 1683 est.

363 1706 561 1746 Lustrum
601 1721 627 1745 a
669 1706 891 1745 censoribus
931 1705 1131 1744 conditum
1171 1710 1237 1743 cst.
1320 1703 1448 1743 Censa
1489 1707 1583 1741 sunt
1621 1702 1766 1740 civium

364 1766 498 1817 capita
520 1764 690 1802 ducenta
711 1763 907 1816 octoqinta
928 1762 1006 1801 duo
1027 1762 1166 1809 millia,
1182 1761 1352 1799 ducenta
1373 1760 1541 1813 triqinta
1561 1763 1762 1812 quattuor.

363 1821 421 1860 D.
442 1821 586 1860 Iunius
617 1820 778 1859 Brutus
809 1833 953 1858 munus
980 1819 1269 1872 qladiatorium
1300 1818 1342 1856 in
1372 1817 1556 1855 lionorem
1587 1815 1768 1868 defuncti

356 1880 493 1932 patris
526 1878 648 1917 edidit
671 1879 843 1930 primus.
914 1876 1079 1915 Colonia
1114 1875 1310 1914 Aesernia
1344 1873 1512 1912 deducta
1552 1878 1618 1912 est.
1681 1872 1765 1912 Res

354 1942 568 1989 praeterea
586 1941 724 1974 contra
745 1934 899 1973 Poenos
919 1939 957 1972 et
988 1932 1186 1972 Vulsinios
1200 1945 1392 1985 prospere
1408 1936 1541 1984 qestas
1563 1930 1742 1969 continet.

706 2097 1017 2140 EPJTOME
1048 2096 1243 2137 LIBRI
1271 2095 1426 2137 XVII.

369 2189 470 2230 CN.
501 2186 882 2229 CORNELIUS
908 2186 1068 2234 consul,
1092 2201 1118 2226 a
1141 2185 1280 2225 classe
1308 2184 1479 2225 Punica
1510 2184 1767 2225 circumven-

364 2253 445 2295 tus,
467 2252 509 2287 et
532 2260 618 2301 per
634 2245 848 2300 fraudem
868 2244 982 2284 velut
1007 2243 1051 2283 in
1083 2242 1339 2297 colloquium
1370 2247 1586 2290 evocatus,
1609 2247 1764 2297 captus

363 2310 441 2344 est.
508 2304 555 2343 (ἡ
580 2302 761 2344 Duilius
789 2301 938 2342 consul
963 2301 1170 2341 adversus
1196 2299 1376 2340 classem
1401 2299 1638 2340 Poenorum
1656 2312 1766 2353 pro-

363 2375 489 2415 spere
518 2359 749 2415 pugnavit,
783 2358 1033 2414 primusque
1069 2357 1249 2397 omnium
1288 2356 1573 2397 Romanorum
1613 2355 1765 2396 ducum

361 2418 530 2458 navalis
551 2416 759 2457 victoriae
791 2415 917 2456 duxit
948 2414 1219 2470 triumphum.
1287 2412 1354 2454 Ob
1376 2428 1502 2468 quam
1530 2426 1703 2453 causam
1723 2412 1765 2453 ei

353 2480 593 2529 perpetuus
615 2474 748 2514 honos
769 2472 942 2513 habitus
963 2477 1042 2520 est,
1060 2477 1106 2511 ut
1126 2470 1352 2511 revertenti
1373 2485 1401 2511 a
1423 2484 1570 2519 coena,
1593 2469 1765 2510 tibicine

363 2537 555 2580 canente,
582 2530 743 2584 funale
775 2529 1095 2584 praeferretur.
1176 2528 1229 2568 L.
1269 2527 1493 2567 Cornelius
1535 2525 1685 2567 consul
1719 2525 1764 2566 in

363 2589 574 2629 Sardinia
595 2593 637 2628 et
664 2587 845 2628 Corsica
874 2591 1026 2626 contra
1053 2585 1232 2633 Sardos,
1256 2590 1297 2624 et
1324 2584 1496 2632 Corsos,
1520 2589 1561 2623 et
1581 2582 1765 2623 Hanno-

362 2660 454 2685 nem
476 2645 715 2685 Poenorum
744 2644 889 2684 ducem
896 2642 1101 2697 feliciter
1114 2640 1345 2697 pugnavit.
1408 2639 1572 2681 Atilius
1597 2638 1764 2680 Calati-

362 2717 439 2742 nus
457 2702 616 2750 consul,
636 2716 761 2756 quum
778 2701 820 2741 in
838 2700 974 2740 locum
991 2699 1193 2753 iniquum,
1209 2713 1235 2739 a
1255 2697 1414 2739 Poenis
1431 2697 1762 2745 circumsessum,

362 2764 515 2799 temere
543 2759 737 2799 duxisset
764 2757 1013 2804 exercitum,
1045 2756 1110 2796 M.
1141 2754 1368 2810 Calpurnii
1399 2753 1558 2794 tribuni
1586 2753 1762 2793 militum

363 2815 517 2855 rirtute
539 2821 578 2854 et
601 2829 734 2869 opera
763 2814 927 2855 evasit:
960 2813 1047 2868 qui,
1071 2827 1160 2853 cum
1191 2812 1392 2853 trecentis
1414 2810 1618 2851 militibus
1638 2823 1762 2863 erup-

363 2871 477 2910 tione
483 2871 633 2923 ,βαι-τα,
657 2872 800 2912 hostes
822 2871 863 2911 in
886 2885 932 2910 se
956 2875 1237 2910 converterat.
1290 2867 1522 2909 IIannibal
1541 2867 1628 2908 dux
1651 2865 1762 2906 Poe-
