1934 3211
544 185 671 247 Lm.
706 204 786 247 111.
834 205 981 248 cAP.
1015 210 1082 248 30.
1427 211 1505 251 177

113 312 138 338 a
161 297 216 345 Q.
241 295 370 337 Fabio
397 295 608 352 praefecto
636 296 751 338 urbis
779 304 949 338 senatus
976 296 1143 338 habitus
1174 297 1506 353 triumphantem
1522 308 1567 340 U.
1584 308 1622 339 C.
1640 306 1712 349 296.

116 352 379 402 Quinctium,
410 368 496 409 quo
535 353 731 395 veniebat
771 354 953 410 agmine,
988 354 1136 395 urbem
1172 354 1339 410 ingredi
1375 355 1505 397 iussit.
1521 351 1560 381 A.
1585 351 1623 382 Ο·
1640 349 1712 390 456·

112 409 244 451 Ducti
265 421 362 451 ante
384 425 553 451 currum
570 410 754 452 hostium
776 411 920 452 duces:
955 411 1150 452 militaria
1166 411 1284 467 signa
1304 411 1505 467 praelata:

111 475 280 508 secutus
311 467 520 509 exercitus
555 468 711 524 praeda
741 476 926 509 onustus.
991 467 1154 525 Epulae
1185 468 1413 510 instructae
1445 469 1510 509 di—

111 531 266 565 cuntur
284 524 410 566 fuisse
439 533 536 566 ante
558 525 749 566 omnium
771 526 941 567 domos:
975 525 1280 582 epulantesque
1302 540 1399 567 cum
1421 541 1510 567 car-

79 581 224 622 5mine
253 581 496 638 triumphali
524 591 567 624 et
594 582 853 624 sollennibus
880 583 995 633 iocis,
1025 583 1339 625 comissantium
1367 583 1508 633 modo,

110 653 280 680 currum
300 639 433 681 secuti
449 648 559 681 sunt.
622 639 688 682 Eo
709 640 777 681 die
796 640 845 681 L.
867 639 1060 682 Mamilio
1084 640 1339 690 Tusculano,
1357 655 1509 696 appro-

109 695 307 737 bantibus
329 697 504 746 cunctis,
527 697 672 738 civitas
693 697 791 739 data
811 706 884 739 est.

171 751 408 795 Confestim
439 769 482 796 se
513 754 694 796 dictator
720 755 966 811 magistratu
993 755 1238 804 abdicasset,
1264 755 1321 801 ni,
1337 755 1509 797 comitia

78 817 98 850 6
111 809 174 851 M.
198 809 358 852 Volscii
379 811 471 853 falsi
493 812 609 853 testis
625 813 881 854 tenuissent:
916 828 966 854 ca
981 828 1035 854 ne
1057 812 1314 869 impedirent
1335 813 1507 862 tribuni,
1522 816 1676 848 Volscius
1704 858 1711 864 ‚

110 867 325 910 dictatoris
346 869 508 910 obstitit
528 879 676 910 metus.
740 869 935 911 Volscius
957 869 1179 910 damnatus
1201 869 1443 910 Lanuvium
1465 870 1509 910 in
1521 861 1622 934 {alsus
1637 863 1729 932 {³⁵⁰⁵

110 924 305 966 exsilium
336 926 448 967 abiit.
515 926 744 975 Quinctius
774 935 893 968 sexto
921 927 1086 968 decimo
1114 926 1183 968 die
1215 927 1434 976 dictatura,
1464 927 1510 967 in
1545 912 1641 933 amna
1657 912 1703 933 us.

109 996 186 1023 sex
217 997 382 1024 menses
417 992 600 1040 accepta,
639 999 681 1024 se
719 984 939 1025 abdicavit.
1002 984 1086 1024 Per
1126 999 1197 1025 eos
1233 983 1323 1025 dies
1363 983 1511 1025 consul

111 1039 296 1081 Nautius
313 1040 368 1081 ad
390 1040 566 1082 Eretum
589 1056 686 1082 cum
712 1040 877 1082 Sabinis
898 1041 1066 1097 egregie
1088 1050 1261 1097 pugnat.
1326 1041 1399 1082 Ad
1419 1056 1511 1082 vas-

81 1105 218 1147 7tatos
250 1112 369 1154 agros
404 1113 455 1139 ea
486 1113 656 1154 quoque
693 1098 832 1139 clades
862 1099 1034 1140 a'ccessit
1073 1098 1249 1140 Sabinis.
1314 1098 1510 1139 Minucio

111 1154 265 1196 Fabius
299 1154 488 1203 Quintus
519 1170 731 1196 successor
760 1156 804 1195 in
838 1155 1044 1212 Algidum
1081 1155 1240 1196 missus.
1306 1155 1510 1196 Extremo

110 1227 222 1254 anno
243 1213 446 1269 agitatum
468 1212 521 1254 de
543 1213 635 1268 lege
657 1213 708 1253 ab
731 1213 909 1254 tribunis
930 1221 1017 1253 est:
1052 1213 1140 1262 sed,
1163 1213 1264 1268 quia
1284 1212 1369 1253 duo
1391 1227 1511 1253 exer-

111 1270 220 1311 citus
240 1270 425 1320 aberant,
448 1285 501 1311 ne
524 1270 628 1326 quid
644 1270 822 1311 ferretur
842 1269 895 1311 ad
916 1268 1133 1326 populum,
1157 1270 1304 1311 Patres
1321 1279 1508 1311 tenuere.

111 1326 264 1368 Plebes
283 1327 397 1377 vicit,
417 1335 464 1368 ut
485 1328 683 1384 quintum
704 1327 875 1369 eosdem
898 1327 1088 1368 tribunos
1109 1335 1309 1368 crearent.
1365 1325 1510 1382 Lupos

110 1383 220 1426 visos
241 1385 285 1425 in
305 1383 370 1426 Ca
402 1385 519 1426 itolio
532 1385 673 1426 ferunt
689 1400 713 1426 a
728 1385 901 1426 canibus
917 1384 1081 1440 fugatos
1095 1399 1105 1432 3
1139 1384 1192 1424 ob
1209 1383 1254 1424 id
1269 1383 1511 1439 prodigium

111 1441 332 1483 lustratum
398 1441 616 1498 apitolium
638 1457 738 1483 esse.
802 1441 923 1482 Haec
944 1456 994 1482 eo
1015 1455 1126 1482 anno
1147 1449 1276 1497 gesta.
1591 1493 1645 1531 Ὃ

1589 1509 1613 1531 Ο
1647 1522 1657 1531 0

173 1498 420 1565 Sequuntur
440 1499 631 1541 consules
651 1499 704 1547 Q.
730 1498 963 1548 Minucius,
989 1498 1040 1539 C.
1065 1497 1269 1539 Horatius
1290 1497 1508 1538 Pulvillus.

114 1556 250 1598 Cuius
275 1557 397 1598 mitio
425 1557 525 1597 anni
553 1571 685 1612 quum
711 1556 810 1596 foris
835 1555 969 1597 otium
995 1563 1116 1604 esset,
1139 1555 1254 1596 domi
1280 1554 1486 1596 seditione

111 1614 241 1655 iidem
255 1614 425 1664 tribuni,
441 1613 588 1655 eadem
605 1613 674 1654 lex
690 1613 887 1654 faciebat:
922 1613 1182 1668 ulteriusque
1197 1621 1372 1654 ventum
1388 1611 1495 1653 foret

110 1670 237 1726 (adeo
266 1679 507 1713 exarserant
534 1670 704 1727 animis)
732 1671 790 1720 ni,

155 1792 172 1824 5
195 1784 387 1815 Solennibus
402 1784 494 1821 iocis]
526 1783 612 1815 Iocis
627 1783 659 1814 in
676 1783 787 1814 trium-

112 1827 178 1867 pho
193 1826 331 1864 usitatis,
346 1837 426 1866 quos
446 1826 594 1857 militaris
609 1827 703 1856 turba
718 1831 788 1856 tum

110 1868 250 1910 gestiens
264 1872 296 1900 et
311 1869 430 1908 gaudio
441 1869 622 1906 lasciviens,
632 1869 789 1899 fundebat

111 1912 179 1943 sive
196 1911 228 1942 in
249 1912 393 1942 devictos
416 1911 534 1947 hostes,
550 1912 616 1941 sive
637 1911 669 1941 in
691 1912 790 1941 duces

111 1964 197 1992 suos,
211 1957 244 1985 et
267 1954 372 1993 ipsum
397 1963 630 1992 nonnunquam
654 1954 790 1992 impera-

112 2000 225 2028 torem.
262 1996 339 2027 Vid.
362 1996 434 2027 infr.
458 1996 499 2027 iv.
525 2005 575 2035 53.
599 2000 631 2026 et
655 1995 789 2026 Sueton.

113 2039 206 2071 Caes.
223 2048 264 2079 49
281 2043 313 2069 et
330 2048 380 2077 51.

155 2080 176 2112 6
199 2082 249 2112 M.
289 2082 418 2118 Volscii]
459 2080 569 2115 Quem
607 2084 792 2119 quaestores

113 2134 188 2155 ann.
220 2131 291 2164 295.
324 2123 396 2153 falsi
427 2121 602 2153 testimonii
633 2131 723 2151 reum
750 2122 793 2151 ad

114 2202 141 2224 C.
158 2200 308 2223 NAtrrlus.
324 2200 370 2222 ΒΡ.
388 2199 419 2222 Ρ.
434 2200 479 2221 SI'.
498 2199 528 2220 N.
574 2199 714 2220 nunnus
731 2198 767 2220 11.

115 2329 144 2352 L.
160 2328 335 2357 quixerlcs
354 2328 380 2349 1..
399 2328 427 2349 F.
446 2327 472 2349 L.
491 2327 520 2348 N.

115 2371 144 2394 L.
159 2371 359 2398 'immunius
377 2370 403 2392 1..
421 2370 450 2391 Ρ.

590 2325 775 2347 clxmsNAT.

628 2368 777 2390 FLACCUS.

117 2436 171 2468 Ita
193 2435 404 2476 Burghesius,
428 2435 503 2465 “mi
529 2435 655 2464 sembra
679 2432 791 2472 quindi

116 2478 206 2510 licita
222 2479 379 2518 l’opinare
395 2478 455 2508 che
477 2478 507 2507 ln
525 2476 650 2516 perdita
666 2476 717 2506 del
737 2484 794 2505 suo

116 2521 282 2552 consolato
306 2531 368 2551 non
394 2521 476 2550 fosse
498 2519 558 2549 che
581 2523 793 2557 temporarea,

117 2564 190 2593 vale
213 2573 233 2593 a
255 2562 323 2593 dire
343 2563 447 2592 fine-he
463 2562 543 2592 duro
561 2560 724 2591 rmum-ita
739 2560 790 2589 del

119 2605 284 2636 Dittatore
298 2604 358 2634 che
375 2605 498 2634 l'nveva
512 2603 694 2643 depos-ito.n
728 2602 793 2632 No-

117 2651 165 2678 tat
190 2646 332 2686 insuper,
354 2647 438 2684 quod
467 2646 597 2681 Fabius,
620 2644 673 2684 qui
701 2643 796 2673 unica

116 2689 221 2729 gentis
250 2688 370 2719 Fabiae
393 2688 489 2726 stirps
512 2692 591 2721 emt,
615 2686 639 2716 si
671 2686 791 2724 Diony-

117 2732 184 2762 sius
207 2731 389 2761 audiendus,-
412 2729 464 2764 μὴ,
488 2729 584 2758 modo
609 2733 657 2758 ter
681 2729 792 2758 consul

118 2774 235 2811 fuerat,
251 2782 350 2813 quum
378 2771 409 2802 in
433 2771 611 2801 secundum
635 2769 792 2800 decemvi-

118 2825 225 2847 rorum
271 2814 444 2854 collegium
488 2812 648 2859 ascriptus
688 2815 769 2841 emet
787 2823 794 2845 ς

119 2868 202 2899 quae
225 2867 275 2889 reu
297 2857 391 2888 aliter
414 2854 538 2892 suimet,
553 2864 578 2884 ιιι
595 2854 682 2884 hunc
697 2864 792 2894 quar-

120 2905 186 2932 mm
216 2900 420 2931 consulatum
457 2897 613 2937 geminet.
652 2895 691 2926 cs.
723 2895 793 2925 infr.

121 2941 185 2974 viii.
212 2951 261 2982 33.
286 2941 340 2971 ubi
367 2941 451 2972 hanc
481 2949 546 2971 rem
574 2938 694 2970 Fabius
720 2938 793 2968 Am-

180 2997 276 3024 vot..
302 2996 328 3023 1.

829 1784 987 1823 populum
1003 1782 1157 1813 fecerant.

879 1835 895 1865 7
919 1827 1070 1856 alinucio
1086 1826 1209 1855 Fabius
1228 1825 1370 1862 Quintus
1392 1834 1512 1855 succes-

832 1870 901 1906 sor]
930 1868 1024 1898 Haec
1046 1867 1155 1897 omnia
1171 1867 1211 1897 de
1230 1866 1369 1896 Minucii
1385 1866 1513 1897 abdica-

834 1911 921 1940 tione
945 1914 978 1940 et
1000 1909 1092 1940 Fabii
1118 1909 1149 1939 in
1175 1909 1244 1939 eius
1269 1910 1377 1939 locum
1401 1909 1514 1939 suffec-

835 1952 924 1983 tione
944 1953 1062 1982 mirum
1087 1956 1244 1990 quantum
1261 1962 1280 1982 a
1298 1951 1402 1981 Fastis
1418 1951 1515 1991 Capi-

835 1995 946 2024 tolinis
975 1994 1176 2033 discrepant,
1202 1993 1324 2032 quippe
1355 1993 1387 2023 in
1419 1993 1514 2032 Frag-

836 2037 954 2067 mentis
983 2046 1088 2075 nuper
1118 2035 1150 2065 in
1177 2035 1260 2065 Foro
1288 2036 1438 2065 Romano
1469 2045 1514 2065 re-

837 2078 946 2118 pertis,
973 2082 1005 2108 et
1031 2089 1050 2107 a
1076 2077 1254 2116 Burghesio
1279 2077 1430 2106 acumine
1456 2087 1515 2106 suo

836 2121 931 2150 solito
947 2119 1116 2149 illustratis
1132 2119 1279 2157 legimini,

1070 2198 1098 2219 F.
1116 2198 1145 2218 N.
1158 2211 1164 2218 .
1177 2212 1184 2219 .
1197 2212 1203 2219 .
1236 2197 1480 2219 CARVENTAM'S.

824 2241 857 2261 ΙΝ
875 2241 953 2261 MAG.
971 2239 1123 2260 MORTt'us
1141 2240 1204 2261 EST.
1224 2240 1256 2260 IN
1276 2240 1350 2260 mss
1368 2240 1394 2261 L.
1413 2240 1440 2261 F.
1460 2240 1514 2261 ¹-st

826 2282 1514 2308 l..M1N17‹*n’s.1·.1-·.)1.N.12⁴3Qt'11„15.Asuvmx.

908 2325 998 2374 ,Du-¹⁸·
1060 2345 1114 2367 111-:1
1134 2345 1315 2366 GERUNDAE
1330 2345 1441 2367 CAUSA.

849 2367 926 2389 MAG.
948 2366 998 2393 EQ.

839 2434 952 2462 bustus
989 2431 1180 2471 perstringit.
1238 2431 1338 2461 Haud
1374 2430 1440 2460 scio
1475 2441 1515 2461 nn

841 2474 961 2505 Fabius
980 2474 1175 2507 Vibulanus.
1197 2478 1231 2502 ut
1253 2474 1440 2513 praejectus
1462 2484 1514 2503 m·-

837 2518 895 2553 bix,
919 2516 1050 2546 tertium
1076 2515 1252 2545 exercitum
1281 2516 1320 2545 nd
1349 2516 1514 2546 consulem

839 2559 983 2598 periculo
1014 2558 1222 2588 eximendum
1254 2557 1394 2591 duxerit,
1421 2563 1452 2588 et
1484 2557 1514 2587 in

840 2600 962 2634 castris,
995 2605 1065 2639 pont
1105 2600 1242 2629 reditum
1282 2599 1446 2629 divnitatis
1485 2604 1516 2629 et

841 2643 981 2673 consulis
1021 2643 1172 2675 Romam,
1211 2641 1371 2672 manserit.
1429 2641 1516 2671 Huic

838 2685 1016 2715 sententiae
1037 2683 1169 2714 ameum
1194 2683 1328 2713 Nicbhr.
1347 2683 1377 2713 ii.
1396 2693 1425 2722 p.
1444 2692 1515 2724 297.

839 2727 893 2765 qui
929 2726 1078 2761 Fabium,
1108 2735 1170 2755 non
1204 2725 1412 2761 Quinctium,
1442 2735 1513 2756 con-

839 2768 900 2798 suli
918 2767 1060 2798 subsidio
1080 2768 1258 2806 profectum
1283 2777 1351 2798 esse
1374 2767 1513 2816 suspica·

839 2815 903 2846 tur,
918 2815 949 2840 et
967 2809 1162 2845 Quinctium
1183 2808 1372 2839 dictatorem
1396 2818 1441 2840 rei
1464 2819 1514 2850 ge-

839 2852 961 2883 rundae
992 2861 1088 2881 caum
1119 2855 1230 2881 contra
1263 2851 1309 2882 Μ.
1335 2851 1516 2887 Volaeium.

842 2893 1002 2924 Kaesonin
1025 2893 1080 2924 filii
1106 2893 1153 2923 nui
1177 2897 1410 2930 accusatorem.
1430 2903 1514 2924 crea-

839 2941 908 2966 tum
925 2945 1003 2967 cue.

1257 2990 1284 3016 N

1490 1569 1508 1595 S
1527 1548 1570 1580 U.
1588 1549 1626 1580 C.
1644 1556 1715 1590 297.

1523 1592 1562 1622 A.
1587 1591 1625 1623 C.
1643 1599 1716 1630 455.

1496 1643 1508 1662 >
1524 1633 1732 1670 QMinuciQ

819 1669 935 1711 velut
962 1669 1108 1711 dedita
1132 1685 1272 1726 opera,
1301 1678 1510 1711 nocturno
1524 1675 1715 1751 (cjbgoratio
