1934 3211
194 289 236 320 U.
254 290 290 320 C.
309 289 378 329 263.

191 334 230 364 A.
254 334 292 364 C.
308 334 380 373 489.

194 408 237 438 U.
255 408 292 438 C.
311 407 380 439 266.

192 452 232 482 A.
255 451 292 481 C.
310 450 381 490 486.

191 494 246 534 Sp.
261 493 294 523 N
297 494 396 531 auti

191 537 265 568 Sex,
284 537 379 567 Furio

190 580 279 611 Coss.

190 809 381 849 Legationes

190 852 326 882 virorum
342 853 383 883 ad

189 895 329 925 Coriola-

189 948 277 969 num.

257 1270 325 1307 40.

189 1442 364 1473 Mulierum

190 1485 315 1526 legatio.

192 2076 344 2108 Veturiae

189 2121 229 2150 ad
242 2119 383 2151 Coriola-

190 2173 266 2192 num
280 2163 381 2193 filium

190 2205 298 2235 oratiO.

409 193 485 230 116
919 189 1065 231 TITI
1107 189 1283 233 LIVII

405 280 610 329 veniebat,
643 279 756 336 quod
787 289 952 321 senatus
981 281 1254 337 consulesque
1286 294 1491 336 nusquam
1522 279 1619 321 alibi
1655 295 1673 321 s
1704 294 1784 329 em,

407 353 534 394 quam
568 338 612 378 in
647 338 781 387 armis,
815 339 1052 394 ponebant:
1090 339 1232 395 plebes
1267 338 1419 387 omnia,
1454 353 1580 394 quarn
1614 338 1665 379 be
1685 337 1784 387 lum,

408 395 596 436 malebat.
662 395 730 451 Sp.
755 395 938 436 Nautius
965 396 1046 437 iam
1075 406 1117 437 et
1140 396 1234 438 Sex.
1258 396 1408 437 Furius
1435 395 1624 436 consules
1654 403 1782 437 erant.
1798 417 1818 444 4

409 453 505 503 Eos,
534 462 796 494 recensentes
826 453 1023 509 legiones,
1045 454 1249 510 praesidia
1272 469 1347 509 per
1371 468 1509 494 muros
1537 453 1633 494 6116(
1631 468 1712 509 1116,
1741 454 1786 493 111

387 511 558 567 'quibus
602 511 799 552 stationes
837 511 1080 567 vigiliasque
1124 527 1210 553 esse
1255 511 1478 567 placuerat,
1519 510 1610 552 loca
1631 470 1787 552 ldistri-

406 569 594 618 buentes,
636 568 860 609 multitudo
905 569 1052 624 ingens
1100 585 1245 625 pacem
1294 568 1554 624 poscentium
1602 569 1785 624 primum

405 626 601 667 seditioso
651 625 829 666 clamore
879 627 1132 668 conterruit.
1185 626 1338 667 deinde
1387 640 1532 666 vocare
1582 635 1785 676 senatum,

405 684 556 725 referre
578 683 630 724 (16
651 683 797 739 legatis
818 683 870 723 ad
894 682 944 724 C.
969 683 1178 725 Marcium
1206 683 1420 724 mittendis
1440 683 1587 738 coegit.
1650 684 1787 725 Acce-

405 750 557 797 perunt
577 740 821 781 relationem
844 741 1000 790 Patres,
1022 751 1241 798 postquam
1270 740 1473 797 apparuit,
1496 740 1632 781 labare
1653 740 1786 797 plebis

406 799 590 847 animos3
638 798 834 853 missique
875 798 928 838 de
968 814 1069 854 pace
1106 800 1159 840 ad
1195 799 1404 840 Marcium
1445 807 1628 839 oratores
1667 807 1786 839 atrox

405 870 649 912 responsum
681 855 938 896 retuleiunt:
974 862 984 880 ⁶
1004 856 1047 898 Si
1071 857 1233 898 Volscis
1260 872 1356 912 ager
1384 855 1642 906 redderetur,
1666 865 1818 912 posse5

408 914 497 969 ‘agi
527 913 579 953 de
611 928 738 968 pace:
772 913 805 953 31
835 913 1006 979 praeda·
1018 913 1117 955 belli
1146 930 1221 970 per
1251 915 1383 955 otium
1412 913 1491 954 frui
1522 913 1665 963 velint,
1699 928 1788 955 me-

407 977 589 1011 ‘morem
620 985 661 1010 se
695 979 737 1010 ct
770 970 923 1012 civium
951 971 1138 1021 iniuriae,
1168 981 1210 1013 et
1240 972 1452 1037 hospitum
1478 971 1686 1021 beneficii,
1713 986 1787 1012 611-

406 1029 629 1077 ‘nisurunn
664 1037 710 1068 ut
746 1038 953 1084 appaieat,
990 1029 1135 1070 exsilio
1171 1030 1248 1071 sibi
1283 1030 1475 1078 irritatos,
1507 1044 1592 1070 non
1621 1029 1785 1079 fractos,

405 1092 416 1109 ‘
430 1086 589 1127 animos
610 1085 724 1126 esse.’
784 1085 943 1126 Iterum
964 1086 1117 1127 deinde
1139 1087 1267 1128 iidem
1288 1087 1401 1128 missi
1422 1102 1508 1127 non
1528 1087 1787 1142 recipiuntur

402 1143 447 1184 in
476 1152 617 1184 castra.
683 1142 927 1184 Sacerdotes
948 1159 1130 1199 quoque,
1153 1145 1236 1185 suis
1266 1144 1497 1200 insignibus
1518 1144 1685 1194 velatos,
1708 1142 1786 1185 isse

404 1201 610 1257 supplices
646 1200 699 1241 ad
734 1209 865 1242 castra
899 1201 1095 1251 hostium,
1130 1202 1331 1243 traditum
1366 1210 1454 1248 est3
1490 1201 1623 1242 nihilo
1655 1202 1819 1258 magis6

404 1274 530 1314 quam
557 1259 713 1315 legatos
740 1259 903 1299 flexisse
932 1259 1129 1300 animum.
1192 1259 1304 1300 Tum
1335 1267 1546 1300 matronae
1578 1259 1631 1299 ad
1652 1258 1787 1300 Vetu-

404 1317 520 1366 riam,
571 1325 745 1357 matrem
799 1316 1026 1366 Coriolani,
1078 1317 1434 1372 Volumniamque
1483 1331 1658 1357 uxorem
1706 1317 1819 1365 fre-7

405 1382 581 1429 quentes
621 1383 784 1414 coeunt.
847 1373 899 1415 ld
943 1374 1157 1430 publicum
1203 1374 1434 1424 consilium,
1477 1389 1531 1415 an
1574 1374 1788 1416 muliebris

405 1432 529 1472 timor
575 1431 712 1480 fuerit,
758 1446 905 1487 parum
956 1432 1135 1474 invenio.
1216 1432 1434 1473 Pervicere
1479 1440 1603 1482 certe,
1649 1440 1697 1473 ut
1745 1441 1789 1473 et

405 1488 593 1538 Veturia,
630 1503 781 1544 magno
817 1498 918 1529 natu
953 1489 1115 1539 mulier,
1147 1498 1189 1530 et
1224 1489 1463 1539 Volumnia,
1497 1489 1602 1531 duos
1640 1505 1789 1546 parvos

405 1562 458 1587 ex
495 1546 657 1587 Marcio
696 1547 830 1587 ferens
865 1546 983 1596 filios,
1021 1562 1161 1588 secum
1197 1547 1241 1587 in
1277 1557 1408 1588 castra
1437 1547 1619 1588 hostium
1649 1547 1785 1589 irent:

404 1614 459 1653 et,
494 1619 619 1660 quam
655 1604 778 1644 armis
810 1604 887 1644 viri
919 1604 1143 1646 defendere
1180 1606 1326 1646 urbem
1356 1620 1442 1646 non
1477 1613 1658 1660 possent,
1695 1620 1788 1646 mu-

403 1661 523 1702 lieres
558 1661 749 1717 precibus
789 1661 1051 1717 lacrimisque
1088 1662 1374 1703 defenderent.
1438 1662 1524 1703 Ubi
1564 1661 1618 1703 ad
1657 1671 1789 1704 castra

404 1728 576 1760 ventum
630 1727 703 1768 est,
761 1719 1084 1775 nuntiatumque
1144 1718 1383 1769 Coriolano,
1441 1719 1583 1760 adesse
1639 1719 1788 1776 ingens

406 1776 629 1817 mulierum
664 1792 840 1832 agmen3
879 1777 921 1817 in
957 1777 1105 1833 primo,
1139 1786 1185 1818 ut
1217 1778 1290 1833 qui
1322 1793 1400 1818 nec
1436 1777 1604 1833 publica
1638 1777 1787 1819 maies-

406 1843 488 1875 tate
528 1835 572 1874 in
612 1834 770 1890 legatis,
813 1849 890 1876 nec
932 1834 976 1874 in
1018 1835 1297 1876 sacerdotibus
1333 1844 1449 1875 tanta
1487 1835 1618 1876 offusa
1657 1834 1788 1876 oculis

405 1892 628 1948 animoque
650 1891 850 1947 religione
872 1901 1008 1933 motus
1029 1901 1147 1942 esset,
1170 1892 1302 1933 multo
1323 1892 1568 1933 obstinatior
1592 1892 1788 1934 adversus

405 1949 593 1990 lacrimas
628 1949 850 1990 muliebres
883 1959 980 1990 er.at
1044 1950 1157 1991 Dein
1192 1949 1456 1991 familiarium
1492 1949 1677 2005 quidam,
1713 1951 1787 2006 qui

405 2007 610 2063 insignem
632 2007 838 2048 maestitia
857 2007 966 2048 intel
986 2016 1141 2049 ceteras
1162 2016 1412 2064 cognoverat
1427 2006 1688 2072 Veturiam,
1677 2017 1788 2048 inter

406 2080 559 2105 nurum
586 2074 842 2120 nepotesque
871 2074 1062 2130 stantem,
1096 2071 1106 2088 ‘
1124 2065 1218 2106 Nisi
1244 2080 1309 2106 me
1336 2065 1612 2114 frustrantur,'
1632 2064 1784 2121 inquit,

408 2128 419 2145 ‘
435 2122 557 2171 oculi,
581 2131 712 2163 mater
732 2122 807 2163 tibi
829 2123 1066 2178 coniuxque
1088 2132 1130 2164 et
1150 2123 1270 2163 liberi
1291 2122 1467 2163 adsunt.’
1523 2121 1785 2172 Coriolanus,

405 2195 533 2236 prope
567 2188 613 2220 ut
648 2195 802 2229 amens,
837 2188 1124 2222 consternatus
1159 2181 1210 2221 ab
1240 2180 1337 2221 sede
1373 2195 1458 2230 sua,
1495 2195 1627 2236 quum
1660 2179 1787 2221 ferret

445 2322 464 2347 4
486 2310 541 2349 Sp.
555 2310 700 2340 Nautius
715 2310 777 2339 iam
794 2313 824 2339 et
839 2309 911 2339 Seoe.
927 2309 1067 2346 Furius]

402 2353 487 2382 Ante
495 2352 553 2382 hos
560 2352 706 2382 consules
713 2351 833 2390 duplex
841 2360 899 2390 par
905 2351 1070 2380 consulum

402 2394 509 2425 inserit
527 2394 720 2434 Dionysius:
744 2393 776 2423 in
797 2403 917 2423 annum
938 2392 1007 2431 264.
1027 2393 1069 2428 Q.

403 2437 580 2477 Sulpicium
594 2436 801 2468 Camerinum
814 2440 845 2466 et
858 2435 913 2474 Sp.
925 2435 1069 2465 Lartium

404 2480 552 2517 Flavum,
579 2489 714 2519 quorum
743 2479 776 2509 in
806 2478 974 2508 consulatu
1003 2478 1070 2508 ludi

404 2522 479 2552 vitio
494 2522 590 2553 facti:
615 2522 647 2552 in
668 2532 788 2551 annum
807 2520 877 2560 265.
894 2521 930 2551 C.
950 2520 1069 2551 Iulium

404 2565 513 2594 Iulum
541 2570 573 2595 et
598 2565 635 2595 P.
662 2563 826 2595 Pinarium
855 2563 990 2600 Rufum,
1017 2563 1070 2602 qui

404 2607 496 2637 ludos
516 2607 740 2637 instauravere.
786 2606 852 2636 Eos
872 2606 1070 2642 consultone,

404 2649 499 2679 falsos
517 2654 644 2688 putans,
659 2660 699 2679 an
716 2659 773 2688 per
789 2648 942 2679 incuriam
959 2648 1070 2678 omise-

404 2691 443 2720 rit
461 2692 578 2727 Livius,
595 2702 707 2731 parum
725 2691 834 2731 liquet.
881 2691 1001 2721 Eorum
1025 2695 1070 2721 ta-

404 2742 475 2762 men
490 2734 520 2763 in
534 2734 737 2764 numerandis
749 2734 840 2764 annis
853 2733 1006 2764 rationem
1018 2734 1071 2763 ha-

404 2775 506 2804 buisse
517 2777 651 2813 videtur,
664 2777 733 2807 infr.
742 2776 783 2807 iii.
794 2786 842 2816 30.
861 2776 965 2807 CREV.
1002 2777 1073 2806 Hos

404 2817 442 2846 (16
471 2817 623 2848 industria
640 2819 766 2849 Livium
791 2818 942 2855 omisisse,
962 2823 996 2848 ut
1017 2818 1070 2857 (1111

404 2858 433 2887 111
451 2860 619 2889 annalibus
635 2861 682 2897 iis,
699 2872 777 2899 quos
793 2865 919 2891 secutus
935 2866 993 2898 est,
1006 2871 1069 2891 non

402 2905 558 2934 extarent.
575 2907 679 2931 censet
698 2903 830 2933 Niebhr.
842 2903 872 2933 ii.
890 2914 920 2941 p.
937 2913 1002 2934 102.
1028 2904 1066 2933 cf.

402 2943 506 2982 Sigon.
521 2943 639 2974 Chron.
654 2944 720 2974 Liv.
734 2943 789 2984 (ad
800 2956 872 2975 aun.
882 2945 925 2976 U.
934 2946 970 2976 C.
980 2945 1066 2985 264.)

1159 2318 1175 2347 5
1199 2310 1234 2339 Si
1268 2309 1383 2339 Volscis
1408 2310 1501 2348 ager]
1540 2309 1579 2339 In
1606 2308 1657 2339 his
1683 2308 1786 2340 verbis

1115 2350 1312 2381 conditiones
1327 2350 1414 2390 pacis
1428 2351 1511 2381 inter
1524 2351 1660 2381 Volscos
1673 2354 1706 2382 et
1718 2352 1783 2382 Ro-

1113 2403 1225 2423 manos
1244 2398 1314 2432 post
1329 2404 1402 2424 ann.
1421 2402 1479 2434 295
1499 2393 1541 2424 U.
1558 2393 1596 2424 C.
1619 2393 1723 2424 factae
1738 2394 1782 2424 la-

1113 2439 1180 2466 tere
1203 2440 1295 2475 putat
1320 2435 1454 2466 Niebhr.
1476 2435 1507 2466 ii.
1524 2446 1556 2475 p.
1572 2436 1622 2476 98.
1640 2443 1712 2475 255.
1742 2436 1782 2467 cf.

1116 2478 1213 2508 Dion.
1231 2478 1292 2508 viii.
1311 2487 1360 2518 35.

1157 2519 1176 2551 6
1202 2522 1367 2551 Traditum
1389 2522 1451 2558 est]
1484 2520 1561 2551 Non
1583 2522 1783 2560 aspernanda

1115 2567 1160 2593 est
1176 2564 1241 2594 Iac.
1249 2563 1403 2593 Gronovii
1416 2563 1609 2601 coniectura,
1618 2565 1783 2602 traditum,

1113 2610 1144 2636 eb
1168 2606 1268 2636 nihilo
1292 2607 1401 2646 mayz's.
1455 2606 1566 2637 Simile
1595 2607 1782 2646 exemplum

1116 2648 1176 2679 vid.
1193 2648 1275 2678 infra
1290 2647 1341 2678 vii.
1359 2658 1408 2687 40.
1433 2649 1538 2680 Cnssv.

1160 2699 1175 2730 7
1200 2692 1474 2731 Volumniamque]
1500 2692 1700 2722 Volumniam
1714 2700 1781 2722 ma-

1116 2737 1208 2770 trem,
1235 2738 1266 2764 et
1298 2733 1473 2773 Vergiliam
1502 2743 1634 2764 uxorem
1665 2733 1781 2764 Marcii

1116 2776 1234 2806 dictam
1257 2776 1354 2806 tradit
1374 2777 1461 2807 Plut.
1478 2775 1596 2807 Coriol.
1618 2777 1661 2806 Id
1674 2777 1780 2816 publi-

1114 2830 1183 2849 cum
1204 2820 1370 2849 consilinm
1388 2823 1447 2850 etc.
1471 2822 1633 2849 auctorem
1657 2817 1778 2848 consilii

1114 2861 1209 2892 fuisse
1230 2862 1393 2891 Valeriam
1419 2861 1606 2901 Poplicolae
1629 2869 1779 2897 sororem,

1113 2904 1205 2934 refert
1220 2904 1316 2935 Dion.
1333 2903 1394 2935 viii.
1410 2913 1458 2943 54.
1484 2904 1567 2935 Ruv.
