1934 3211
193 242 236 273 U.
253 243 290 273 O.
308 251 380 282 451.

191 286 230 317 A.
253 285 290 316 C.
308 294 379 324 301.

409 149 492 188 560
924 147 1071 190 ΤΙΤΙ
1106 147 1284 189 LIVII

407 236 564 277 tavium
584 246 681 279 sunt
701 239 904 288 nuntiata,
926 239 1109 295 (semper
1135 248 1274 280 autem
1303 252 1374 279 eos
1401 237 1446 278 in
1473 237 1597 279 almis
1623 236 1785 279 accolae

409 293 522 335 Galli
546 294 808 360 habebant)
799 312 842 337 111
867 297 969 337 duas
996 305 1133 352 partes
1161 297 1230 337 iuv
1232 304 1421 337 entutem
1441 295 1647 337 dividunt.
1708 295 1787 336 Al-

406 360 495 393 tera
514 352 559 393 in
579 368 806 409 regionem,
829 369 912 410 qua
933 355 1062 395 effusa
1081 354 1294 410 populatio
1315 353 1610 403 nuntiabatur3
1643 352 1784 403 altera,

403 424 457 450 ne
485 410 553 451 cui
580 411 838 466 praedonum
860 412 982 453 obvia
1001 411 1132 461 fieret,
1155 411 1282 453 altero
1310 411 1457 452 itinere
1487 411 1539 452 ad
1564 410 1783 452 stationem
1799 429 1812 452 1

402 468 571 509 navium
607 468 756 525 (millia
795 478 934 510 autem
970 469 1305 524 quattuordecim
1344 469 1394 510 ab
1430 468 1584 525 oppido
1623 467 1785 524 aberat)

403 525 538 566 ducta.
601 525 652 567 In
687 542 811 568 naves
846 542 1002 582 parva&
1032 526 1271 567 custodibus
1303 526 1574 582 interemptis,
1603 527 1783 582 impetus

402 582 559 648 factu53
593 584 808 640 territique
830 592 979 624 nautae
1001 592 1208 639 coguntur
1228 598 1352 624 naves
1380 583 1423 623 in
1451 583 1622 624 alteram
1648 584 1782 640 ripam

402 642 535 681 amnis
556 650 804 682 t1‘1nsuceie
871 641 956 681 Et
948 656 991 680 111
1013 649 1121 681 terra
1140 655 1384 696 pr·ospe1um
1408 655 1539 696 aeque
1560 641 1605 682 in
1624 641 1783 697 palatos

401 713 463 753 pl
452 698 664 738 ‘tedatores
685 698 888 754 proelium
906 698 1061 739 fuerat:
1086 698 1470 754 refugientibusque
1487 698 1540 738 ad
1560 699 1781 740 stationem

405 755 575 796 Giaecis
600 755 751 796 Veneti
772 756 988 797 obsistunt.
1041 755 1136 796 Ita
1126 770 1171 795 111
1192 755 1330 796 1110(110
1351 755 1622 797 circumventi
1641 756 1781 798 hostes

400 813 731 869 caesique3pa1s
745 814 855 870 capti
871 813 1040 854 classem
1055 813 1243 854 indicant
1256 828 1481 869 regemque
1498 811 1780 870 Cleonymum

400 870 476 910 tria
496 870 626 912 millia
641 871 793 912 abesse.
836 871 955 920 Inde,
974 871 1146 927 captivis
1166 871 1356 927 proximo
1372 870 1464 911 vico
1484 870 1528 910 in
1549 871 1779 912 custodiam

398 927 516 978 datis,
539 944 633 984 pars
657 929 876 970 fluviatiles
902 944 1040 978 naves,
1063 928 1116 969 ad
1146 928 1380 984 superanda
1405 928 1511 969 vada
1540 937 1780 985 stagnorum

396 994 492 1042 apte
523 986 656 1042 planis
686 986 811 1028 alveis
841 987 1069 1036 fabricatas,
1098 1001 1192 1042 pars
1225 986 1386 1042 captiva
1417 986 1582 1041 navigia
1613 986 1779 1027 armatis

397 1044 632 1100 complent:
666 1044 923 1101 profectique
946 1044 999 1085 ad
1020 1044 1203 1093 classem,
1228 1043 1460 1085 immobiles
1480 1059 1605 1085 naves
1625 1052 1668 1085 et
1688 1044 1780 1085 loca

395 1101 538 1156 ignota
571 1101 677 1157 plus,
715 1117 840 1158 quam
875 1103 1049 1152 hostem,
1086 1102 1292 1151 timentes,
1329 1101 1669 1143 circumvadunt:
1713 1102 1778 1143 fu-

395 1159 640 1215 gientesque
674 1161 718 1200 in
751 1159 879 1201 altum
911 1160 1056 1209 acrius,
1083 1175 1209 1216 quam
1240 1167 1532 1215 repugnantes,
1559 1175 1691 1216 usque
1723 1159 1778 1200 ad

395 1216 547 1257 ostium
576 1218 708 1258 amnis
735 1218 953 1274 persecuti,
983 1218 1112 1273 captis
1134 1217 1382 1273 quibusdam
1410 1217 1672 1274 incensisque
1702 1232 1776 1259 na-

394 1274 512 1315 vibus
544 1274 738 1325 hostium,
768 1291 870 1331 quas
903 1275 1124 1331 trepidatio
1157 1291 1201 1315 m
1228 1274 1333 1316 vada
1364 1274 1574 1324 intulelat,
1599 1275 1776 1316 victores

393 1341 667 1373 revertuntur.
734 1333 1004 1390 Cleonymus,
1033 1333 1104 1373 vix
1132 1332 1280 1389 quinta
1310 1340 1426 1388 parte
1459 1333 1629 1373 navium
1660 1332 1773 1373 inco-

393 1389 509 1439 lumi,
538 1390 653 1432 nulla
684 1392 852 1447 10310110
886 1406 1010 1432 1113115
1042 1390 1275 1431 Had1iatici
1309 1405 1502 1455 prospere
1535 1390 1658 1440 adita,
1691 1390 1805 1431 dis-2

394 1448 526 1488 cessit.
591 1448 742 1489 Rostra
755 1449 924 1490 navium
937 1448 1150 1513 spoliaque
1165 1448 1421 1497 Laconum,
1412 1463 1455 1488 m
1476 1447 1578 1489 aede
1600 1447 1775 1489 Iunonis

393 1505 522 1545 veteri
546 1506 642 1555 fixa,
665 1506 784 1547 multi
813 1515 1046 1562 supersunt,
1069 1522 1143 1561 qui
1163 1506 1357 1546 viderunt
1381 1505 1554 1546 Patavii.
1617 1505 1775 1547 Monu-

393 1570 582 1603 mentum
614 1564 768 1604 navalis
797 1579 961 1619 pugnae
993 1579 1043 1605 eo
1071 1564 1151 1613 die,
1179 1579 1262 1619 quo
1293 1579 1333 1619 pi
1353 1572 1523 1604 &natum
1555 1571 1628 1612 est,
1652 1571 1774 1619 quot-

394 1619 513 1660 annis
539 1620 714 1661 sollenni
740 1621 963 1662 certamine
992 1621 1160 1661 navium
1188 1622 1233 1661 in
1263 1621 1435 1661 flumine
1460 1620 1604 1676 oppidi
1634 1620 1773 1662 medio

392 1686 619 1719 exercetur.

450 1734 611 1776 Eodem
634 1750 743 1776 anno
762 1735 922 1777 Romae
943 1750 1039 1776 cum
1055 1734 1252 1784 Vestinis,
1273 1735 1512 1791 petentibus
1533 1735 1769 1785 amicitiam,

391 1792 522 1832 ictum
543 1801 605 1833 est
624 1793 780 1834 foedus.
834 1793 1062 1849 Multiplex
1082 1792 1235 1833 deinde
1257 1801 1424 1833 exortus
1446 1800 1587 1833 terror.
1645 1792 1771 1834 Etru-

391 1849 493 1890 riam
534 1850 745 1900 rebellare,
782 1852 833 1892 ab
869 1850 1162 1891 Arretinorum
1202 1849 1474 1891 seditionibus
1513 1858 1629 1891 motu
1665 1858 1769 1901 orto,

391 1907 685 1949 nuntiabatur:
731 1908 802 1949 ubi
841 1907 1029 1949 Cilnium
1067 1923 1199 1963 genus
1238 1922 1336 1963 prae
1370 1916 1500 1956 otens,
1532 1907 1801 1955 divitiarum3

390 1964 560 2030 invidia,
601 1965 699 2021 pelli
745 1965 866 2006 armis
910 1973 1131 2021 coeptum:
1177 1964 1299 2005 simul
1339 1922 1502 2005 Klarsos
1544 1979 1690 2021 agrum
1727 1965 1770 2007 vi

392 2022 512 2072 tueri,
534 2023 578 2063 in
600 2038 726 2078 quem
747 2022 909 2064 colonia
932 2022 1118 2064 Carseoli
1139 2022 1320 2063 deducta
1339 2030 1438 2071 erat,
1461 2030 1658 2078 quattuor
1677 2022 1770 2063 mil-

176 2091 222 2121 M.
232 2090 380 2121 valemus
391 2079 499 2121 libus
519 2080 737 2122 hominum
759 2080 930 2136 scriptis.
974 2080 1122 2136 Itaque
1143 2088 1312 2144 propter
1327 2094 1397 2120 eos
1417 2078 1619 2121 tumultus
1634 2079 1770 2122 dictus

177 2134 249 2164 dict
244 2137 321 2165 itor.

392 2137 453 2178 M.
478 2137 669 2179 Valerius
705 2138 919 2179 Maximus
954 2138 1142 2187 dictator,
1178 2137 1422 2193 magistrum
1461 2137 1652 2193 equitum
1691 2137 1769 2179 sibi

390 2195 491 2251 legit
524 2195 586 2237 M.
610 2195 840 2237 Aemilium
873 2195 1078 2236 Paullum
1141 2194 1193 2236 Id
1224 2195 1354 2251 magis
1386 2194 1523 2245 credo,
1553 2209 1678 2251 quam
1711 2195 1765 2243 Q.

390 2252 564 2294 Fabium
595 2269 645 2294 ea
674 2262 808 2294 aetate
839 2262 964 2309 atque
995 2253 1044 2294 iis
1074 2252 1300 2294 honoribus
1321 2251 1490 2293 Valerio
1521 2252 1764 2294 subiectum.

392 2309 591 2352 Ceterum
620 2326 672 2352 ex
695 2311 875 2352 Maximi
902 2311 1149 2367 cognomine
1179 2319 1332 2351 ortum·
1344 2324 1524 2351 errorem
1553 2309 1667 2351 haud
1695 2310 1798 2355 ab-4

435 2472 446 2493 1
473 2464 582 2494 Altero
597 2463 727 2500 itinere]
756 2461 942 2501 Legendum
964 2465 1053 2500 puta·
1099 2461 1271 2500 quicquam
1287 2462 1423 2492 tentavit
1440 2461 1590 2501 Pyrrhus.

389 2507 461 2535 bam
478 2507 541 2535 alio
552 2518 562 2536 :
585 2506 640 2536 sed
661 2505 743 2535 hanc
760 2504 975 2534 coniecturam
990 2503 1055 2534 iam
1142 2513 1158 2541 3
1177 2505 1317 2534 Cilnium
1329 2515 1433 2543 yenus
1444 2504 1652 2544 praepotens]
1666 2504 1765 2540 Quod

388 2548 552 2587 praecepit
565 2547 754 2578 Gronovius.
771 2547 911 2577 STROTH.
950 2546 1055 2585 Magis
1100 2545 1255 2577 Romanis
1292 2546 1435 2585 partibus
1470 2547 1609 2584 favebat,
1645 2546 1766 2586 quippe

388 2591 478 2620 nobis
500 2590 617 2620 arridet
634 2589 810 2620 Burmanni
834 2589 1015 2619 coniectura
1036 2599 1056 2619 a
1099 2588 1239 2619 Romani
1265 2588 1419 2619 rationem
1448 2588 1512 2619 iam
1541 2589 1766 2627 adhibuerant,

390 2633 653 2663 Drakenborchio
675 2633 819 2671 probata,
841 2633 911 2663 avio
930 2633 1053 2662 itinere.
1099 2641 1162 2670 qua
1182 2631 1282 2661 socios
1300 2631 1432 2661 Italicos
1450 2642 1511 2670 per
1532 2633 1696 2671 optimates
1717 2642 1763 2662 re-

391 2675 499 2706 Dofflz.

432 2728 449 2747 2
473 2720 576 2748 Nulla
598 2719 740 2757 reyione]
774 2716 921 2748 Subsidia
947 2721 1054 2746 tamen

390 2760 464 2789 belli
483 2760 514 2790 in
531 2762 670 2800 Corcyra
684 2760 787 2790 insula
803 2760 952 2795 habebat,
968 2760 1052 2789 unde

389 2803 527 2831 secundo
544 2807 614 2841 post
628 2813 712 2832 anno
728 2801 879 2832 discessit.
915 2802 1052 2841 Cleony-

389 2853 475 2872 mum
500 2849 609 2882 postca
632 2845 663 2875 in
687 2855 817 2883 regnum
838 2854 1051 2874 1010031030-

1097 2678 1216 2711 gerent.
1253 2673 1350 2705 Cilnii
1364 2684 1437 2704 vero
1451 2674 1653 2705 Lucumones
1663 2678 1762 2705 erant.

1100 2716 1233 2747 Niehhr.
1250 2716 1269 2746 i.
1286 2727 1316 2746 n.
1335 2717 1404 2755 380.

1138 2771 1157 2796 4
1174 2760 1319 2790 Ceterum
1335 2770 1374 2789 ear
1389 2760 1547 2796 Maximi]
1575 2759 1640 2789 Hic
1655 2758 1762 2799 magni

1097 2811 1215 2831 errores
1228 2801 1397 2840 implicant
1410 2805 1442 2831 et
1454 2801 1631 2839 nominum,
1640 2804 1672 2831 et
1683 2805 1760 2832 tem-

1098 2854 1208 2883 porum
1224 2856 1230 2874 :
1257 2844 1340 2874 unde
1357 2848 1388 2874 et
1403 2843 1511 2883 aliqua
1530 2844 1617 2884 apud
1634 2842 1766 2875 Livium.
