1934 3211
637 149 765 191 ΜΒ.
800 149 877 217 Χ..
902 151 1050 193 CAP.
1083 156 1151 194 46.
1503 143 1597 198 609⁴

183 253 281 280 cum
302 240 457 282 maiore
478 254 564 290 sua,
587 254 713 296 quam
736 239 934 290 hostium,
952 241 1111 282 iactura
1131 242 1357 284 dimicavit.
1421 244 1582 287 Castris
1598 257 1641 289 U.
1658 259 1696 290 c.
1714 268 1787 299 459·

182 295 338 338 deinde
378 297 538 354 positis,
571 296 793 338 moenibus
824 296 990 338 hostem
1029 297 1210 340 inclusit.
1276 299 1582 357 Oppugnatum
1594 301 1633 332 Α·
1658 301 1696 333 C.
1715 310 1787 342 293·

182 367 208 394 ο
238 353 388 410 pidum
404 362 672 410 captumque.
736 353 790 395 In
810 353 875 396 his
889 354 1021 396 tribus
1041 355 1216 397 urbibus
1237 367 1359 413 capta
1371 367 1443 400 aut
1463 374 1583 402 caesa

265 410 414 452 decem
434 411 566 452 millia
595 411 842 453 hominum:
875 412 936 453 ita
966 420 1013 454 ut
1033 428 1162 469 parvo
1193 412 1421 455 admodum
1443 416 1582 471 plures

179 479 443 524 caperentur.
520 468 802 511 Sortientibus
841 470 1076 526 provincias
1116 470 1369 521 consulibus,
1413 472 1583 514 Etruria

180 522 368 567 Carvilio
398 526 541 568 evenit
570 526 805 568 secundum
843 535 941 568 vota
971 527 1166 578 militum,
1198 527 1273 585 qui
1303 529 1388 569 vim
1418 529 1582 585 frigoris

180 581 265 623 iam
298 583 343 623 in
382 582 554 625 Samnio
589 599 677 625 non
711 584 991 640 patiebantur.
1054 584 1224 641 Papirio
1260 585 1313 627 ad
1352 585 1582 642 Saepinum

178 640 312 681 maior
331 641 393 682 vis
413 640 598 683 hostium
619 642 782 683 restitit.
848 641 982 698 Saepe
1005 642 1050 683 in
1071 643 1174 693 acie,
1192 658 1316 699 saepe
1337 644 1383 684 in
1399 644 1580 700 agmine,

178 711 303 754 saepe
324 698 436 740 circa
455 699 588 755 ipsam
609 700 758 740 urbem
783 699 980 741 adversus
1008 700 1250 757 eruptiones
1270 700 1455 743 hostium
1506 717 1583 758 ug-

145 765 164 797 8
177 763 348 797 natum:
382 771 522 812 neque
544 756 721 805 obsidio,
744 771 884 812 neque
904 757 1063 798 bellum
1085 773 1139 799 ex
1159 773 1296 814 aequo
1315 768 1415 800 erat.
1507 758 1580 801 Ton

177 811 293 854 enim
314 814 445 854 muris
461 813 593 868 magis
613 829 657 854 se
682 813 904 864 Samnites,
923 830 1050 870 quam
1072 815 1197 856 armis
1218 831 1265 857 ac
1281 816 1380 858 viris
1400 816 1580 867 moenia,

177 870 435 911 tutabantur.
518 869 714 912 Tandem
760 871 992 927 pugnando
1032 872 1077 913 in
1121 873 1384 914 obsidionem
1428 873 1582 915 iustam

175 927 317 983 coegit
343 927 507 969 hostes:
541 927 861 984 obsidendoque
889 929 930 970 vi
958 937 1084 985 atque
1113 930 1310 986 operibus
1337 931 1486 973 urbem
1507 946 1581 972 ex-

174 984 391 1041 pugnavit.
454 984 607 1041 Itaque
638 986 690 1027 ab
719 985 782 1026 ira
810 985 905 1042 plus
935 986 1074 1028 caedis
1102 987 1277 1037 editum,
1299 997 1421 1044 capta
1451 989 1578 1030 urbe:

174 1051 338 1099 septem
366 1041 500 1084 millia
527 1042 827 1099 quadringenti
858 1044 990 1085 eaesi:
1024 1054 1149 1101 capta
1175 1045 1316 1087 minus
1347 1046 1426 1087 tria
1450 1046 1582 1088 millia

173 1099 420 1141 hominum:
454 1099 621 1157 praeda,
644 1116 752 1157 quae
773 1100 955 1157 plurima
978 1101 1070 1152 fuit,
1093 1103 1301 1159 congestis
1325 1102 1579 1145 Samnitium

173 1157 299 1199 rebus
319 1157 366 1199 in
385 1158 509 1199 urbes
530 1173 697 1214 paucas,
720 1158 842 1199 militi
864 1174 1062 1200 concessa
1081 1168 1154 1201 est.

233 1214 367 1257 Nives
402 1215 486 1257 iam
521 1216 665 1258 omnia
699 1231 724 1257 o
756 1215 985 1273 pleverant,
1021 1232 1100 1258 nec
1136 1217 1277 1259 durari
1313 1227 1432 1260 extra
1467 1227 1579 1260 tecta
1658 1220 1727 1259 46.

205 1281 362 1322 oterat3
414 1273 558 1330 itaque
599 1289 730 1315 consu
793 1275 1026 1316 exercitum
1073 1274 1126 1316 de
1171 1274 1343 1317 Samnio
1383 1276 1574 1318 deduxit.
1592 1275 1712 1316 Papirii
1729 1276 1783 1307 tri-

173 1287 380 1372 {sementi
404 1330 586 1372 Romam
608 1331 847 1388 triumphus
875 1333 1065 1373 omnium
1086 1348 1294 1374 consensu
1315 1342 1378 1374 est
1397 1333 1574 1376 delatus.
1589 1328 1668 1359 ΜΨ
1670 1319 1740 1350 hus.

174 1387 474 1445 Triumphavit
502 1389 548 1429 in
579 1389 838 1445 magistratu,
860 1389 1030 1446 insigni,
1063 1399 1110 1431 ut
1141 1390 1307 1432 illorum
1339 1400 1576 1448 temporum

172 1444 342 1487 habitus
362 1455 464 1497 erat,
487 1447 714 1503 triumpho.
777 1446 950 1489 Pedites
979 1448 1226 1504 equitesque
1250 1448 1436 1505 insignes
1456 1449 1578 1491 donis

139 1499 388 1563 fftransiere,
415 1519 463 1545 ac
491 1505 717 1546 transvecti
744 1513 864 1546 sunt:
899 1505 1055 1547 multae
1087 1505 1243 1547 civicae
1271 1521 1463 1555 coronae,
1493 1506 1580 1547 val-

170 1559 376 1617 laresque,
399 1576 447 1603 ac
469 1562 649 1603 murales
670 1571 931 1618 conspectae.
995 1562 1236 1619 Inspectata
1255 1562 1387 1619 spolia
1412 1562 1578 1604 Samni·

140 1635 158 1656 2
173 1618 303 1660 tium:
337 1628 380 1660 et
396 1619 548 1661 decore
565 1634 612 1661 ac
629 1619 944 1676 pulchritudine
962 1620 1148 1676 paternis
1168 1620 1323 1677 spoliis,
1347 1635 1455 1676 quae
1478 1630 1578 1662 nota

170 1675 383 1732 frequenti
435 1676 670 1718 ublicorum
687 1686 838 1718 ornatu
854 1677 1043 1718 locorum
1060 1687 1192 1727 erant,
1211 1679 1573 1734 comparabantur.

171 1732 352 1775 Nobiles
379 1691 541 1790 aiiquot
572 1734 741 1790 captivi,
764 1734 864 1775 clari
895 1735 980 1775 suis
1008 1744 1260 1791 patrumque
1289 1735 1421 1785 factis,
1444 1735 1572 1777 ducti.

171 1790 298 1832 Aeris
327 1791 464 1848 gravis
495 1800 729 1832 transvecta
759 1792 886 1832 vicies
927 1801 1107 1833 centena
1137 1801 1180 1834 et
1210 1792 1263 1833 ad
1294 1793 1466 1848 triginta
1497 1794 1577 1834 tria

170 1847 313 1889 millia.
377 1848 429 1889 Id
457 1863 526 1889 aes
553 1848 771 1889 redactum
802 1863 857 1889 ex
887 1849 1062 1904 captivis
1083 1849 1312 1891 dicebatur.
1379 1850 1572 1906 Argenti,

202 1905 288 1948 uod
309 1914 479 1962 captum
501 1920 554 1946 cx
578 1905 750 1946 urbibus
766 1914 868 1955 erat,
886 1905 1029 1961 pondo
1052 1905 1164 1946 mille
1183 1915 1372 1947 trecenta
1388 1907 1570 1962 triginta.

170 1921 312 2005 amne
334 1978 403 2003 aes
424 1971 644 2018 argentum
680 1977 730 2002 ue
761 1962 804 2002 in
833 1962 1039 2003 aerarium
1067 1962 1297 2004 conditum.
1361 1962 1573 2006 Militibus

167 2020 274 2061 nihil
297 2020 443 2061 datum
466 2034 519 2060 cx
542 1977 698 2075 praedia
718 2027 803 2060 cst:
838 2028 1045 2075 auctaque
1075 2035 1123 2061 ea
1146 2019 1303 2060 invidia
1324 2029 1387 2061 cst
1408 2020 1460 2061 ad
1483 2021 1572 2077 plc-

168 2078 278 2128 bem,
301 2077 417 2134 quod
440 2077 643 2118 tributum
667 2076 792 2117 ctiam
816 2077 858 2116 in
881 2077 1138 2132 stipendium
1168 2077 1349 2118 militum
1372 2077 1570 2119 collatum

167 2145 252 2177 cst:
306 2150 453 2191 quum,
486 2134 518 2174 si
550 2143 688 2190 spreta
722 2133 855 2189 gloria
889 2134 1033 2175 fuisset
1064 2134 1252 2190 captivae
1284 2135 1488 2190 pecuniae
1527 2136 1567 2177 iu

167 2193 373 2235 aerarium
397 2192 547 2241 illatae,
565 2201 607 2233 et
628 2190 751 2232 militi
775 2200 863 2232 tum
886 2191 974 2232 dari
992 2207 1044 2232 cx
1083 2192 1234 2240 ›racda,
1253 2201 1293 2233 ct
1311 2193 1568 2248 stipendium

137 2251 346 2296 3militare
368 2249 567 2307 praestari
590 2249 803 2305 potuisset.
867 2248 1031 2290 Aedem
1058 2251 1076 2290 ί
1104 2249 1241 2298 uiriui‚
1265 2265 1391 2306 quam
1416 2250 1457 2291 iu
1481 2250 1570 2307 ipsa

215 2391 234 2422 8
263 2393 378 2432 Neque
409 2392 538 2425 obsidio.
570 2401 671 2430 neque
708 2390 841 2426 bellum]
889 2388 1022 2427 equites.
1048 2390 1155 2419 ‹fni-w.

167 2434 314 2465 Multum
342 2435 449 2474 placet
471 2444 554 2472 qime
579 2433 608 2462 in
635 2444 698 2462 uuo
722 2431 844 2467 codice,
938 2440 946 2460 1
975 2432 1104 2460 Fit-scm·
1127 2442 1272 2464 coronae.
1297 2432 1508 2473 vallaresque,
1530 2444 1568 2464 nc

166 2481 250 2508 teste
276 2477 454 2514 Gronau-io,
480 2476 638 2515 scripturn
666 2474 840 2514 reperitur:
888 2475 1044 2511 muralem}
1085 2474 1135 2504 Dc
1153 2474 1254 2503 civica
1269 2479 1300 2504 et
1319 2475 1433 2505 mur-uli
1451 2485 1569 2506 corona

167 2521 282 2560 Neque
307 2521 437 2554 obsidio,
462 2521 517 2549 ml
541 2520 654 2548 lwllum
678 2530 718 2547 m·
743 2528 844 2556 acqua
891 2516 1059 2546 vid.u‹1vi.
1075 2525 1122 2546 το.
1171 2518 1320 2551 ΙίιΙΙανιί,
1336 2517 1402 2547 niu·
1419 2519 1566 2549 (laun-en-

166 2567 246 2593 erae.
285 2563 411 2593 Bellum
428 2573 468 2592 m·
483 2573 584 2602 aequo
600 2567 644 2591 cst
664 2561 742 2590 illud
757 2561 842 2598 quud
887 2560 930 2589 nis
947 2564 1013 2588 erut
1031 2569 1159 2593 conum,
1175 2570 1237 2597 qun
1255 2560 1395 2589 dormiunt
1413 2571 1487 2590 vum
1511 2560 1566 2590 im·

166 2609 280 2644 aperto
300 2615 429 2645 campo,
450 2610 481 2634 et
504 2605 658 2634 instructu
683 2603 843 2640 utrimque
890 2606 1027 2641 ponitur.
1054 2601 1107 2640 qui
1142 2601 1263 2640 primus
1293 2602 1432 2632 {mutium
1464 2608 1568 2634 cimtru

166 2647 237 2678 acie
251 2648 379 2687 geritur.
417 2646 841 2677 llmwlectinnvmfirmant
892 2654 1037 2683 pugnum·
1068 2644 1243 2675 introierat.
1296 2644 1345 2674 Eu
1375 2655 1491 2675 corona
1522 2646 1565 2676 in-

165 2700 249 2729 qune
259 2696 448 2730 sequuntur.
465 2692 571 2720 Ciu-zv.
601 2690 663 2718 Nm!
674 2689 786 2718 bellum
801 2698 843 2716 τυ·
890 2687 977 2723 »igne
997 2686 1070 2716 mni
1092 2686 1239 2716 habt-hm.
1288 2686 1370 2717 Fit-ri
1387 2689 1511 2718 »alelmi
1527 2698 1565 2719 ex

168 2732 259 2772 ponit
274 2733 413 2764 Bckker.
428 2733 513 2771 quod
533 2732 575 2761 itu
592 2742 663 2761 cum
680 2729 845 2759 (honorio
889 2739 977 2760 uuro.
1027 2729 1119 2759 llaec
1136 2729 1265 2758 Gellius
1284 2739 1309 2760 v.
1326 2730 1356 2760 6.
1381 2733 1487 2761 Clu-zv.

168 2779 282 2806 verula:
295 2776 428 2806 nonium
440 2772 845 2808 videbuntui-obsideri,scd
938 2781 951 2801 2
980 2772 1133 2802 l'nlaerm's
1154 2772 1280 2811 apoliia]
1323 2772 1428 2802 Senti·
1449 2772 1569 2803 auratis

166 2816 197 2847 in
211 2828 329 2858 cumpo
347 2828 438 2857 parca
452 2827 525 2847 cum
545 2817 673 2856 paribus
686 2815 846 2852 congredi.
892 2814 1099 2848 Samnitium.
1128 2814 1169 2843 nb
1201 2813 1294 2844 hui-n·
1325 2814 1446 2855 Papirii
1479 2821 1568 2855 putre

215 2871 235 2901 9
263 2862 446 2894 Trnnxierc,
476 2870 514 2889 nt·
545 2859 718 2889 transverti
749 2858 843 2893 ΜιηΙΙ
892 2857 1101 2887 dcvii-torum.
1133 2857 1172 2886 cf.
1190 2867 1275 2895 supr.
1294 2856 1334 2887 ix.
1353 2867 1403 2895 4ο.

170 2903 342 2933 'l'musierc
385 2902 519 2941 pediu-s.
557 2902 729 2931 trnrwvcrli
772 2905 847 2929 suan!
943 2909 959 2936 ,ς
989 2900 1105 2930 Aedem
1133 2900 1282 2937 Quirini}
1327 2900 1365 2931 ln
1398 2900 1458 2932 hac
1489 2901 1567 2930 ned«-

230 2957 326 2984 vol„
355 2958 379 2985 1.
1275 2956 1296 2981 R
1321 2957 1338 2981 Γ
