1934 3211
242 410 306 448 19.

166 464 310 512 Cnollatio
323 475 373 495 co-

166 517 305 546 piarum.

389 148 470 186 522
909 144 1057 186 TITI
1093 144 1275 187 LIVII

352 266 359 272 .
387 235 633 276 offerentem
673 250 738 276 se:
786 234 991 276 Romanis
1031 235 1153 276 multi
1193 235 1382 285 fuissent,
1421 235 1682 301 Alexandro,
1719 236 1785 277 vel

352 307 359 315 ·
386 292 529 347 gloria,
552 291 619 333 vel
639 307 779 334 rerum
800 292 1105 348 magnitudine,
1127 308 1273 349 pares·
1264 325 1274 342 ,
1308 308 1488 349 quorum
1508 308 1583 334 suo
1604 293 1784 350 quisque
1798 310 1817 341 3

385 349 484 399 fato,
506 350 595 391 5130
616 349 785 406 publico
806 348 1060 415 diseiimine,
1077 350 1235 392 viveret
1256 359 1583 407 morereturque.

446 407 608 457 Restat,
646 416 694 448 ut
725 407 869 463 copiae
903 407 1034 463 copiis
1067 416 1365 464 comparentur
1393 408 1460 449 vel
1495 423 1685 457 numero,
1716 407 1782 448 vel

386 464 568 506 militum
589 480 757 520 genele,
779 464 846 505 vel
867 464 1138 505 multitudine
1160 465 1422 506 auxiliorum.
1488 464 1784 506 censebantur

386 522 476 563 eius
511 522 657 563 aetatis
696 521 836 563 lustris
871 521 1037 562 ducena
1077 522 1377 578 quinquagena
1418 522 1548 563 millia
1581 523 1780 579 capitum.

385 579 576 635 Itaque,
567 595 611 619 111
632 579 748 620 omni
769 578 1006 619 defectione
1028 579 1234 619 sociorum
1249 579 1393 620 Latini
1413 580 1608 630 nominis,
1623 580 1783 621 urbano
1795 598 1815 626 4

384 652 514 693 prope
533 636 701 677 delectu
715 636 862 676 decem
884 635 1173 676 scribebantur
1188 635 1397 700 legiones·
1431 637 1625 691 quaterni
1642 637 1783 693 quini-

385 709 467 749 que
496 693 704 734 exercitus
725 707 848 747 saepe
880 707 956 748 per
983 707 1054 733 eos
1081 708 1212 734 annos
1243 708 1288 733 111
1314 693 1527 743 Etruria,'
1517 709 1561 734 111
1591 694 1782 744 Umbria,

388 750 522 791 Gallis
549 750 738 790 hostibus
764 749 984 799 adiunctis,
1008 749 1052 790 in
1087 749 1270 800 Samnio,
1293 750 1338 790 in
1367 750 1552 791 Lucanis
1581 752 1783 806 gerebant

383 807 552 848 bellum.
615 807 787 848 Latium
819 807 973 848 deinde
995 822 1120 848 omne
1149 822 1247 848 cum
1281 807 1458 858 Sabinis,
1481 816 1524 848 ct
1543 807 1718 858 Volscis,
1740 817 1783 850 et

384 865 562 921 Aequis,
586 873 628 906 01
650 864 765 906 omni
790 863 1037 920 Campania,
1061 873 1103 905 et
1123 873 1240 920 palte
1264 864 1466 906 Umbriae
1490 864 1780 922 Etruriaeque,

384 931 428 964 et
461 922 720 972 Picentibus,
751 930 795 963 et
830 921 994 972 Marsis,
1033 922 1318 978 Pelignisque,
1351 938 1398 964 30
1434 922 1622 963 Vestinis
1656 931 1782 979 atque

385 979 551 1036 Apulis,
581 980 863 1035 adiunctaque
899 979 1015 1021 omni
1049 995 1121 1021 ora
1155 979 1415 1021 Graecorum
1448 979 1572 1021 inferi
1603 980 1728 1021 maris
1759 995 1785 1021 a

385 1037 559 1078 Thuriis
588 1037 813 1093 Neapolim
845 1045 888 1078 ct
920 1036 1092 1087 Cumas,
1122 1046 1165 1078 et
1197 1037 1297 1078 inde
1332 1037 1465 1079 Antio
1493 1046 1619 1093 atque
1653 1037 1784 1079 Ostiis

384 1103 508 1136 tenus
547 1094 768 1144 Samnites,
805 1103 879 1136 aut
918 1095 1050 1136 socios
1084 1094 1243 1136 validos
1277 1095 1493 1144 Romanis,
1527 1102 1599 1136 aut
1632 1094 1784 1136 fractos

382 1152 493 1194 bello
514 1152 742 1194 invenisset
755 1152 907 1194 hostes.
970 1151 1066 1208 Ipse
1083 1152 1313 1193 traiecisset
1328 1167 1441 1193 111310
1464 1167 1561 1193 cum
1576 1152 1784 1193 veteranis

382 1209 703 1260 BIacedonibus,
726 1225 813 1251 non
834 1209 928 1265 plus
950 1210 1122 1266 triginta
1142 1209 1326 1250 millibus
1355 1209 1577 1251 hominum
1598 1217 1641 1250 01
1661 1217 1784 1274 quat-

382 1276 478 1308 tuor
510 1267 693 1308 millibus
724 1267 930 1323 equitum,
963 1282 1145 1308 maxime
1168 1266 1477 1308 Thessalorum.
1541 1266 1639 1308 Hoc
1669 1266 1783 1307 enim

382 1325 541 1366 r·ob01is
562 1333 661 1366 erat.
724 1324 885 1373 Persas,
908 1324 1050 1374 Indos,
1074 1324 1258 1380 aliasque
1280 1325 1314 1365 si
1341 1324 1602 1365 adiunxisset
1621 1332 1780 1380 genteS,
1796 1344 1814 1376 5

382 1382 735 1438 impedimentum
775 1382 921 1431 maius,
960 1396 1088 1438 quam
1129 1381 1348 1431 auxilium,
1382 1382 1577 1423 traheret.
1639 1380 1781 1431 Adde,

382 1439 499 1494 quod
540 1440 744 1481 Romanis
785 1439 839 1480 ad
885 1455 1058 1481 manum
1099 1439 1213 1480 domi
1260 1439 1603 1495 supplementum
1649 1446 1780 1480 essct:

383 1496 643 1546 Alexandio,
667 1497 802 1552 (quod
829 1505 973 1553 postea
995 1496 1228 1538 Hannibali
1256 1496 1429 1552 accidit)
1450 1496 1620 1538 alieno
1609 1511 1654 1537 m
1682 1511 1782 1552 agro

382 1552 569 1602 bellanti,
592 1554 801 1594 exeicitus
822 1554 1119 1595 consenuisset.
1182 1554 1328 1603 Α1313,
1346 1554 1505 1610 clipeus
1526 1553 1781 1609 sarissaeque
1796 1566 1816 1599 6

382 1610 487 1659 ilh‘s3
522 1610 717 1651 Romano
733 1619 911 1660 scutum,
927 1612 1059 1652 maius
1076 1611 1240 1666 corpori
1256 1620 1561 1667 tegumentum,
1579 1619 1622 1652 et
1633 1610 1781 1667 pilum,

382 1642 497 1709 haud
517 1667 670 1724 paullo,
695 1683 821 1723 quam
842 1667 972 1717 hasta,
986 1668 1278 1708 vehementius
1294 1668 1381 1709 ictu
1402 1668 1614 1724 missuque
1636 1667 1780 1709 telum.

386 1724 590 1766 Statarius
618 1734 796 1789 uterque
828 1724 959 1774 miles,
982 1724 1149 1765 ordines
1177 1739 1366 1765 servans:
1401 1725 1475 1766 sed
1501 1725 1572 1765 illa
1595 1724 1782 1780 phalanx

382 1782 619 1832 immobilis,
647 1792 689 1823 et
716 1782 842 1823 unius
872 1782 1060 1838 generis:
1096 1782 1291 1823 Romana
1318 1781 1426 1822 acies
1453 1781 1701 1831 distinctior,
1727 1797 1782 1823 ex

382 1840 572 1896 pluiibus
610 1840 798 1896 paitibus
838 1849 1055 1888 constans,
1099 1839 1230 1880 facilis
1274 1839 1486 1895 partienti,
1527 1854 1781 1895 quacunque

384 1912 489 1952 opus
509 1907 631 1947 05501,
645 1897 777 1938 facilis
798 1897 1003 1952 iungenti.
1066 1895 1188 1937 Iam
1178 1911 1223 1936 111
1245 1911 1370 1952 opere
1385 1896 1479 1952 quis
1494 1911 1569 1952 par
1585 1896 1782 1937 Romano

384 1954 534 1995 miles?
565 1955 659 2009 quis
690 1954 743 1995 ad
766 1953 1031 1994 tolerandum
1061 1953 1246 1994 laborem
1267 1953 1445 1994 melior?
1492 1953 1593 1995 Uno
1622 1953 1781 2010 proelio

384 2012 518 2052 victus
558 2011 817 2060 Alexander,
853 2010 964 2052 bello
1003 2010 1137 2052 victus
1176 2018 1295 2051 esset.
1359 2010 1616 2061 Romanum,
1653 2025 1782 2076 quem

387 2068 614 2119 Caudium,
629 2084 757 2125 quem
774 2068 948 2109 Cannae
970 2083 1057 2109 non
1072 2068 1301 2124 fregerunt,
1316 2083 1424 2133 quae
1444 2068 1634 2124 fregisset
1647 2067 1782 2109 acies?

386 2126 479 2167 Nae
502 2126 571 2168 ille
593 2141 729 2182 saepe,
747 2126 911 2167 etiamsi
930 2126 1067 2182 prima
1086 2140 1282 2181 prospere
1304 2126 1553 2175 evenissent,
1571 2126 1720 2167 Persas
1740 2133 1784 2166 et

384 2183 514 2224 Indos
544 2193 587 2225 et
615 2183 828 2225 imbellem
860 2183 1008 2224 Asiam
1039 2183 1280 2239 quaesisset,
1311 2191 1353 2224 et
1385 2198 1484 2224 cum
1510 2183 1677 2224 feminis
1704 2182 1784 2223 sibi

384 2241 541 2281 bellum
577 2241 702 2282 fuisse
745 2241 941 2281 dixisset:
990 2240 1106 2295 quod
1143 2239 1262 2296 Epiri
1296 2255 1439 2297 regem
1475 2239 1781 2289 Alexandrum,

385 2298 597 2340 mortifero
617 2298 789 2340 vulnere
811 2298 956 2348 ictum,
979 2297 1133 2338 dixisse
1154 2297 1308 2348 ferunt,
1332 2305 1486 2339 sortem
1510 2296 1748 2338 bellorum
1737 2311 1782 2337 111
1799 2312 1816 2345 7

429 2459 446 2489 3
461 2451 528 2481 Suo
543 2449 777 2490 quisquesato]
806 2448 907 2478 Prout
923 2457 980 2478 sua
996 2447 1061 2477 cui-
1107 2457 1169 2486 que
1193 2447 1347 2485 Romam,
1367 2450 1482 2487 utpote
1502 2457 1585 2486 quae
1600 2446 1640 2478 A.
1657 2447 1783 2488 Pyrrho

385 2502 447 2530 que
474 2502 539 2522 sors
568 2492 705 2528 tulisset,
729 2491 850 2521 viveret
872 2494 1062 2520 moreretur·
1107 2493 1235 2520 tantum
1262 2500 1326 2520 non
1355 2490 1550 2520 labefactata
1575 2489 1682 2527 fuerit,
1709 2500 1781 2520 con

384 2545 458 2573 que,
475 2535 578 2564 salute
594 2533 792 2574 1eipublicae
807 2532 972 2563 incolumi.
1104 2535 1154 2562 tra
1169 2532 1296 2562 hostem
1309 2531 1558 2562 Macedonicum
1575 2512 1783 2563 suffec’turam

432 2589 452 2615 4
474 2578 637 2608 Sociorum
659 2577 771 2606 Latini
794 2576 949 2612 nominis]
983 2574 1015 2605 h.
1031 2585 1059 2605 0.
1106 2578 1235 2605 censet:
1262 2574 1440 2613 quinetiam
1457 2574 1682 2604 Alexandrum
1698 2573 1782 2605 Afri-

385 2619 563 2656 Sociorum‚
594 2629 636 2650 50.
665 2618 868 2654 Italicorum,
891 2621 923 2647 et
953 2616 1061 2647 Latini
1107 2627 1204 2647 canos
1224 2620 1256 2647 et
1274 2616 1441 2655 Hispanos
1462 2616 1620 2647 veteranis
1639 2615 1705 2647 suis
1727 2616 1782 2647 ad-

385 2661 534 2699 11011111115,
545 2661 665 2701 quippe
680 2671 793 2691 nomen
804 2661 957 2690 Latinum
974 2659 1061 2689 idem
1108 2659 1234 2690 iunctos
1247 2658 1281 2689 in
1299 2658 1431 2690 Italiam
1454 2658 1714 2689 transmissurum
1733 2659 1783 2690 fu·

386 2705 472 2741 quod
487 2704 599 2743 populi
616 2703 735 2734 Latini.
767 2703 806 2733 cf.
823 2702 894 2733 infr.
912 2701 998 2732 xxvi.
1014 2710 1061 2741 15.
1106 2701 1176 2732 isse.

387 2744 524 2777 Niebhr.
540 2747 572 2777 ii.
589 2757 620 2777 u.
642 2755 710 2785 150.
1148 2743 1168 2775 6
1183 2745 1409 2784 S'missaeque]
1436 2743 1562 2774 Hastae
1578 2743 1782 2783 praelongae,

430 2796 446 2825 5
471 2790 602 2826 Persas,
618 2789 732 2826 Indos]
762 2787 944 2818 Niebuhrio
967 2786 1061 2817 aliter
1105 2787 1171 2816 tela
1194 2786 1363 2826 phalangis
1385 2785 1619 2817 Macedonicae
1641 2784 1782 2825 propria,

386 2829 505 2866 placet,
518 2830 571 2868 qui
587 2835 697 2869 gentes
712 2830 844 2861 Italicas
860 2829 993 2859 minime
1004 2830 1059 2859 ad·
1105 2839 1159 2868 qu
1151 2839 1188 2859 10
1204 2829 1291 2859 iactu
1307 2828 1466 2859 inhabiles
1481 2832 1597 2859 essent.

388 2880 494 2901 1015115
517 2872 736 2902 Alexandrum
766 2882 983 2908 c01isensumS,
1007 2882 1059 2902 nc·
1151 2879 1167 2910 7
1188 2873 1248 2902 »Sor
1249 2876 1307 2903 tem
1325 2871 1494 2908 bellorum]
1522 2871 1562 2902 In
1578 2870 1687 2900 haere
1703 2878 1779 2908 quo-
