1934 3211
432 165 511 205 168
945 161 1095 204 ΤΙΤΙ
1136 157 1315 203 LIVII

212 261 257 294 U.
274 261 312 293 C.
330 271 401 302 294·
430 261 517 295 tem
547 252 601 295 ad
631 268 674 294 se
701 252 952 294 vindicabat.
1016 250 1129 292 Tum
1149 251 1320 301 tribuni,
1343 249 1562 294 eludentes
1580 248 1697 292 velut
1715 260 1822 290 vana

212 305 253 378 ᾗ·
269 305 404 378 19:458·
431 310 556 360 dicta,
573 310 766 367 persequi
785 308 1042 366 quaerend0‚
1062 314 1270 364 ‘quonam
1292 309 1419 350 modo
1439 309 1672 351 exercitum
1693 305 1823 347 educ·-

214 357 419 421 iussigigg‘r'ffidj
433 369 542 410 ‘turi
563 367 755 409 consules
776 374 926 416 essent,
950 382 1054 422 quos
1075 365 1286 407 delectum
1305 366 1459 409 habere
1481 381 1607 408 nemo
1627 375 1822 422 passurus

213 431 403 464 reverentia·
435 426 597 468 ‘esset‘?
650 424 786 466 Nobis
806 424 931 473 vero,’
951 423 1091 480 inquit
1115 423 1355 473 Quinctius,
1379 430 1391 448 ‘
1404 424 1510 466 nihil
1529 423 1699 465 delectu
1717 433 1823 476 opus

435 488 448 507 ‘
461 492 546 532 est3
579 497 724 538 quum,
748 497 832 537 quo
854 489 1042 537 tempore
1064 480 1112 521 P.
1136 479 1330 522 Valerius
1352 481 1404 523 ad
1425 480 1716 538 recipiendum
1739 476 1824 518 Ca-

435 546 448 565 ‘
460 539 655 597 pitolium
676 554 790 579 arma
809 537 921 594 plebi
943 537 1072 586 dedit,
1095 552 1241 578 omnes
1260 538 1304 577 in
1326 540 1452 581 verba
1470 537 1710 585 iuraverint,
1725 549 1826 575 con-

437 603 660 639 ‘venturos
681 611 723 637 se
745 596 859 636 iussu
874 594 1067 643 consulis,
1085 608 1164 634 nec
1185 594 1345 636 iniussu
1367 597 1561 638 abituros.
1607 592 1827 635 Edicimus

438 656 619 710 ‘itaque,
652 667 809 701 omnes,
833 652 908 707 qui
937 652 981 691 in
1010 650 1137 691 verba
1166 651 1341 702 iurastis,
1373 648 1561 695 crastina¹
1580 651 1649 692 die
1679 647 1826 690 armati

440 718 452 737 ‘
465 712 519 754 ad
539 712 677 753 lacum
699 708 913 764 Regillum
934 707 1102 748 adsitis.'
1164 707 1361 751 Cavillari
1386 720 1476 752 tum
1497 707 1668 757 tribuni,
1690 715 1733 748 et
1750 720 1827 762 po-

439 769 586 826 pulum
621 766 834 808 exsolvere
870 765 1071 821 religione
1106 764 1236 806 velle:
1282 768 1517 824 ‘privatum
1553 781 1603 808 eo
1638 773 1826 820 tempore

443 825 721 874 ‘Quinctium
756 823 896 872 fuisse,
930 838 1062 878 quum
1097 834 1356 866 sacramento
1389 825 1526 866 adacti
1560 822 1668 864 sint?
1742 819 1828 861 Sed

440 883 632 925 nondum
652 881 769 930 haec,
791 895 898 936 quae
920 895 1033 920 nunc
1055 889 1171 921 tenet
1191 882 1403 923 saeculum
1424 880 1680 938 negligentia
1700 878 1828 920 deum

440 948 637 981 venerat:
669 953 759 979 nec
789 937 1106 993 interpretando
1141 937 1218 978 sibi
1250 940 1427 996 quisque
1463 936 1754 980 iusiurandum
1786 941 1829 976 et

440 997 554 1054 leges
575 1004 690 1052 aptas
709 994 900 1044 faciebat,
923 994 997 1035 sed
1020 1009 1116 1035 suos
1136 996 1273 1050 potius
1294 1012 1430 1038 mores
1451 996 1506 1037 ad
1525 1011 1575 1037 ea
1595 1007 1829 1036 accommo-

441 1055 578 1095 dabat.
640 1052 777 1109 Igitur
798 1052 968 1104 tribuni,
990 1060 1038 1092 ut
1058 1052 1352 1108 impediendae
1383 1054 1444 1095 rei
1473 1052 1589 1094 nulla
1612 1066 1705 1108 spes
1726 1057 1829 1099 erat,

443 1111 496 1153 de
527 1110 777 1167 proferendo
808 1109 926 1150 exitu
956 1123 1102 1164 agere:
1139 1124 1189 1150 eo
1220 1112 1363 1167 magis,
1395 1110 1523 1167 quod,
1557 1116 1624 1151 ‘et
1653 1121 1863 1164 augures4

445 1170 600 1211 ‘iussos
631 1168 773 1209 adesse
804 1166 859 1208 ad
890 1166 1104 1222 Regillum
1134 1166 1298 1218 lacum,’
1318 1168 1429 1209 fama
1451 1168 1623 1217 exierat,
1647 1165 1861 1207 ‘locum-5

445 1232 458 1251 ‘
470 1242 553 1283 que
574 1224 827 1281 inaugurari,
850 1223 922 1264 ubi
944 1223 1156 1279 auspicato
1177 1240 1273 1266 cum
1293 1225 1450 1282 populo
1481 1225 1548 1281 agi
1573 1231 1736 1280 posset3
1768 1230 1830 1271 ut,

446 1283 675 1340 ‘quicquid
698 1282 859 1323 Romae
890 1281 931 1322 vi
962 1280 1186 1323 tribunicia
1214 1292 1406 1338 rogatum
1436 1290 1556 1332 esset,
1578 1281 1623 1322 id
1653 1279 1832 1322 comitiis

445 1341 528 1382 ‘ibi
549 1341 827 1396 abrogaretur.
893 1338 1053 1380 Omnes
1083 1338 1127 1379 id
1157 1340 1352 1390 iussuros,
1381 1339 1498 1396 quod
1527 1337 1717 1381 consules
1745 1335 1833 1377 vel-

446 1397 582 1438 ‘lentz
621 1411 759 1454 neque
796 1396 909 1438 enim
945 1397 1284 1452 provocationem
1320 1412 1407 1439 esse
1439 1397 1606 1454 longius
1641 1395 1693 1437 ab
1729 1393 1832 1435 urbe

445 1454 583 1496 ‘mille
604 1468 823 1511 passuum:
857 1461 900 1494 et
920 1453 1121 1503 tribunos,
1144 1454 1178 1495 si
1198 1470 1248 1496 eo
1269 1455 1507 1505 adveniant,
1529 1455 1587 1504 in,
1604 1453 1684 1494 alia
1712 1451 1834 1493 turba

446 1519 459 1537 ‘
476 1511 707 1561 Quiritium
740 1511 948 1552 subiectos
978 1510 1064 1553 fore
1095 1512 1302 1554 consulari
1337 1512 1539 1569 imperio.’
1598 1509 1834 1552 Terrebant

445 1570 572 1612 haec:
605 1569 681 1612 sed
704 1568 773 1609 ille
802 1567 1007 1608 maximus
1038 1576 1171 1609 terror
1200 1570 1360 1611 animos
1390 1570 1586 1626 agitabat,
1609 1566 1726 1624 quod
1745 1581 1834 1607 sae-

445 1627 540 1684 pius
565 1626 792 1675 Quinctius
813 1624 1043 1673 dictitabat,
1068 1630 1078 1647 ‘
1095 1624 1148 1666 Se
1170 1626 1387 1667 consulum
1410 1627 1581 1668 comitia
1609 1640 1696 1666 non
1716 1622 1835 1664 habi-

449 1691 626 1725 ‘turum.
690 1682 792 1724 Non
820 1682 878 1723 ita
907 1682 1119 1724 civitatem
1151 1698 1317 1739 aegram
1348 1692 1520 1733 esse,·ut
1539 1681 1748 1724 consuetis
1767 1695 1835 1721 re-

450 1741 623 1782 ‘mediis
653 1740 741 1781 sisti
770 1739 912 1796 possit.
975 1738 1193 1781 Dictatore
1225 1756 1328 1797 opus
1359 1755 1447 1782 esse
1477 1739 1745 1796 reipublicae,
1772 1745 1833 1787 ut,

450 1798 549 1855 ‘qui
579 1813 622 1839 se
652 1798 830 1840 moverit
860 1795 913 1838 ad
942 1796 1251 1839 sollicitandum
1281 1806 1436 1839 statum
1456 1797 1647 1846 civitatis,
1669 1795 1833 1844 sentiat,

451 1861 463 1880 ‘
475 1856 564 1897 sine
586 1855 879 1911 provocatione
902 1853 1151 1897 dictaturam
1173 1855 1287 1897 esse.’

302 1923 368 1961 21,
509 1912 687 1955 Senatus
715 1912 760 1952 in
784 1910 848 1953 Ca
879 1911 995 1952 itolio
1023 1920 1122 1955 erat.
1186 1912 1250 1953 Eo
1281 1912 1438 1954 tribuni
1468 1927 1566 1955 cum
1594 1910 1838 1968 perturbata

447 1970 571 2027 plebe
601 1970 787 2011 veniunt.
904 1967 1085 2009 ultitudo
1116 1969 1294 2012 clamore
1329 1969 1506 2026 ingenti,
1536 1983 1651 2011 nunc
1686 1982 1838 2010 consu-

448 2029 550 2078 lum,
576 2042 690 2068 nunc
718 2026 906 2075 Patrum,
938 2024 1067 2067 fidem
1097 2026 1345 2082 implorant:
1378 2042 1457 2070 nec
1488 2034 1584 2068 ante
1614 2032 1836 2069 moverunt

450 2085 502 2126 de
525 2083 733 2125 sententia
753 2082 980 2132 consulem,
1003 2098 1131 2138 quam
1151 2084 1322 2134 tribuni,
1344 2100 1387 2126 se
1412 2085 1457 2125 in
1487 2083 1733 2129 auctoritate
1755 2081 1837 2123 Pa-

450 2151 562 2184 trum
591 2141 753 2182 futuros
783 2155 884 2190 esse,
906 2139 1081 2196 polliciti
1106 2149 1215 2183 sunt.
1279 2142 1416 2192 Tunc,
1438 2142 1643 2185 referente
1665 2137 1835 2182 consule

450 2199 503 2241 de
535 2199 798 2240 tribunorum
829 2206 871 2238 et
899 2197 1032 2254 plebis
1066 2198 1296 2254 postulatiS,
1327 2197 1685 2243 senatusconsulta
1713 2197 1835 2245 fiunt,

452 2263 463 2280 ‘
478 2256 632 2312 Neque
655 2255 810 2296 tribuni
840 2254 976 2310 legem
1007 2270 1057 2296 eo
1088 2271 1198 2296 anno
1218 2256 1387 2305 ferrent,
1410 2271 1548 2312 neque
1569 2253 1760 2299 consules
1783 2253 1836 2294 ab

452 2320 463 2338 ‘
477 2314 578 2354 urbe
601 2312 832 2354 exercitum
854 2311 1093 2353 educerent.
1146 2312 1199 2353 In
1220 2312 1428 2369 reliquum
1449 2312 1714 2368 magistratus
1735 2324 1836 2351 con-

452 2378 463 2395 ‘
478 2370 643 2421 tinuari,
661 2378 702 2414 et
723 2368 890 2411 eosdem
915 2369 1104 2410 tribunos
1123 2370 1252 2419 refici,
1274 2369 1458 2411 iudicare
1479 2376 1670 2412 senatum
1691 2374 1836 2408 contra

452 2435 463 2451 ‘
477 2427 777 2484 rempublicam
798 2426 912 2468 esse.'
975 2425 1180 2467 Consules
1200 2427 1315 2468 fuere
1337 2427 1379 2467 in
1402 2426 1576 2467 Patrum
1603 2431 1832 2481 potestate}

451 2485 620 2535 tribuni,
642 2483 963 2526 reclamantibus
993 2483 1244 2533 consulibus,
1266 2483 1421 2531 refecti.
1483 2483 1630 2531 Patres
1650 2495 1834 2537 quoque,

449 2593 552 2623 sulem
575 2593 700 2632 agebat,
719 2590 858 2622 consulis
880 2593 986 2630 partes
1008 2588 1120 2630 imple·
1166 2590 1356 2629 proferenda
1371 2589 1424 2620 die
1439 2589 1598 2621 exercitus
1611 2590 1653 2620 ad
1669 2588 1835 2629 Regillum

451 2635 513 2665 bat.
538 2636 644 2666 Cmsv.
1165 2633 1272 2662 lacum
1289 2633 1446 2663 educendi
1462 2643 1548 2662 nunc
1563 2631 1675 2672 agitur.

499 2689 517 2714 4
545 2679 596 2707 De
619 2677 812 2716 proferendo
834 2676 940 2714 emita]
981 2685 1023 2705 se.
1053 2674 1117 2705 Ex·
1206 2682 1223 2714 5
1247 2676 1302 2705 Ad
1330 2676 1491 2714 Reyillum
1519 2675 1640 2712 lacum]
1674 2674 1776 2713 Leges
1800 2672 1834 2706 in

451 2719 575 2749 ercitus.
624 2718 774 2757 Plerique
789 2718 860 2748 edd.
877 2719 915 2748 de
927 2718 1119 2756 proferendo
1163 2717 1275 2755 quovis
1290 2717 1361 2747 loco
1377 2717 1564 2756 inaugurato
1579 2715 1652 2746 ferri
1676 2718 1835 2755 poterant,

449 2762 601 2790 emer-citu.
631 2761 773 2790 Perizon.
791 2759 981 2790 coniiciebat
996 2761 1033 2790 de
1044 2770 1118 2799 pro-
1162 2763 1259 2798 atque
1288 2761 1447 2790 exercitus
1472 2760 1508 2789 in
1534 2759 1603 2789 acie
1628 2757 1714 2788 idem
1737 2761 1835 2796 atque

440 2802 579 2837 serendo
594 2804 691 2832 avitu.
726 2803 752 2832 I.
771 2803 823 2832 Fr.
841 2802 982 2833 Gronov.
997 2806 1119 2841 perter-
1163 2803 1322 2833 eoeercitus
1350 2806 1492 2838 vocatus,
1517 2801 1583 2831 sive
1609 2799 1771 2830 centuriae
1799 2797 1832 2829 in

449 2844 557 2879 fendo,
580 2845 633 2872 sed
658 2844 736 2874 haec
760 2844 944 2874 coniectura
967 2843 1018 2874 vix
1046 2843 1121 2874 satis
1164 2844 1291 2884 Campo
1308 2843 1427 2883 Martio
1443 2846 1649 2880 convocatae,
1665 2841 1801 2878 valebat.

451 2885 615 2926 probanda
645 2885 778 2921 videtur,
826 2887 926 2925 Haud
954 2885 1050 2916 dubie
1080 2886 1121 2916 de
