1934 3211
572 174 699 215 LIB.
734 173 811 215 VL
857 174 1006 216 CAP.
1038 179 1107 216 42.
1461 178 1544 217 395

147 268 160 287 ‘
175 263 350 305 maiores
371 263 503 304 nostri
527 263 753 304 maximam
782 263 891 304 hanc
918 278 1008 304 rem
1028 264 1232 305 fecerunt.
1297 262 1427 304 Nunc
1455 278 1544 313 nOS,
1561 275 1605 307 U.
1622 275 1661 306 C.
1679 276 1751 315 387.

147 326 159 344 ‘
174 329 373 376 tanquam
393 320 476 361 iam
497 319 606 360 nihil
634 335 736 376 pace
758 320 935 362 deorum
956 336 1062 377 opus
1089 321 1155 370 sit,
1178 334 1324 361 omnes
1344 319 1599 362 caerimo-A·
1623 318 1662 350 C.
1680 316 1753 358 3⁶5·

147 382 159 401 ‘
173 377 264 418 nias
284 376 523 432 polluimus.
580 376 723 434 Vulgo
739 393 840 443 ergo
861 378 1096 434 pontifices,
1114 392 1307 433 augures,
1325 377 1547 418 sacrificuli

113 439 292 490 6‘reges
318 443 540 476 creentur:
575 435 748 477 cuilibet
776 436 939 492 apicem
964 435 1132 485 dialem,
1159 434 1391 476 dummodo
1419 434 1548 476 homo

146 491 237 541 ‘sit,
268 491 561 548 imponamus:
596 493 809 534 tradamus
839 493 1004 543 ancilia,
1029 492 1274 550 penetralia,
1306 492 1420 541 deos,
1447 491 1549 533 deo-

147 554 349 605 ‘rumque
381 564 538 600 curam,
573 551 728 607 quibus
759 551 876 593 nefas
912 560 985 593 est.
1050 551 1153 592 Non
1188 550 1303 606 leges
1333 549 1549 606 auspicato

146 605 369 657 ‘ferantur,
401 622 488 649 non
523 608 789 665 magistratus
819 618 1040 651 creentur:
1084 624 1164 650 nec
1195 607 1440 650 centuriatis
1470 622 1549 648 nec

147 669 159 687 ‘
170 664 340 706 curiatis
355 666 535 707 comitiis
552 666 701 708 Patres
714 675 905 709 auctores
920 667 1036 708 fiant.
1103 666 1271 708 Sextius
1287 674 1330 707 et
1344 665 1549 714 Licinius,

147 726 373 778 ‘tanquam
406 722 615 765 Romulus
645 739 693 766 ac
725 725 888 775 Tatius,
921 725 965 765 in
994 725 1096 766 urbe
1132 724 1327 766 Romana
1356 733 1548 779 regnent,

147 780 274 836 ‘quia
296 781 498 836 pecunias
519 781 687 831 alienas,
711 782 811 838 quia
835 798 955 839 agros
976 782 1089 824 dono
1117 782 1232 823 dant.
1296 781 1436 822 Tanta
1456 780 1552 821 dul-

148 837 279 880 ‘cedo
311 847 372 880 est
403 854 457 880 ex
488 839 636 881 alienis
665 839 843 881 fortunis
876 840 1132 905 praedandi:
1177 855 1255 880 nec
1287 839 1332 879 in
1363 848 1551 880 mentem

148 895 306 945 ‘venit‚
328 895 460 938 altera
486 896 578 953 lege
607 897 856 939 solitudines
877 908 1012 940 vastas
1040 914 1084 938 m
1107 898 1216 954 agris
1237 897 1328 937 fieri
1354 895 1551 960 pellendo

149 953 329 995 ‘finibus
359 953 577 996 dominos:
613 955 743 996 altera
773 955 902 997 fidem
934 956 1138 1012 abrogaii,
1171 970 1268 996 cum
1302 970 1386 1010 qua
1417 968 1553 995 omnls

150 1016 162 1034 ‘
177 1010 364 1052 humana
383 1011 557 1053 societas
579 1012 748 1054 tollitur.
815 1013 1018 1055 Omnium
1041 1029 1182 1055 rerum
1199 1027 1325 1054 causa
1340 1011 1457 1053 vobis
1479 1026 1553 1052 an-

150 1068 399 1124 ‘tiquandas
438 1085 590 1112 censeo
630 1070 729 1112 istas
768 1072 1019 1128 rogationes.
1090 1070 1221 1119 Quod
1260 1069 1414 1119 faxitis,
1451 1068 1553 1110 deos

151 1131 162 1150 ‘
176 1126 302 1167 velim
323 1126 565 1168 fortunare.'

210 1183 359 1226 Oratio
386 1184 519 1241 Appii
548 1185 601 1226 ad
631 1185 676 1226 id
704 1186 831 1227 modo
856 1186 999 1236 valuit,
1022 1194 1070 1227 ut
1095 1194 1261 1242 tempus
1286 1185 1552 1241 rogationum
1635 1188 1706 1225 42.

120 1241 430 1289 7iubendarum
459 1243 724 1308 proferretur.
790 1243 957 1285 Refecti
985 1244 1198 1285 decimum
1227 1242 1357 1284 iidem
1380 1241 1551 1290 tribuni,
1568 1253 1755 1284 Decemviri

118 1298 323 1341 ssextius
356 1309 398 1341 et
424 1300 472 1341 L
465 1301 626 1350 lcinius,
657 1300 709 1342 de
741 1301 990 1343 decemviris
1022 1316 1233 1342 sacrorum
1264 1315 1318 1341 ex
1351 1308 1468 1357 parte
1500 1299 1552 1340 de
1567 1306 1729 1368 δδθῐῗῖῑῑῐῃ

150 1357 274 1414 plebe
306 1358 498 1399 creandis
524 1359 660 1414 legem
691 1358 915 1424 pertulere.
981 1358 1064 1400 Cre
1069 1359 1125 1400 ati
1151 1359 1340 1415 quinque
1365 1358 1552 1406 Patrum‚
1567 1349 1606 1412 ἓξ
1621 1340 1729 1412 {³3³3}
1741 1342 1775 1369 et

151 1430 342 1471 quinque
374 1415 529 1472 plebis:
563 1417 783 1482 graduque
805 1432 856 1458 eo
884 1417 967 1458 iam
989 1417 1056 1458 via
1076 1416 1185 1457 facta
1215 1416 1269 1457 ad
1289 1414 1554 1457 consulatum
1568 1425 1636 1455 bus

151 1472 383 1515 videbatur.
448 1473 543 1515 Hac
559 1475 731 1515 victoria
745 1483 947 1516 contenta
967 1474 1111 1530 plebes
1124 1474 1247 1515 cessit
1269 1473 1477 1521 Patribus,
1493 1480 1554 1521 ut,

152 1530 197 1571 in
225 1531 462 1587 praesentia
492 1531 712 1573 consulum
744 1532 959 1573 mentione
991 1532 1155 1580 omissa,
1182 1530 1341 1571 tribuni
1371 1503 1555 1570 milituui

151 1597 404 1630 crearentur.
470 1588 614 1630 Creati
633 1589 686 1630 A.
707 1598 750 1630 et
767 1588 829 1630 Μ.
849 1588 1040 1630 comem
1057 1598 1224 1638 iterum,
1240 1588 1302 1629 M
1322 1587 1554 1643 Geganius,
1571 1599 1615 1631 U.
1633 1599 1670 1631 C.
1689 1601 1762 1639 388.

152 1645 199 1687 P.
225 1645 427 1696 Manlius,
482 1645 531 1687 L.
557 1645 772 1696 Veturius,
826 1647 873 1688 P.
899 1646 1094 1688 Valerius
1143 1655 1322 1687 sextum.
1571 1659 1581 1672 ‘
1649 1663 1671 1673 ’·
1755 1667 1762 1673 ·

151 1711 317 1759 praeter
352 1703 610 1745 Velitrarum
653 1704 929 1754 obsidionem,
968 1704 1075 1745 tardi
1112 1704 1244 1760 magis
1280 1719 1368 1744 rem
1403 1685 1742 1765 exitus,ss0f.³,t,0³{,-¹,·s

151 1775 280 1817 quam
315 1760 448 1811 dubii,
481 1762 650 1817 quietae
681 1772 880 1803 extelnae
913 1778 979 1803 res
1014 1762 1219 1803 Romanis
1251 1769 1414 1809 essent3
1447 1760 1557 1801 fama
1570 1775 1632 1801 otc.
1651 1770 1706 1801 'lr

151 1833 304 1874 repens
324 1818 424 1860 belli
449 1818 603 1860 Gallici
635 1819 771 1870 allata,
794 1820 980 1876 perpulit
1004 1820 1231 1869 civitatem,
1254 1829 1302 1860 ut
1323 1818 1385 1859 M.
1407 1817 1557 1859 Furius
1571 1813 1644 1887 {11¹-
1659 1855 1690 1886 'll

152 1875 332 1917 dictator
371 1877 568 1942 quintum
609 1877 831 1919 diceretur.
906 1877 947 1918 Is
984 1878 1034 1919 T.
1063 1877 1315 1926 Quinctium
1358 1858 1745 1929 Peunum5‘²¹'1¹3¹ic¹t¹.⁹⁵²

120 1934 399 1990 9magist1um
424 1935 616 1990 equitum
645 1935 765 1976 dixit.
830 1935 1042 1976 Bellatum
1072 1950 1169 1976 cum
1203 1934 1339 1976 Gallis
1366 1950 1416 1975 eo
1446 1948 1557 1974 anno
1571 1945 1629 1971 tor

153 2006 265 2033 clrca
293 1991 507 2032 Anienem
536 1992 708 2041 flumen,
731 2002 877 2033 auctor
904 2001 967 2033 est
995 1992 1225 2040 Cl·1udius;
1269 1991 1556 2046 inclutamque
1573 1984 1706 2056 gellis-¹¹¹¹

155 2048 198 2089 in
219 2057 349 2104 ponte
371 2063 570 2104 pugnam,
590 2064 673 2104 qua
695 2049 746 2090 T.
764 2049 952 2090 Manlius
976 2049 1162 2098 Gallum,
1185 2064 1281 2089 cum
1303 2064 1388 2104 quo
1410 2063 1559 2112 provo·
1606 2037 1624 2056 ‘¹
1654 2036 1752 2057 mum

155 2114 273 2146 catus
303 2120 451 2146 manus
483 2106 707 2154 conseruit,
740 2107 782 2146 iu
817 2115 1046 2162 conspectu
1082 2106 1262 2146 duorum
1294 2105 1559 2146 exercituum

157 2177 324 2204 caesum
347 2171 496 2218 torque
518 2163 622 2219 spoli
627 2164 723 2211 avit,
742 2173 832 2203 tum
854 2173 1096 2219 puonatam.
1160 2162 1358 2203 Pluribus
1379 2161 1560 2202 auctori-

156 2219 235 2262 bus
270 2220 402 2277 magis
435 2220 634 2270 adducor,
672 2229 717 2261 ut
749 2221 932 2270 credam,
961 2220 1110 2261 decem
1144 2220 1258 2261 haud
1295 2220 1434 2260 miuus
1465 2227 1559 2274 post

160 2374 323 2413 fingebant
342 2373 493 2405 Romani.
535 2374 610 2405 vid.
628 2378 771 2404 nostrum
793 2375 836 2404 10-

159 2427 198 2448 co
221 2417 318 2448 modo
341 2422 531 2451 memorato,
554 2422 586 2447 et
606 2417 680 2447 an.
705 2417 793 2448 Max.
817 2417 835 2447 i.

161 2471 189 2497 4.
225 2460 321 2496 Aves,
332 2470 415 2499 quae
431 2464 527 2490 cantu
544 2459 689 2498 auspicia
705 2459 837 2496 dabant,

160 2503 280 2532 oscines
292 2501 494 2538 dicebantur,
506 2502 618 2541 quales
633 2512 757 2538 corvus,
771 2512 837 2533 cor-

161 2543 229 2579 nix,
246 2548 372 2575 noctua.
397 2545 504 2575 Cussv.

204 2584 224 2616 6
247 2587 381 2625 Apicem
409 2587 542 2625 dialem]
586 2587 677 2626 Apex
711 2587 837 2627 proprie

161 2628 341 2664 dicebatur,
365 2628 396 2658 in
427 2639 554 2659 summo
582 2629 721 2660 fluminis
753 2630 838 2668 pileo

165 2671 249 2707 virga
265 2680 282 2701 e
300 2670 384 2700 felici
405 2671 528 2706 arbore,
545 2671 638 2702 lant-0
655 2672 710 2701 filo
727 2672 837 2709 religa-

163 2718 217 2748 ως
240 2713 326 2752 quod
343 2712 473 2751 quidem
497 2714 587 2743 iilum
605 2715 768 2753 apiculum
789 2725 838 2743 vo-

163 2756 305 2785 cabatur.
361 2755 525 2785 interdum
559 2761 680 2790 trinu-n,
711 2760 745 2786 ut
779 2756 839 2786 hoc

165 2798 248 2834 loco,
274 2799 370 2837 Ape-t
396 2797 534 2827 munitur
566 2808 621 2837 pro
649 2798 718 2837 ipso
745 2799 839 2837 pileo.

162 2842 259 2880 Apes·
284 2845 393 2870 autem
422 2839 528 2871 (lictus
553 2845 600 2871 cat
626 2841 668 2870 ub
691 2851 729 2871 eo
755 2842 840 2880 quml

163 2882 439 2922 comprehendero
457 2882 585 2913 vinculo
603 2883 727 2922 antiqui
744 2895 842 2923 apo-re

163 2924 325 2956 dicebant.
378 2925 452 2955 vid.
484 2925 614 2955 rentum
648 2926 677 2955 iu
712 2927 842 2955 uicibus

882 2376 978 2414 Apes·
1005 2381 1035 2406 ct
1064 2376 1253 2415 Apiculum,
1280 2380 1311 2405 et
1339 2375 1486 2406 Servium
1518 2378 1559 2408 ad

884 2418 965 2448 Aen.
983 2418 1014 2448 ii.
1031 2418 1103 2457 6⁸3.
1122 2418 1185 2448 viii.
1203 2417 1274 2454 664.
1300 2418 1407 2448 Ciu-zv.

928 2468 944 2499 7
969 2462 1153 2498 Decimum]
1192 2458 1325 2490 Δεκάκις
1345 2459 1559 2499 δημαρχήσαῐ.

885 2502 982 2533 Dion.
1004 2503 1082 2534 Exc.
1104 2503 1177 2533 Vat.
1197 2503 1248 2532 xii.
1268 2512 1316 2541 33.

926 2546 944 2575 8
971 2547 1023 2576 ΕΛ·
1036 2547 1149 2585 parte]
1176 2556 1218 2576 sc.
1239 2545 1393 2575 Dimidia.
1417 2545 1457 2576 cs.
1475 2556 1561 2586 supr.

883 2587 914 2618 ii.
941 2597 986 2626 13.
1004 2593 1035 2618 et
1053 2588 1149 2618 huius
1166 2587 1235 2617 libri
1256 2596 1304 2626 37.

922 2641 942 2670 9
953 2632 1000 2660 lio
1009 2632 1113 2668 anno]
1123 2630 1299 2661 Claudium
1308 2629 1560 2669 Quadrigarium

884 2673 924 2702 de
940 2683 1004 2711 quo
1026 2672 1096 2703 infr.
1115 2672 1177 2702 viii.
1197 2682 1242 2712 ¹9·
1260 2672 1415 2702 rationem
1438 2677 1561 2712 tempo-

886 2725 953 2744 rum
986 2715 1161 2744 Fabianum
1187 2720 1332 2745 secutum
1359 2725 1428 2745 csse
1455 2715 1562 2747 existi-

885 2762 952 2787 mat
968 2757 1103 2787 Nicbhr.
1116 2762 1214 2796 atque
1229 2757 1274 2786 ita
1291 2767 1429 2797 pugnam
1445 2757 1562 2789 Anien·

886 2809 965 2835 sem,
981 2810 1077 2838 quam
1097 2810 1150 2830 sex
1173 2800 1258 2830 haud
1283 2799 1390 2830 minus
1414 2805 1485 2840 post
1507 2811 1562 2832 an-

887 2852 955 2875 non.
971 2853 1012 2872 sc.
1031 2852 1082 2872 an.
1102 2852 1172 2883 39⁴·
1196 2843 1236 2874 U.
1253 2843 1292 2873 (t.
1312 2842 1423 2873 Livius
1445 2847 1564 2880 narrat,

888 2884 957 2915 infr.
974 2884 1023 2914 vii.
1047 2894 1091 2915 10.
1111 2884 1140 2915 in
1160 2886 1244 2916 hunc
1260 2895 1381 2915 annum
1401 2886 1556 2917 retulisse.
