1934 3211
574 177 700 220 LIB.
734 177 814 220 IV.
856 176 1004 218 CAP.
1037 182 1106 220 41.
1459 183 1542 222 265

139 270 302 327 privato
321 269 467 325 magiS,
489 267 618 324 quam
645 267 817 324 publico
837 266 981 308 luctu:
1017 266 1256 323 Fabiusque
1277 268 1437 318 consul,
1460 277 1543 310 ter·
1558 283 1602 316 U,
1619 283 1659 315 C.
1675 292 1693 323 3
1699 292 1750 324 32·

139 342 233 369 rore
268 326 363 367 urbi
399 340 570 383 quoque
602 325 773 375 iniecto,
804 325 1030 366 stationem
1060 333 1157 366 ante
1193 333 1334 380 portas
1365 326 1540 380 agebat:
1558 328 1597 358 A.
1621 326 1659 358 C·
1677 336 1749 365 420-

139 398 272 440 quum
295 384 472 440 equites,
486 382 635 439 procul
646 383 724 424 visi
745 397 832 423 non
854 381 944 423 sine
959 391 1115 423 terrore
1129 382 1182 423 ab
1199 381 1351 431 dubiis,
1370 383 1545 438 quinam

139 450 292 491 essent,
323 456 424 482 mox
454 440 626 497 cogniti,
657 448 818 481 tantam
849 455 903 481 ex
934 448 1053 480 metu
1081 438 1286 481 laetitiam
1315 439 1465 489 fecere,
1497 448 1547 481 ut

139 497 297 539 clamor
323 499 471 540 urbem
502 497 751 554 pervaderet
777 496 1094 553 gratulantium,
1123 496 1256 538 salvos
1279 497 1545 553 victoresque

138 555 295 597 redisse
323 556 509 612 equites:
544 565 587 596 et
618 570 672 596 ex
702 555 871 596 maestis
900 554 1042 610 paullo
1072 563 1170 595 ante
1197 553 1406 604 domibus,
1437 569 1546 610 quae

108 612 506 656 6conclamaverant
546 627 655 662 suos,
692 620 1008 668 procurreretur
1047 612 1092 652 in
1130 611 1240 661 vias3
1283 611 1547 668 pavidaeque

140 679 294 712 matres
315 686 363 712 ac
384 671 598 727 coniuges,
621 669 774 712 oblitae
796 684 896 726 prae
918 668 1073 726 gaudio
1094 669 1270 719 decoris,
1286 669 1453 710 obviam
1475 683 1546 725 ag-

139 728 246 768 mini
282 737 562 778 occurrerent,
596 728 642 768 in
678 742 773 768 suos
809 742 1018 783 quaeque,
1053 727 1178 768 simul
1210 741 1384 783 corpore
1418 734 1546 782 atque

139 785 282 826 animo
302 786 374 826 vix
401 801 500 842 prae
529 785 684 841 gaudio
705 793 934 840 compotes,
962 784 1130 825 effusae.
1194 784 1396 825 Tribunis
1416 783 1545 840 plebi,

111 842 216 898 7qui
247 841 310 884 M.
335 842 554 884 Postumio
583 851 626 884 et
651 842 702 884 T.
731 841 936 890 Quinctio
968 842 1082 883 diem
1108 841 1316 891 dixerant,
1347 841 1465 897 quod
1492 841 1547 882 ad

142 899 272 942 Veios
300 916 446 942 eorum
475 916 603 957 opera
630 899 738 941 male
767 909 1005 955 pugnatum
1038 907 1160 949 esset,
1183 899 1347 940 occasio
1374 899 1463 939 visa
1484 906 1549 940 est

139 972 217 1014 per
235 973 382 999 reeens
403 958 548 999 odium
573 957 813 1014 Sempronii
834 956 1016 998 consulis
1036 956 1302 998 renovandae
1325 956 1371 996 in
1391 970 1463 997 eos
1484 955 1549 996 in—

139 1015 289 1057 vidiae.
353 1015 517 1072 Itaque,
544 1015 747 1056 advocata
773 1014 992 1063 concione,
1023 1029 1156 1070 quum
1184 1013 1397 1070 proditam
1427 1012 1548 1054 Veiis

139 1072 444 1129 rempublicam
476 1087 564 1114 esse
594 1073 646 1114 ab
672 1072 864 1121 ducibus,
893 1071 1108 1128 proditum
1135 1071 1306 1121 deinde,
1334 1070 1436 1126 quia
1465 1069 1548 1111 illis

139 1129 315 1186 impune
335 1130 475 1180 fuerit,
498 1130 543 1171 in
564 1129 730 1172 Volscis
751 1130 803 1171 ab
825 1128 997 1171 consule
1020 1129 1267 1178 exercitum,
1290 1128 1466 1170 traditos
1494 1127 1550 1168 ad

140 1187 315 1230 caedem
344 1187 590 1229 fortissimos
619 1188 796 1244 equites,
822 1187 989 1228 deserta
1014 1186 1138 1229 foede
1170 1195 1304 1228 castra
1333 1184 1549 1227 vociferati

109 1254 308 1294 8essent3
344 1244 394 1287 C.
419 1245 567 1295 Iulius,
598 1260 708 1286 unus
736 1260 790 1286 ex
823 1244 1014 1294 tribunis,
1045 1243 1330 1300 Tempanium
1358 1243 1548 1299 equitem
1562 1251 1617 1283 Tr.
1632 1252 1684 1283 Pl.

109 1303 280 1352 9vocari
327 1303 473 1351 iussit3
526 1317 751 1359 coramque
801 1302 864 1351 iis,
909 1308 921 1326 ‘
937 1301 1065 1344 Sexte
1114 1301 1352 1357 Tempani,’
1392 1300 1547 1356 inquit,
1562 1295 1703 1343 'ljempa-

143 1365 329 1415 ‘quaero
357 1360 409 1401 de
442 1369 496 1409 te,
529 1360 796 1401 arbitrerisne
831 1359 882 1400 C.
905 1358 1204 1415 Sempronium
1229 1357 1445 1399 consulem
1477 1366 1549 1398 aut
1562 1342 1765 1410 pggpzffger-

143 1417 213 1457 ‘in
244 1425 434 1474 tempore
465 1432 652 1474 pugnam
683 1418 822 1466 inisse,
853 1425 926 1457 aut
956 1416 1142 1456 firmasse
1173 1415 1369 1456 subsidiis
1400 1415 1547 1464 aciem,
1563 1405 1757 1463 Se⁰mpronio

144 1480 157 1499 ‘
173 1483 246 1515 aut
267 1474 352 1516 ullo
370 1475 468 1516 boni
492 1475 674 1516 consulis
687 1474 882 1515 functum
897 1473 1068 1514 officio?
1100 1482 1156 1522 et,
1178 1481 1281 1513 tune
1304 1471 1407 1528 ipse,
1429 1472 1551 1513 victis
1563 1466 1640 1498 Cos.

145 1532 406 1588 ‘legionibus
440 1531 657 1581 Romanis,
691 1540 764 1572 tuo
795 1530 972 1572 consilio
1004 1530 1194 1587 equitem
1227 1529 1281 1570 ad
1313 1529 1444 1586 pedes
1476 1529 1551 1570 de-

145 1589 354 1639 ‘duxeris,
386 1589 702 1644 restituerisque
734 1588 953 1645 pugnam?
984 1587 1156 1629 excluso
1188 1587 1345 1628 deinde
1377 1587 1429 1628 ab
1460 1587 1549 1628 acie

145 1652 156 1671 ‘
171 1656 314 1688 nostra
334 1647 409 1688 tibi
431 1655 558 1702 atque
572 1646 786 1702 equitibus
808 1661 910 1687 num
932 1654 1005 1686 aut
1020 1644 1168 1687 consul
1189 1645 1278 1701 ipse
1292 1644 1551 1694 subvenerit,

145 1710 245 1746 ‘aut
285 1705 446 1746 miserit
485 1703 776 1760 praesidium?
826 1711 996 1759 postero
1036 1702 1224 1758 denique
1273 1701 1343 1743 die
1393 1701 1552 1758 ecquid

144 1761 366 1819 ‘praesidii
403 1776 580 1818 usquam
613 1761 840 1802 habueris?
881 1776 935 1801 an
969 1769 1016 1801 tu
1057 1760 1291 1816 cohorsque
1332 1759 1379 1800 in
1419 1768 1553 1800 castra

144 1825 305 1861 ‘vestra
335 1820 490 1860 virtute
522 1819 828 1875 perruperitis‘?
859 1833 1039 1874 ecquem
1070 1818 1115 1858 in
1145 1817 1290 1859 castris
1317 1816 1550 1866 consulem,

145 1883 157 1901 ‘
172 1892 351 1933 ecquem
373 1877 607 1918 exercitum
636 1876 912 1917 inveneritis?
943 1890 997 1916 an
1025 1875 1191 1916 deserta
1212 1883 1359 1924 castra,
1382 1874 1552 1915 relictos

144 1935 334 1976 ‘saucios
365 1934 551 1976 milites?
585 1933 704 1975 Hace
735 1949 812 1990 pro
842 1934 996 1975 virtute
1028 1941 1102 1974 tua
1132 1932 1317 1988 fideque,
1350 1947 1436 1988 qua
1466 1946 1552 1972 una

144 1992 250 2033 ‘hoc
271 1992 382 2033 bello
404 2007 468 2033 res
484 1992 640 2032 mblica
668 1992 796 2041 stetit,
819 1990 1001 2032 dicenda
1022 1990 1099 2031 tibi
1127 1999 1226 2030 sunt
1255 1989 1396 2030 hodic.
1461 1989 1551 2030 Dc-

146 2056 157 2073 ‘
174 2049 318 2105 nique,
341 2050 413 2090 ubi
438 2049 489 2090 L.
517 2049 805 2104 Sempronius,
829 2048 899 2088 ubi
924 2048 1111 2103 legiones
1138 2055 1304 2087 nostrae
1326 2047 1444 2087 sint?
1475 2045 1551 2086 dc-

147 2112 309 2147 ‘sertus
344 2107 411 2153 sis,
444 2121 496 2146 an
531 2105 765 2146 deserueris
798 2104 1014 2145 consulem
1051 2104 1408 2158 exercitumque?
1449 2103 1549 2143 victi

148 2170 158 2187 ⁶
175 2163 360 2219 denique
383 2163 524 2211 sinms,
548 2178 601 2203 au
623 2162 894 2203 vicerimus?
955 2160 1172 2202 Adversus
1194 2160 1297 2200 hacc
1320 2159 1548 2216 Tempanii
1631 2161 1701 2199 41.

145 2221 277 2262 oratio
307 2221 518 2276 incompta
546 2220 671 2260 fuisse
703 2219 880 2267 dieitur;
914 2228 1103 2260 ceterum
1135 2217 1370 2258 militariter
1398 2217 1546 2273 gravis,
1562 2215 1754 2268 Respondflet

146 2293 232 2319 non
253 2279 337 2319 suis
359 2293 463 2318 vana
485 2277 692 2326 laudibus,
717 2293 801 2319 non
819 2277 994 2318 crimine
1017 2275 1154 2317 alieno
1175 2274 1309 2316 laeta:
1345 2280 1357 2298 ‘
1377 2275 1549 2323 Quanta
1569 2259 1773 2299 lempamus.

147 2335 399 2392 ‘prudentia
427 2336 485 2376 rei
512 2334 686 2376 bellicae
716 2335 757 2375 in
791 2334 842 2376 C.
870 2334 1118 2390 Sempronio
1147 2342 1267 2382 esset,
1289 2346 1375 2373 non
1405 2332 1551 2373 militis

147 2393 229 2434 ‘de
267 2393 516 2450 imperatore
550 2393 905 2434 existimationem
940 2407 1043 2439 esse,
1076 2390 1149 2431 sed
1180 2389 1326 2446 populi
1367 2389 1550 2430 Romani

147 2451 314 2501 ‘fuissc,
338 2466 470 2508 quum
499 2465 597 2492 eum
623 2450 806 2492 comitiis
833 2448 1049 2491 consulem
1077 2448 1247 2503 legeret.
1312 2446 1463 2502 Itaque
1497 2461 1550 2488 nc

189 2590 209 2622 6
233 2592 538 2629 cbaclamarcrant]
569 2591 633 2621 I‘ro
649 2590 827 2630 deploratis
871 2599 922 2620 no.
968 2589 1044 2619 vid.
1062 2598 1148 2628 supr.
1167 2597 1216 2626 3¹.

146 2645 184 2665 nc
201 2633 378 2673 ‹lt-speratis
402 2634 590 2664 habuerunt.
638 2633 740 2664 Muris
759 2637 826 2663 erat
915 2633 934 2661 8
958 2632 992 2661 (¹.
1012 2632 1135 2668 lulius]
1165 2632 1200 2660 (¹.
1219 2629 1349 2663 lunius,
1370 2628 1456 2667 quod
1483 2637 1552 2668 pro—

146 2676 298 2715 antiqui&
314 2681 489 2715 antequam
514 2680 657 2706 monum·
676 2676 826 2715 sepulcro
871 2676 925 2704 hat
956 2674 1070 2708 Uruk„
1097 2672 1172 2702 alibi
1205 2672 1290 2702 enim
1323 2672 1403 2701 lum
1435 2670 1552 2710 plebeii

147 2720 335 2751 conderent.
352 2723 400 2748 ter
423 2727 532 2748 corum
558 2717 689 2748 nomina
711 2727 827 2755 magna
872 2727 934 2747 non
967 2720 1151 2749 occurrunt,
1182 2714 1212 2744 in
1245 2719 1371 2743 textum
1412 2713 1553 2753 reposuit

149 2772 226 2792 voce
243 2761 427 2791 inclamare.
466 2760 578 2797 virgil.
597 2762 678 2790 Aen.
698 2760 736 2790 vi.
756 2759 826 2798 506.
875 2759 1015 2789 lit-kkor.
1057 2758 1162 2787 Voces
1178 2761 1286 2786 nutem
1308 2757 1426 2786 lunius
1447 2761 1480 2786 et
1497 2758 1551 2787 lu—

147 2805 193 2835 Et
225 2814 341 2842 mamm
376 2805 494 2833 Manes
524 2807 573 2832 ter
605 2813 676 2832 vnce
708 2803 827 2832 mmm-¹.
873 2803 937 2831 lius
969 2801 999 2830 in
1027 2801 1122 2830 MSS.
1149 2798 1340 2830 commutari
1373 2798 1554 2829 videbimus

149 2847 232 2879 Inde
248 2847 441 2876 conclamari
459 2845 612 2875 «licuntur
628 2844 661 2879 ii.
676 2844 729 2883 qui
748 2853 828 2873 mor—
875 2844 946 2874 infr.
964 2843 1053 2873 xxiii.
1073 2852 1121 2882 3²-

147 2889 194 2920 tui
211 2890 395 2920 creduntur.
420 2890 528 2918 (Ὶιεν.
913 2896 932 2926 9
957 2888 1134 2926 forumque
1151 2885 1208 2922 iia]
1244 2884 1375 2926 Nempe
1391 2884 1440 2917 Μ.
1460 2884 1549 2915 Post-

193 2939 210 2972 7
234 2933 326 2971 Quod
340 2932 383 2962 mi
403 2931 507 2969 Veios]
536 2929 664 2967 Quinto
679 2933 755 2962 ante
771 2939 824 2960 an·
871 2929 960 2960 nmio
976 2933 1007 2959 ct
1025 2928 1064 2959 Τ.
1083 2927 1251 2965 Quinctio.
