<?xml version="1.0" encoding="UTF-8"?>
<!DOCTYPE html PUBLIC "-//W3C//DTD XHTML 1.0 Transitional//EN"
    "http://www.w3.org/TR/xhtml1/DTD/xhtml1-transitional.dtd">
<html xmlns="http://www.w3.org/1999/xhtml" xml:lang="en" lang="en">
 <head>
  <title>
</title>
<meta http-equiv="Content-Type" content="text/html;charset=utf-8" />
  <meta name='ocr-system' content='tesseract 3.04.00' />
  <meta name='ocr-capabilities' content='ocr_page ocr_carea ocr_par ocr_line ocrx_word'/>
</head>
<body>
  <div class='ocr_page' id='page_1' title='image "./historiarumli01livyuoft_0203.png"; bbox 0 0 1934 3211; ppageno 0'>
   <div class='ocr_carea' id='block_1_1' title="bbox 573 194 1532 241">
    <p class='ocr_par' dir='ltr' id='par_1_1' title="bbox 573 194 1532 241">
     <span class='ocr_line' id='line_1_1' title="bbox 573 194 1532 241; baseline 0.007 -7"><span class='ocrx_word' id='word_1_1' title='bbox 573 194 694 236; x_wconf 93' lang='lat' dir='ltr'>LIB.</span> <span class='ocrx_word' id='word_1_2' title='bbox 727 194 808 236; x_wconf 89' lang='grc' dir='ltr'><strong>ΙΙΙ.</strong></span> <span class='ocrx_word' id='word_1_3' title='bbox 851 195 999 237; x_wconf 88' lang='lat' dir='ltr'>CAP.</span> <span class='ocrx_word' id='word_1_4' title='bbox 1032 201 1100 237; x_wconf 84' lang='lat'>41.</span> <span class='ocrx_word' id='word_1_5' title='bbox 1456 203 1532 241; x_wconf 88' lang='lat'>191</span> 
     </span>
    </p>
   </div>
   <div class='ocr_carea' id='block_1_2' title="bbox 109 281 1742 2277">
    <p class='ocr_par' dir='ltr' id='par_1_2' title="bbox 140 281 1742 568">
     <span class='ocr_line' id='line_1_2' title="bbox 142 281 1741 343; baseline 0.006 -21"><span class='ocrx_word' id='word_1_6' title='bbox 142 281 330 338; x_wconf 90' lang='lat' dir='ltr'>‘pulum,</span> <span class='ocrx_word' id='word_1_7' title='bbox 363 282 398 322; x_wconf 88' lang='lat' dir='ltr'>si</span> <span class='ocrx_word' id='word_1_8' title='bbox 429 282 474 322; x_wconf 92' lang='lat' dir='ltr'>in</span> <span class='ocrx_word' id='word_1_9' title='bbox 506 291 653 323; x_wconf 89' lang='lat' dir='ltr'>senatu</span> <span class='ocrx_word' id='word_1_10' title='bbox 684 298 761 339; x_wconf 92' lang='lat' dir='ltr'>per</span> <span class='ocrx_word' id='word_1_11' title='bbox 794 283 1021 325; x_wconf 86' lang='lat' dir='ltr'>factionem</span> <span class='ocrx_word' id='word_1_12' title='bbox 1057 299 1144 324; x_wconf 87' lang='lat' dir='ltr'>non</span> <span class='ocrx_word' id='word_1_13' title='bbox 1180 284 1315 326; x_wconf 88' lang='lat' dir='ltr'>liceat.</span> <span class='ocrx_word' id='word_1_14' title='bbox 1380 286 1536 343; x_wconf 86' lang='lat' dir='ltr'>Neque</span> <span class='ocrx_word' id='word_1_15' title='bbox 1552 299 1650 330; x_wconf 85' lang='lat' dir='ltr'>U.C.</span> <span class='ocrx_word' id='word_1_16' title='bbox 1669 306 1741 338; x_wconf 81' lang='lat'><strong>305·</strong></span> 
     </span>
     <span class='ocr_line' id='line_1_3' title="bbox 143 338 1742 398; baseline 0.003 -18"><span class='ocrx_word' id='word_1_17' title='bbox 143 339 284 380; x_wconf 83' lang='lat' dir='ltr'>‘enim</span> <span class='ocrx_word' id='word_1_18' title='bbox 314 338 392 379; x_wconf 86' lang='lat' dir='ltr'>sibi</span> <span class='ocrx_word' id='word_1_19' title='bbox 422 339 617 395; x_wconf 88' lang='lat' dir='ltr'>privatos,</span> <span class='ocrx_word' id='word_1_20' title='bbox 651 350 723 381; x_wconf 90' lang='lat' dir='ltr'>aut</span> <span class='ocrx_word' id='word_1_21' title='bbox 757 341 802 380; x_wconf 89' lang='lat' dir='ltr'>in</span> <span class='ocrx_word' id='word_1_22' title='bbox 835 341 962 390; x_wconf 91' lang='lat' dir='ltr'>curia,</span> <span class='ocrx_word' id='word_1_23' title='bbox 992 350 1064 382; x_wconf 89' lang='lat' dir='ltr'>aut</span> <span class='ocrx_word' id='word_1_24' title='bbox 1096 341 1140 381; x_wconf 88' lang='lat' dir='ltr'>in</span> <span class='ocrx_word' id='word_1_25' title='bbox 1173 342 1390 391; x_wconf 85' lang='lat' dir='ltr'>concione,</span> <span class='ocrx_word' id='word_1_26' title='bbox 1416 358 1536 398; x_wconf 87' lang='lat' dir='ltr'>posse</span> <span class='ocrx_word' id='word_1_27' title='bbox 1550 342 1589 372; x_wconf 68' lang='lat' dir='ltr'>A·</span> <span class='ocrx_word' id='word_1_28' title='bbox 1613 341 1651 373; x_wconf 78' lang='lat' dir='ltr'>C·</span> <span class='ocrx_word' id='word_1_29' title='bbox 1669 349 1742 379; x_wconf 77' lang='lat'>44⁷·</span> 
     </span>
     <span class='ocr_line' id='line_1_4' title="bbox 143 395 1538 453; baseline 0.004 -18"><span class='ocrx_word' id='word_1_30' title='bbox 143 395 360 444; x_wconf 82' lang='lat' dir='ltr'>‘obstare3</span> <span class='ocrx_word' id='word_1_31' title='bbox 403 410 543 451; x_wconf 92' lang='lat' dir='ltr'>neque</span> <span class='ocrx_word' id='word_1_32' title='bbox 584 411 627 437; x_wconf 91' lang='lat' dir='ltr'>se</span> <span class='ocrx_word' id='word_1_33' title='bbox 664 397 920 453; x_wconf 86' lang='lat' dir='ltr'>imaginariis</span> <span class='ocrx_word' id='word_1_34' title='bbox 954 398 1134 439; x_wconf 86' lang='lat' dir='ltr'>fascibus</span> <span class='ocrx_word' id='word_1_35' title='bbox 1170 413 1316 439; x_wconf 88' lang='lat' dir='ltr'>eorum</span> <span class='ocrx_word' id='word_1_36' title='bbox 1351 413 1538 442; x_wconf 88' lang='lat' dir='ltr'>cessuros</span> 
     </span>
     <span class='ocr_line' id='line_1_5' title="bbox 142 451 1538 510; baseline 0.003 -17"><span class='ocrx_word' id='word_1_37' title='bbox 142 451 285 493; x_wconf 86' lang='lat' dir='ltr'>‘esse.&#39;</span> <span class='ocrx_word' id='word_1_38' title='bbox 345 452 458 493; x_wconf 90' lang='lat' dir='ltr'>Tum</span> <span class='ocrx_word' id='word_1_39' title='bbox 493 453 673 509; x_wconf 91' lang='lat' dir='ltr'>Appius,</span> <span class='ocrx_word' id='word_1_40' title='bbox 710 454 793 495; x_wconf 90' lang='lat' dir='ltr'>iam</span> <span class='ocrx_word' id='word_1_41' title='bbox 828 469 958 510; x_wconf 85' lang='lat' dir='ltr'>prope</span> <span class='ocrx_word' id='word_1_42' title='bbox 995 469 1084 496; x_wconf 90' lang='lat' dir='ltr'>esse</span> <span class='ocrx_word' id='word_1_43' title='bbox 1120 464 1247 505; x_wconf 90' lang='lat' dir='ltr'>ratus,</span> <span class='ocrx_word' id='word_1_44' title='bbox 1277 465 1336 505; x_wconf 86' lang='lat' dir='ltr'>ut,</span> <span class='ocrx_word' id='word_1_45' title='bbox 1370 457 1416 496; x_wconf 91' lang='lat' dir='ltr'>ni</span> <span class='ocrx_word' id='word_1_46' title='bbox 1450 457 1538 498; x_wconf 87' lang='lat' dir='ltr'>vio-</span> 
     </span>
     <span class='ocr_line' id='line_1_6' title="bbox 140 508 1537 568; baseline 0.003 -18"><span class='ocrx_word' id='word_1_47' title='bbox 140 508 295 550; x_wconf 88' lang='lat' dir='ltr'>lentiae</span> <span class='ocrx_word' id='word_1_48' title='bbox 324 523 469 550; x_wconf 91' lang='lat' dir='ltr'>eorum</span> <span class='ocrx_word' id='word_1_49' title='bbox 503 511 592 566; x_wconf 89' lang='lat' dir='ltr'>pari</span> <span class='ocrx_word' id='word_1_50' title='bbox 624 511 886 552; x_wconf 84' lang='lat' dir='ltr'>resisteretur</span> <span class='ocrx_word' id='word_1_51' title='bbox 917 511 1103 561; x_wconf 87' lang='lat' dir='ltr'>audacia,</span> <span class='ocrx_word' id='word_1_52' title='bbox 1126 512 1285 553; x_wconf 90' lang='lat' dir='ltr'>vietum</span> <span class='ocrx_word' id='word_1_53' title='bbox 1313 513 1537 568; x_wconf 90' lang='lat' dir='ltr'>imperium</span> 
     </span>
    </p>

    <p class='ocr_par' dir='ltr' id='par_1_3' title="bbox 109 566 1536 624">
     <span class='ocr_line' id='line_1_7' title="bbox 109 566 1536 624; baseline 0.002 -16"><span class='ocrx_word' id='word_1_54' title='bbox 109 574 274 609; x_wconf 86' lang='lat' dir='ltr'>9esset:</span> <span class='ocrx_word' id='word_1_55' title='bbox 311 571 323 589; x_wconf 92' lang='lat'>‘</span> <span class='ocrx_word' id='word_1_56' title='bbox 340 566 441 607; x_wconf 89' lang='lat' dir='ltr'>Non</span> <span class='ocrx_word' id='word_1_57' title='bbox 466 568 546 608; x_wconf 90' lang='lat' dir='ltr'>erit</span> <span class='ocrx_word' id='word_1_58' title='bbox 572 567 748 617; x_wconf 86' lang='lat' dir='ltr'>melius,’</span> <span class='ocrx_word' id='word_1_59' title='bbox 770 569 921 624; x_wconf 85' lang='lat' dir='ltr'>inquit,</span> <span class='ocrx_word' id='word_1_60' title='bbox 956 574 968 592; x_wconf 94' lang='lat'>‘</span> <span class='ocrx_word' id='word_1_61' title='bbox 984 569 1065 609; x_wconf 90' lang='lat' dir='ltr'>nisi</span> <span class='ocrx_word' id='word_1_62' title='bbox 1085 569 1138 609; x_wconf 91' lang='lat' dir='ltr'>de</span> <span class='ocrx_word' id='word_1_63' title='bbox 1161 584 1246 624; x_wconf 89' lang='lat' dir='ltr'>quo</span> <span class='ocrx_word' id='word_1_64' title='bbox 1267 569 1536 619; x_wconf 88' lang='lat' dir='ltr'>consulimus,</span> 
     </span>
    </p>

    <p class='ocr_par' dir='ltr' id='par_1_4' title="bbox 113 624 1539 797">
     <span class='ocr_line' id='line_1_8' title="bbox 113 624 1538 683; baseline 0.004 -20"><span class='ocrx_word' id='word_1_65' title='bbox 113 629 317 664; x_wconf 86' lang='lat' dir='ltr'>1‘voeem</span> <span class='ocrx_word' id='word_1_66' title='bbox 353 624 552 665; x_wconf 85' lang='lat' dir='ltr'>misisse:&#39;</span> <span class='ocrx_word' id='word_1_67' title='bbox 592 634 634 666; x_wconf 86' lang='lat' dir='ltr'>et</span> <span class='ocrx_word' id='word_1_68' title='bbox 675 625 729 665; x_wconf 88' lang='lat' dir='ltr'>ad</span> <span class='ocrx_word' id='word_1_69' title='bbox 764 624 997 675; x_wconf 89' lang='lat' dir='ltr'>Valerium,</span> <span class='ocrx_word' id='word_1_70' title='bbox 1034 635 1261 681; x_wconf 82' lang='lat' dir='ltr'>negantem</span> <span class='ocrx_word' id='word_1_71' title='bbox 1296 641 1339 668; x_wconf 91' lang='lat' dir='ltr'>se</span> <span class='ocrx_word' id='word_1_72' title='bbox 1376 627 1538 683; x_wconf 86' lang='lat' dir='ltr'>privato</span> 
     </span>
     <span class='ocr_line' id='line_1_9' title="bbox 141 680 1539 732; baseline 0.003 -11"><span class='ocrx_word' id='word_1_73' title='bbox 141 680 330 730; x_wconf 91' lang='lat' dir='ltr'>reticere,</span> <span class='ocrx_word' id='word_1_74' title='bbox 363 680 552 723; x_wconf 89' lang='lat' dir='ltr'>lictorem</span> <span class='ocrx_word' id='word_1_75' title='bbox 589 682 787 723; x_wconf 88' lang='lat' dir='ltr'>accedere</span> <span class='ocrx_word' id='word_1_76' title='bbox 824 683 953 723; x_wconf 87' lang='lat' dir='ltr'>iussit.</span> <span class='ocrx_word' id='word_1_77' title='bbox 1016 682 1106 724; x_wconf 91' lang='lat' dir='ltr'>Iam</span> <span class='ocrx_word' id='word_1_78' title='bbox 1144 684 1376 732; x_wconf 79' lang='lat' dir='ltr'>Quiritium</span> <span class='ocrx_word' id='word_1_79' title='bbox 1408 684 1539 725; x_wconf 91' lang='lat' dir='ltr'>fidem</span> 
     </span>
     <span class='ocr_line' id='line_1_10' title="bbox 141 737 1539 797; baseline 0.003 -19"><span class='ocrx_word' id='word_1_80' title='bbox 141 737 391 794; x_wconf 84' lang='lat' dir='ltr'>implorante</span> <span class='ocrx_word' id='word_1_81' title='bbox 409 738 579 780; x_wconf 86' lang='lat' dir='ltr'>Valerio</span> <span class='ocrx_word' id='word_1_82' title='bbox 600 755 623 780; x_wconf 87' lang='lat' dir='ltr'>a</span> <span class='ocrx_word' id='word_1_83' title='bbox 645 739 784 781; x_wconf 90' lang='lat' dir='ltr'>curiae</span> <span class='ocrx_word' id='word_1_84' title='bbox 806 739 964 789; x_wconf 90' lang='lat' dir='ltr'>limine,</span> <span class='ocrx_word' id='word_1_85' title='bbox 983 739 1033 781; x_wconf 92' lang='lat' dir='ltr'>L.</span> <span class='ocrx_word' id='word_1_86' title='bbox 1053 739 1276 782; x_wconf 85' lang='lat' dir='ltr'>Cornelius</span> <span class='ocrx_word' id='word_1_87' title='bbox 1293 741 1539 797; x_wconf 80' lang='lat' dir='ltr'>complexus</span> 
     </span>
    </p>

    <p class='ocr_par' dir='ltr' id='par_1_5' title="bbox 111 794 1736 1465">
     <span class='ocr_line' id='line_1_11' title="bbox 111 794 1535 851; baseline 0.002 -16"><span class='ocrx_word' id='word_1_88' title='bbox 111 806 129 828; x_wconf 82' lang='lat'><strong>¹</strong></span> <span class='ocrx_word' id='word_1_89' title='bbox 143 794 347 851; x_wconf 91' lang='lat' dir='ltr'>Appium,</span> <span class='ocrx_word' id='word_1_90' title='bbox 370 810 455 836; x_wconf 89' lang='lat' dir='ltr'>non</span> <span class='ocrx_word' id='word_1_91' title='bbox 478 796 546 836; x_wconf 89' lang='lat' dir='ltr'>eui</span> <span class='ocrx_word' id='word_1_92' title='bbox 568 796 790 837; x_wconf 83' lang='lat' dir='ltr'>simulabat</span> <span class='ocrx_word' id='word_1_93' title='bbox 811 795 1083 846; x_wconf 75' lang='lat' dir='ltr'>consulendo,</span> <span class='ocrx_word' id='word_1_94' title='bbox 1106 797 1277 838; x_wconf 85' lang='lat' dir='ltr'>diremit</span> <span class='ocrx_word' id='word_1_95' title='bbox 1297 807 1535 840; x_wconf 89' lang='lat' dir='ltr'>certamen:</span> 
     </span>
     <span class='ocr_line' id='line_1_12' title="bbox 142 851 1537 911; baseline 0.002 -18"><span class='ocrx_word' id='word_1_96' title='bbox 142 851 336 908; x_wconf 84' lang='lat' dir='ltr'>factaque</span> <span class='ocrx_word' id='word_1_97' title='bbox 357 867 434 908; x_wconf 89' lang='lat' dir='ltr'>per</span> <span class='ocrx_word' id='word_1_98' title='bbox 457 852 706 895; x_wconf 90' lang='lat' dir='ltr'>Cornelium</span> <span class='ocrx_word' id='word_1_99' title='bbox 723 853 895 895; x_wconf 88' lang='lat' dir='ltr'>Valerio</span> <span class='ocrx_word' id='word_1_100' title='bbox 916 854 1086 895; x_wconf 85' lang='lat' dir='ltr'>dicendi</span> <span class='ocrx_word' id='word_1_101' title='bbox 1107 855 1251 911; x_wconf 81' lang='lat' dir='ltr'>gratia,</span> <span class='ocrx_word' id='word_1_102' title='bbox 1269 871 1377 910; x_wconf 88' lang='lat' dir='ltr'>quae</span> <span class='ocrx_word' id='word_1_103' title='bbox 1399 855 1537 905; x_wconf 90' lang='lat' dir='ltr'>vellet,</span> 
     </span>
     <span class='ocr_line' id='line_1_13' title="bbox 142 909 1539 968; baseline 0.003 -19"><span class='ocrx_word' id='word_1_104' title='bbox 142 923 275 965; x_wconf 92' lang='lat' dir='ltr'>quum</span> <span class='ocrx_word' id='word_1_105' title='bbox 303 909 473 951; x_wconf 87' lang='lat' dir='ltr'>libertas</span> <span class='ocrx_word' id='word_1_106' title='bbox 501 926 586 952; x_wconf 91' lang='lat' dir='ltr'>non</span> <span class='ocrx_word' id='word_1_107' title='bbox 616 911 725 952; x_wconf 89' lang='lat' dir='ltr'>ultra</span> <span class='ocrx_word' id='word_1_108' title='bbox 746 926 892 952; x_wconf 87' lang='lat' dir='ltr'>vocem</span> <span class='ocrx_word' id='word_1_109' title='bbox 915 912 1171 961; x_wconf 80' lang='lat' dir='ltr'>excessisset,</span> <span class='ocrx_word' id='word_1_110' title='bbox 1194 912 1420 953; x_wconf 79' lang='lat' dir='ltr'>decemviri</span> <span class='ocrx_word' id='word_1_111' title='bbox 1442 928 1539 968; x_wconf 90' lang='lat' dir='ltr'>pro-</span> 
     </span>
     <span class='ocr_line' id='line_1_14' title="bbox 142 966 1700 1024; baseline 0.003 -17"><span class='ocrx_word' id='word_1_112' title='bbox 142 966 323 1023; x_wconf 88' lang='lat' dir='ltr'>positum</span> <span class='ocrx_word' id='word_1_113' title='bbox 342 976 526 1009; x_wconf 88' lang='lat' dir='ltr'>tenuere.</span> <span class='ocrx_word' id='word_1_114' title='bbox 573 967 827 1009; x_wconf 88' lang='lat' dir='ltr'>Consulares</span> <span class='ocrx_word' id='word_1_115' title='bbox 844 984 1014 1024; x_wconf 89' lang='lat' dir='ltr'>quoque</span> <span class='ocrx_word' id='word_1_116' title='bbox 1037 984 1084 1009; x_wconf 88' lang='lat' dir='ltr'>ac</span> <span class='ocrx_word' id='word_1_117' title='bbox 1101 969 1285 1010; x_wconf 86' lang='lat' dir='ltr'>seniores</span> <span class='ocrx_word' id='word_1_118' title='bbox 1302 970 1353 1010; x_wconf 91' lang='lat' dir='ltr'>ab</span> <span class='ocrx_word' id='word_1_119' title='bbox 1370 970 1537 1011; x_wconf 88' lang='lat' dir='ltr'>residuo</span> <span class='ocrx_word' id='word_1_120' title='bbox 1553 978 1700 1012; x_wconf 86' lang='lat' dir='ltr'>Vincunt</span> 
     </span>
     <span class='ocr_line' id='line_1_15' title="bbox 142 1021 1725 1082; baseline 0.005 -18"><span class='ocrx_word' id='word_1_121' title='bbox 142 1023 390 1065; x_wconf 86' lang='lat' dir='ltr'>tribuniciae</span> <span class='ocrx_word' id='word_1_122' title='bbox 422 1025 639 1080; x_wconf 89' lang='lat' dir='ltr'>potestatis</span> <span class='ocrx_word' id='word_1_123' title='bbox 672 1025 784 1074; x_wconf 89' lang='lat' dir='ltr'>odio,</span> <span class='ocrx_word' id='word_1_124' title='bbox 818 1025 937 1066; x_wconf 88' lang='lat' dir='ltr'>cuius</span> <span class='ocrx_word' id='word_1_125' title='bbox 969 1025 1225 1066; x_wconf 89' lang='lat' dir='ltr'>desiderium</span> <span class='ocrx_word' id='word_1_126' title='bbox 1257 1026 1372 1082; x_wconf 87' lang='lat' dir='ltr'>plebi</span> <span class='ocrx_word' id='word_1_127' title='bbox 1406 1026 1538 1068; x_wconf 91' lang='lat' dir='ltr'>multo</span> <span class='ocrx_word' id='word_1_128' title='bbox 1552 1021 1584 1052; x_wconf 88' lang='lat' dir='ltr'>in</span> <span class='ocrx_word' id='word_1_129' title='bbox 1601 1030 1725 1081; x_wconf 35' lang='lat' dir='ltr'>senatu.</span> 
     </span>
     <span class='ocr_line' id='line_1_16' title="bbox 142 1065 1736 1139; baseline 0.002 -17"><span class='ocrx_word' id='word_1_130' title='bbox 142 1080 290 1131; x_wconf 86' lang='lat' dir='ltr'>acrius,</span> <span class='ocrx_word' id='word_1_131' title='bbox 313 1089 440 1136; x_wconf 84' lang='lat' dir='ltr'>quam</span> <span class='ocrx_word' id='word_1_132' title='bbox 462 1081 688 1123; x_wconf 88' lang='lat' dir='ltr'>consularis</span> <span class='ocrx_word' id='word_1_133' title='bbox 710 1082 888 1138; x_wconf 83' lang='lat' dir='ltr'>imperii,</span> <span class='ocrx_word' id='word_1_134' title='bbox 911 1083 1110 1123; x_wconf 85' lang='lat' dir='ltr'>rebantur</span> <span class='ocrx_word' id='word_1_135' title='bbox 1134 1097 1236 1132; x_wconf 90' lang='lat' dir='ltr'>esse,</span> <span class='ocrx_word' id='word_1_136' title='bbox 1258 1098 1388 1139; x_wconf 90' lang='lat' dir='ltr'>prope</span> <span class='ocrx_word' id='word_1_137' title='bbox 1411 1083 1540 1125; x_wconf 90' lang='lat' dir='ltr'>male·</span> <span class='ocrx_word' id='word_1_138' title='bbox 1552 1065 1736 1096; x_wconf 75' lang='lat' dir='ltr'>decemun.</span> 
     </span>
     <span class='ocr_line' id='line_1_17' title="bbox 142 1137 1540 1197; baseline 0.001 -18"><span class='ocrx_word' id='word_1_139' title='bbox 142 1137 257 1188; x_wconf 85' lang='lat' dir='ltr'>bant,</span> <span class='ocrx_word' id='word_1_140' title='bbox 291 1138 512 1194; x_wconf 89' lang='lat' dir='ltr'>postmodo</span> <span class='ocrx_word' id='word_1_141' title='bbox 548 1139 560 1179; x_wconf 94' lang='lat' dir='ltr'>i</span> <span class='ocrx_word' id='word_1_142' title='bbox 593 1154 658 1180; x_wconf 86' lang='lat' dir='ltr'>sos</span> <span class='ocrx_word' id='word_1_143' title='bbox 693 1138 954 1180; x_wconf 86' lang='lat' dir='ltr'>decemviros</span> <span class='ocrx_word' id='word_1_144' title='bbox 994 1140 1211 1181; x_wconf 86' lang='lat' dir='ltr'>voluntate</span> <span class='ocrx_word' id='word_1_145' title='bbox 1252 1141 1365 1181; x_wconf 87' lang='lat' dir='ltr'>abire</span> <span class='ocrx_word' id='word_1_146' title='bbox 1407 1141 1540 1197; x_wconf 84' lang='lat' dir='ltr'>magi-</span> 
     </span>
     <span class='ocr_line' id='line_1_18' title="bbox 143 1154 1540 1253; baseline 0.001 -17"><span class='ocrx_word' id='word_1_147' title='bbox 143 1204 287 1245; x_wconf 89' lang='lat' dir='ltr'>stratu,</span> <span class='ocrx_word' id='word_1_148' title='bbox 340 1211 437 1236; x_wconf 91' lang='lat' dir='ltr'>uam</span> <span class='ocrx_word' id='word_1_149' title='bbox 463 1154 623 1236; x_wconf 75' lang='lat' dir='ltr'>invidia</span> <span class='ocrx_word' id='word_1_150' title='bbox 647 1211 792 1237; x_wconf 91' lang='lat' dir='ltr'>eorum</span> <span class='ocrx_word' id='word_1_151' title='bbox 818 1211 1041 1253; x_wconf 82' lang='lat' dir='ltr'>exsurgere</span> <span class='ocrx_word' id='word_1_152' title='bbox 1075 1212 1216 1238; x_wconf 87' lang='lat' dir='ltr'>rursus</span> <span class='ocrx_word' id='word_1_153' title='bbox 1247 1197 1427 1253; x_wconf 86' lang='lat' dir='ltr'>plebem.</span> <span class='ocrx_word' id='word_1_154' title='bbox 1495 1197 1540 1239; x_wconf 90' lang='lat' dir='ltr'>Si</span> 
     </span>
     <span class='ocr_line' id='line_1_19' title="bbox 143 1252 1537 1309; baseline 0.001 -15"><span class='ocrx_word' id='word_1_155' title='bbox 143 1252 294 1294; x_wconf 90' lang='lat' dir='ltr'>leniter</span> <span class='ocrx_word' id='word_1_156' title='bbox 341 1262 436 1294; x_wconf 87' lang='lat' dir='ltr'>ueta</span> <span class='ocrx_word' id='word_1_157' title='bbox 456 1267 520 1293; x_wconf 87' lang='lat' dir='ltr'>res</span> <span class='ocrx_word' id='word_1_158' title='bbox 540 1253 630 1294; x_wconf 89' lang='lat' dir='ltr'>sine</span> <span class='ocrx_word' id='word_1_159' title='bbox 652 1253 842 1309; x_wconf 85' lang='lat' dir='ltr'>populari</span> <span class='ocrx_word' id='word_1_160' title='bbox 863 1254 1040 1309; x_wconf 90' lang='lat' dir='ltr'>strepitu</span> <span class='ocrx_word' id='word_1_161' title='bbox 1061 1254 1115 1295; x_wconf 87' lang='lat' dir='ltr'>ad</span> <span class='ocrx_word' id='word_1_162' title='bbox 1136 1254 1328 1295; x_wconf 88' lang='lat' dir='ltr'>eonsules</span> <span class='ocrx_word' id='word_1_163' title='bbox 1348 1254 1537 1304; x_wconf 88' lang='lat' dir='ltr'>redisset,</span> 
     </span>
     <span class='ocr_line' id='line_1_20' title="bbox 144 1309 1540 1366; baseline 0.001 -15"><span class='ocrx_word' id='word_1_164' title='bbox 144 1319 218 1351; x_wconf 85' lang='lat' dir='ltr'>aut</span> <span class='ocrx_word' id='word_1_165' title='bbox 248 1309 367 1351; x_wconf 89' lang='lat' dir='ltr'>bellis</span> <span class='ocrx_word' id='word_1_166' title='bbox 400 1310 667 1366; x_wconf 70' lang='lat' dir='ltr'>interpositis,</span> <span class='ocrx_word' id='word_1_167' title='bbox 697 1319 769 1351; x_wconf 89' lang='lat' dir='ltr'>aut</span> <span class='ocrx_word' id='word_1_168' title='bbox 804 1310 1091 1352; x_wconf 85' lang='lat' dir='ltr'>moderatione</span> <span class='ocrx_word' id='word_1_169' title='bbox 1129 1311 1349 1352; x_wconf 90' lang='lat' dir='ltr'>consulum</span> <span class='ocrx_word' id='word_1_170' title='bbox 1381 1312 1426 1352; x_wconf 87' lang='lat' dir='ltr'>in</span> <span class='ocrx_word' id='word_1_171' title='bbox 1461 1312 1540 1352; x_wconf 92' lang='lat' dir='ltr'>im-</span> 
     </span>
     <span class='ocr_line' id='line_1_21' title="bbox 144 1366 1539 1424; baseline 0 -16"><span class='ocrx_word' id='word_1_172' title='bbox 144 1366 271 1424; x_wconf 85' lang='lat' dir='ltr'>periis</span> <span class='ocrx_word' id='word_1_173' title='bbox 292 1367 552 1417; x_wconf 86' lang='lat' dir='ltr'>exercendis,</span> <span class='ocrx_word' id='word_1_174' title='bbox 575 1382 693 1423; x_wconf 89' lang='lat' dir='ltr'>posse</span> <span class='ocrx_word' id='word_1_175' title='bbox 724 1368 767 1408; x_wconf 92' lang='lat' dir='ltr'>in</span> <span class='ocrx_word' id='word_1_176' title='bbox 797 1367 1051 1409; x_wconf 83' lang='lat' dir='ltr'>oblivionem</span> <span class='ocrx_word' id='word_1_177' title='bbox 1080 1368 1344 1408; x_wconf 89' lang='lat' dir='ltr'>tribunorum</span> <span class='ocrx_word' id='word_1_178' title='bbox 1371 1367 1539 1423; x_wconf 91' lang='lat' dir='ltr'>plebem</span> 
     </span>
     <span class='ocr_line' id='line_1_22' title="bbox 145 1423 309 1465; baseline 0 0"><span class='ocrx_word' id='word_1_179' title='bbox 145 1423 309 1465; x_wconf 79' lang='lat' dir='ltr'>adduci.</span> 
     </span>
    </p>

    <p class='ocr_par' dir='ltr' id='par_1_6' title="bbox 114 1480 1730 1824">
     <span class='ocr_line' id='line_1_23' title="bbox 114 1480 1730 1538; baseline 0.001 -14"><span class='ocrx_word' id='word_1_180' title='bbox 114 1494 132 1524; x_wconf 77' lang='lat'>3</span> <span class='ocrx_word' id='word_1_181' title='bbox 207 1480 382 1523; x_wconf 88' lang='lat' dir='ltr'>Silentio</span> <span class='ocrx_word' id='word_1_182' title='bbox 403 1481 577 1523; x_wconf 86' lang='lat' dir='ltr'>Patrum</span> <span class='ocrx_word' id='word_1_183' title='bbox 606 1482 785 1524; x_wconf 85' lang='lat' dir='ltr'>edicitur</span> <span class='ocrx_word' id='word_1_184' title='bbox 813 1482 1026 1524; x_wconf 87' lang='lat' dir='ltr'>delectus:</span> <span class='ocrx_word' id='word_1_185' title='bbox 1061 1483 1258 1532; x_wconf 86' lang='lat' dir='ltr'>iuniores,</span> <span class='ocrx_word' id='word_1_186' title='bbox 1290 1497 1422 1538; x_wconf 86' lang='lat' dir='ltr'>quum</span> <span class='ocrx_word' id='word_1_187' title='bbox 1451 1483 1539 1523; x_wconf 87' lang='lat' dir='ltr'>sine</span> <span class='ocrx_word' id='word_1_188' title='bbox 1556 1495 1730 1525; x_wconf 78' lang='lat' dir='ltr'>Delectum</span> 
     </span>
     <span class='ocr_line' id='line_1_24' title="bbox 145 1537 1686 1596; baseline 0.001 -17"><span class='ocrx_word' id='word_1_189' title='bbox 145 1539 440 1594; x_wconf 84' lang='lat' dir='ltr'>provocatione</span> <span class='ocrx_word' id='word_1_190' title='bbox 463 1539 685 1595; x_wconf 90' lang='lat' dir='ltr'>imperium</span> <span class='ocrx_word' id='word_1_191' title='bbox 708 1548 828 1588; x_wconf 86' lang='lat' dir='ltr'>esset,</span> <span class='ocrx_word' id='word_1_192' title='bbox 851 1539 904 1580; x_wconf 89' lang='lat' dir='ltr'>ad</span> <span class='ocrx_word' id='word_1_193' title='bbox 932 1540 1105 1581; x_wconf 85' lang='lat' dir='ltr'>nomina</span> <span class='ocrx_word' id='word_1_194' title='bbox 1125 1540 1393 1596; x_wconf 84' lang='lat' dir='ltr'>respondent.</span> <span class='ocrx_word' id='word_1_195' title='bbox 1457 1539 1540 1580; x_wconf 90' lang='lat' dir='ltr'>Le—</span> <span class='ocrx_word' id='word_1_196' title='bbox 1554 1537 1686 1568; x_wconf 79' lang='lat' dir='ltr'>habent.</span> 
     </span>
     <span class='ocr_line' id='line_1_25' title="bbox 144 1596 1540 1653; baseline 0.001 -17"><span class='ocrx_word' id='word_1_197' title='bbox 144 1596 340 1652; x_wconf 84' lang='lat' dir='ltr'>gionibus</span> <span class='ocrx_word' id='word_1_198' title='bbox 361 1596 536 1652; x_wconf 89' lang='lat' dir='ltr'>seriptis,</span> <span class='ocrx_word' id='word_1_199' title='bbox 560 1597 669 1637; x_wconf 89' lang='lat' dir='ltr'>inter</span> <span class='ocrx_word' id='word_1_200' title='bbox 693 1611 736 1636; x_wconf 93' lang='lat' dir='ltr'>se</span> <span class='ocrx_word' id='word_1_201' title='bbox 758 1596 986 1637; x_wconf 89' lang='lat' dir='ltr'>decemviri</span> <span class='ocrx_word' id='word_1_202' title='bbox 1014 1598 1324 1653; x_wconf 87' lang='lat' dir='ltr'>comparabant,</span> <span class='ocrx_word' id='word_1_203' title='bbox 1347 1612 1454 1652; x_wconf 90' lang='lat' dir='ltr'>quos</span> <span class='ocrx_word' id='word_1_204' title='bbox 1481 1596 1540 1638; x_wconf 92' lang='lat' dir='ltr'>ire</span> 
     </span>
     <span class='ocr_line' id='line_1_26' title="bbox 145 1652 1541 1710; baseline 0.001 -17"><span class='ocrx_word' id='word_1_205' title='bbox 145 1653 199 1694; x_wconf 84' lang='lat' dir='ltr'>ad</span> <span class='ocrx_word' id='word_1_206' title='bbox 233 1652 404 1702; x_wconf 90' lang='lat' dir='ltr'>bellum,</span> <span class='ocrx_word' id='word_1_207' title='bbox 442 1668 547 1709; x_wconf 91' lang='lat' dir='ltr'>quos</span> <span class='ocrx_word' id='word_1_208' title='bbox 586 1667 776 1709; x_wconf 83' lang='lat' dir='ltr'>praeesse</span> <span class='ocrx_word' id='word_1_209' title='bbox 818 1654 1073 1694; x_wconf 87' lang='lat' dir='ltr'>exercitibus</span> <span class='ocrx_word' id='word_1_210' title='bbox 1113 1663 1337 1710; x_wconf 73' lang='lat' dir='ltr'>oporteret.</span> <span class='ocrx_word' id='word_1_211' title='bbox 1416 1653 1541 1694; x_wconf 88' lang='lat' dir='ltr'>Prin-</span> 
     </span>
     <span class='ocr_line' id='line_1_27' title="bbox 144 1709 1538 1766; baseline 0 -15"><span class='ocrx_word' id='word_1_212' title='bbox 144 1710 259 1766; x_wconf 85' lang='lat' dir='ltr'>cipes</span> <span class='ocrx_word' id='word_1_213' title='bbox 291 1710 402 1751; x_wconf 88' lang='lat' dir='ltr'>inter</span> <span class='ocrx_word' id='word_1_214' title='bbox 433 1709 692 1751; x_wconf 89' lang='lat' dir='ltr'>decemviros</span> <span class='ocrx_word' id='word_1_215' title='bbox 724 1719 842 1751; x_wconf 89' lang='lat' dir='ltr'>erant</span> <span class='ocrx_word' id='word_1_216' title='bbox 879 1710 932 1758; x_wconf 80' lang='lat' dir='ltr'>Q.</span> <span class='ocrx_word' id='word_1_217' title='bbox 959 1710 1111 1751; x_wconf 88' lang='lat' dir='ltr'>Fabius</span> <span class='ocrx_word' id='word_1_218' title='bbox 1143 1720 1185 1751; x_wconf 87' lang='lat' dir='ltr'>et</span> <span class='ocrx_word' id='word_1_219' title='bbox 1215 1711 1297 1766; x_wconf 89' lang='lat' dir='ltr'>Ap.</span> <span class='ocrx_word' id='word_1_220' title='bbox 1321 1710 1538 1752; x_wconf 88' lang='lat' dir='ltr'>Claudius.</span> 
     </span>
     <span class='ocr_line' id='line_1_28' title="bbox 146 1766 1543 1824; baseline 0.001 -17"><span class='ocrx_word' id='word_1_221' title='bbox 146 1766 313 1808; x_wconf 90' lang='lat' dir='ltr'>Bellum</span> <span class='ocrx_word' id='word_1_222' title='bbox 335 1767 450 1808; x_wconf 89' lang='lat' dir='ltr'>domi</span> <span class='ocrx_word' id='word_1_223' title='bbox 478 1767 623 1816; x_wconf 87' lang='lat' dir='ltr'>maius,</span> <span class='ocrx_word' id='word_1_224' title='bbox 647 1782 773 1822; x_wconf 88' lang='lat' dir='ltr'>quam</span> <span class='ocrx_word' id='word_1_225' title='bbox 794 1767 904 1816; x_wconf 86' lang='lat' dir='ltr'>foris,</span> <span class='ocrx_word' id='word_1_226' title='bbox 928 1768 1164 1823; x_wconf 84' lang='lat' dir='ltr'>apparebat.</span> <span class='ocrx_word' id='word_1_227' title='bbox 1229 1768 1361 1824; x_wconf 89' lang='lat' dir='ltr'>Appii</span> <span class='ocrx_word' id='word_1_228' title='bbox 1383 1767 1543 1809; x_wconf 90' lang='lat' dir='ltr'>violen-</span> 
     </span>
    </p>

    <p class='ocr_par' dir='ltr' id='par_1_7' title="bbox 113 1823 1544 2219">
     <span class='ocr_line' id='line_1_29' title="bbox 113 1823 1542 1880; baseline 0 -14"><span class='ocrx_word' id='word_1_229' title='bbox 113 1824 245 1866; x_wconf 78' lang='lat' dir='ltr'>4tiam</span> <span class='ocrx_word' id='word_1_230' title='bbox 278 1824 481 1880; x_wconf 88' lang='lat' dir='ltr'>aptiorem</span> <span class='ocrx_word' id='word_1_231' title='bbox 515 1824 593 1865; x_wconf 88' lang='lat' dir='ltr'>rati</span> <span class='ocrx_word' id='word_1_232' title='bbox 627 1823 679 1864; x_wconf 88' lang='lat' dir='ltr'>ad</span> <span class='ocrx_word' id='word_1_233' title='bbox 712 1824 1050 1879; x_wconf 85' lang='lat' dir='ltr'>comprimendos</span> <span class='ocrx_word' id='word_1_234' title='bbox 1083 1825 1264 1866; x_wconf 79' lang='lat' dir='ltr'>urbanos</span> <span class='ocrx_word' id='word_1_235' title='bbox 1295 1834 1458 1866; x_wconf 88' lang='lat' dir='ltr'>motus:</span> <span class='ocrx_word' id='word_1_236' title='bbox 1498 1826 1542 1866; x_wconf 91' lang='lat' dir='ltr'>in</span> 
     </span>
     <span class='ocr_line' id='line_1_30' title="bbox 145 1881 1541 1937; baseline 0.001 -15"><span class='ocrx_word' id='word_1_237' title='bbox 145 1881 276 1923; x_wconf 86' lang='lat' dir='ltr'>Fabio</span> <span class='ocrx_word' id='word_1_238' title='bbox 306 1882 445 1922; x_wconf 88' lang='lat' dir='ltr'>minus</span> <span class='ocrx_word' id='word_1_239' title='bbox 478 1882 521 1922; x_wconf 91' lang='lat' dir='ltr'>in</span> <span class='ocrx_word' id='word_1_240' title='bbox 557 1882 668 1922; x_wconf 90' lang='lat' dir='ltr'>bono</span> <span class='ocrx_word' id='word_1_241' title='bbox 704 1890 911 1930; x_wconf 83' lang='lat' dir='ltr'>constanS,</span> <span class='ocrx_word' id='word_1_242' title='bbox 945 1896 1070 1937; x_wconf 89' lang='lat' dir='ltr'>quam</span> <span class='ocrx_word' id='word_1_243' title='bbox 1108 1897 1262 1922; x_wconf 89' lang='lat' dir='ltr'>navum</span> <span class='ocrx_word' id='word_1_244' title='bbox 1294 1882 1337 1922; x_wconf 91' lang='lat' dir='ltr'>in</span> <span class='ocrx_word' id='word_1_245' title='bbox 1369 1882 1541 1931; x_wconf 83' lang='lat' dir='ltr'>malitia,</span> 
     </span>
     <span class='ocr_line' id='line_1_31' title="bbox 144 1938 1541 1995; baseline 0 -16"><span class='ocrx_word' id='word_1_246' title='bbox 144 1938 362 1995; x_wconf 82' lang='lat' dir='ltr'>ingenium</span> <span class='ocrx_word' id='word_1_247' title='bbox 395 1953 496 1980; x_wconf 86' lang='lat' dir='ltr'>esse.</span> <span class='ocrx_word' id='word_1_248' title='bbox 562 1938 691 1979; x_wconf 89' lang='lat' dir='ltr'>Hunc</span> <span class='ocrx_word' id='word_1_249' title='bbox 724 1939 838 1979; x_wconf 90' lang='lat' dir='ltr'>enim</span> <span class='ocrx_word' id='word_1_250' title='bbox 871 1938 1019 1987; x_wconf 76' lang='lat' dir='ltr'>virum,</span> <span class='ocrx_word' id='word_1_251' title='bbox 1049 1939 1265 1995; x_wconf 80' lang='lat' dir='ltr'>egregium</span> <span class='ocrx_word' id='word_1_252' title='bbox 1298 1939 1399 1980; x_wconf 92' lang='lat' dir='ltr'>olim</span> <span class='ocrx_word' id='word_1_253' title='bbox 1427 1939 1541 1981; x_wconf 90' lang='lat' dir='ltr'>domi</span> 
     </span>
     <span class='ocr_line' id='line_1_32' title="bbox 146 1994 1544 2051; baseline 0 -15"><span class='ocrx_word' id='word_1_254' title='bbox 146 1995 420 2051; x_wconf 87' lang='lat' dir='ltr'>militiaeque,</span> <span class='ocrx_word' id='word_1_255' title='bbox 454 1995 760 2036; x_wconf 83' lang='lat' dir='ltr'>decemviratus</span> <span class='ocrx_word' id='word_1_256' title='bbox 793 1994 1063 2050; x_wconf 79' lang='lat' dir='ltr'>collegaeque</span> <span class='ocrx_word' id='word_1_257' title='bbox 1098 1996 1157 2036; x_wconf 89' lang='lat' dir='ltr'>ita</span> <span class='ocrx_word' id='word_1_258' title='bbox 1189 2005 1466 2045; x_wconf 88' lang='lat' dir='ltr'>mutaverant,</span> <span class='ocrx_word' id='word_1_259' title='bbox 1499 2006 1544 2036; x_wconf 92' lang='lat' dir='ltr'>ut</span> 
     </span>
     <span class='ocr_line' id='line_1_33' title="bbox 148 2051 1544 2117; baseline 0 -24"><span class='ocrx_word' id='word_1_260' title='bbox 148 2053 293 2117; x_wconf 90' lang='lat' dir='ltr'>Appii,</span> <span class='ocrx_word' id='word_1_261' title='bbox 316 2067 332 2092; x_wconf 83' lang='grc'>(</span> <span class='ocrx_word' id='word_1_262' title='bbox 348 2067 442 2093; x_wconf 89' lang='lat' dir='ltr'>uam</span> <span class='ocrx_word' id='word_1_263' title='bbox 471 2053 548 2100; x_wconf 83' lang='lat' dir='ltr'>sui,</span> <span class='ocrx_word' id='word_1_264' title='bbox 571 2051 718 2092; x_wconf 87' lang='lat' dir='ltr'>similis</span> <span class='ocrx_word' id='word_1_265' title='bbox 747 2051 889 2092; x_wconf 82' lang='lat' dir='ltr'>mallet</span> <span class='ocrx_word' id='word_1_266' title='bbox 917 2066 1018 2092; x_wconf 76' lang='lat' dir='ltr'>esse.</span> <span class='ocrx_word' id='word_1_267' title='bbox 1084 2051 1198 2092; x_wconf 88' lang='lat' dir='ltr'>Huic</span> <span class='ocrx_word' id='word_1_268' title='bbox 1221 2052 1377 2092; x_wconf 89' lang='lat' dir='ltr'>bellum</span> <span class='ocrx_word' id='word_1_269' title='bbox 1399 2052 1443 2092; x_wconf 90' lang='lat' dir='ltr'>in</span> <span class='ocrx_word' id='word_1_270' title='bbox 1469 2053 1544 2093; x_wconf 91' lang='lat' dir='ltr'>Sa-</span> 
     </span>
     <span class='ocr_line' id='line_1_34' title="bbox 146 2106 1543 2163; baseline -0.001 -13"><span class='ocrx_word' id='word_1_271' title='bbox 146 2110 268 2157; x_wconf 87' lang='lat' dir='ltr'>bims,</span> <span class='ocrx_word' id='word_1_272' title='bbox 299 2108 331 2149; x_wconf 64' lang='lat' dir='ltr'>B(</span> <span class='ocrx_word' id='word_1_273' title='bbox 353 2109 372 2149; x_wconf 89' lang='lat'>’.</span> <span class='ocrx_word' id='word_1_274' title='bbox 400 2108 608 2150; x_wconf 85' lang='lat' dir='ltr'>Rabuleio</span> <span class='ocrx_word' id='word_1_275' title='bbox 641 2117 684 2149; x_wconf 87' lang='lat' dir='ltr'>et</span> <span class='ocrx_word' id='word_1_276' title='bbox 719 2106 773 2155; x_wconf 84' lang='lat' dir='ltr'>Q.</span> <span class='ocrx_word' id='word_1_277' title='bbox 803 2107 993 2148; x_wconf 87' lang='lat' dir='ltr'>Poetelio</span> <span class='ocrx_word' id='word_1_278' title='bbox 1026 2108 1179 2148; x_wconf 79' lang='lat' dir='ltr'>additis</span> <span class='ocrx_word' id='word_1_279' title='bbox 1212 2108 1394 2163; x_wconf 82' lang='lat' dir='ltr'>collegis,</span> <span class='ocrx_word' id='word_1_280' title='bbox 1426 2124 1543 2149; x_wconf 87' lang='lat' dir='ltr'>man-</span> 
     </span>
     <span class='ocr_line' id='line_1_35' title="bbox 147 2164 1543 2219; baseline -0.001 -12"><span class='ocrx_word' id='word_1_281' title='bbox 147 2166 304 2207; x_wconf 86' lang='lat' dir='ltr'>datum.</span> <span class='ocrx_word' id='word_1_282' title='bbox 370 2165 430 2206; x_wconf 89' lang='lat' dir='ltr'>M.</span> <span class='ocrx_word' id='word_1_283' title='bbox 453 2165 678 2205; x_wconf 72' lang='lat' dir='ltr'>Cornelius</span> <span class='ocrx_word' id='word_1_284' title='bbox 701 2165 742 2204; x_wconf 86' lang='lat' dir='ltr'>in</span> <span class='ocrx_word' id='word_1_285' title='bbox 768 2164 969 2219; x_wconf 79' lang='lat' dir='ltr'>Algidum</span> <span class='ocrx_word' id='word_1_286' title='bbox 995 2165 1141 2205; x_wconf 72' lang='lat' dir='ltr'>missus</span> <span class='ocrx_word' id='word_1_287' title='bbox 1162 2179 1258 2205; x_wconf 89' lang='lat' dir='ltr'>cum</span> <span class='ocrx_word' id='word_1_288' title='bbox 1282 2164 1330 2205; x_wconf 91' lang='lat' dir='ltr'>L.</span> <span class='ocrx_word' id='word_1_289' title='bbox 1349 2164 1543 2205; x_wconf 90' lang='lat' dir='ltr'>Minucio</span> 
     </span>
    </p>

    <p class='ocr_par' dir='ltr' id='par_1_8' title="bbox 117 2220 1543 2277">
     <span class='ocr_line' id='line_1_36' title="bbox 117 2220 1543 2277; baseline -0.002 -12"><span class='ocrx_word' id='word_1_290' title='bbox 117 2233 190 2270; x_wconf 72' lang='lat' dir='ltr'>set</span> <span class='ocrx_word' id='word_1_291' title='bbox 223 2223 274 2264; x_wconf 85' lang='lat' dir='ltr'>T.</span> <span class='ocrx_word' id='word_1_292' title='bbox 302 2223 490 2264; x_wconf 81' lang='lat' dir='ltr'>Antonio</span> <span class='ocrx_word' id='word_1_293' title='bbox 524 2232 564 2264; x_wconf 88' lang='lat' dir='ltr'>et</span> <span class='ocrx_word' id='word_1_294' title='bbox 598 2222 650 2263; x_wconf 86' lang='lat' dir='ltr'>K.</span> <span class='ocrx_word' id='word_1_295' title='bbox 677 2221 825 2262; x_wconf 85' lang='lat' dir='ltr'>Duilio</span> <span class='ocrx_word' id='word_1_296' title='bbox 859 2231 899 2262; x_wconf 85' lang='lat' dir='ltr'>ct</span> <span class='ocrx_word' id='word_1_297' title='bbox 936 2220 996 2262; x_wconf 82' lang='lat' dir='ltr'>M.</span> <span class='ocrx_word' id='word_1_298' title='bbox 1036 2222 1208 2276; x_wconf 70' lang='lat' dir='ltr'>Sergio:</span> <span class='ocrx_word' id='word_1_299' title='bbox 1250 2220 1319 2277; x_wconf 87' lang='lat' dir='ltr'>Sp.</span> <span class='ocrx_word' id='word_1_300' title='bbox 1354 2221 1543 2277; x_wconf 87' lang='lat' dir='ltr'>Oppium</span> 
     </span>
    </p>
   </div>
   <div class='ocr_carea' id='block_1_3' title="bbox 148 2415 1547 2544">
    <p class='ocr_par' dir='ltr' id='par_1_9' title="bbox 148 2415 1547 2544">
     <span class='ocr_line' id='line_1_37' title="bbox 190 2415 1544 2461; baseline -0.004 -10"><span class='ocrx_word' id='word_1_301' title='bbox 190 2430 210 2461; x_wconf 84' lang='lat'>9</span> <span class='ocrx_word' id='word_1_302' title='bbox 233 2422 308 2452; x_wconf 77' lang='lat' dir='ltr'>Non</span> <span class='ocrx_word' id='word_1_303' title='bbox 324 2422 386 2451; x_wconf 73' lang='lat' dir='ltr'>erit</span> <span class='ocrx_word' id='word_1_304' title='bbox 402 2421 530 2458; x_wconf 64' lang='lat' dir='ltr'>melin-³]</span> <span class='ocrx_word' id='word_1_305' title='bbox 569 2420 675 2450; x_wconf 73' lang='lat' dir='ltr'>verba</span> <span class='ocrx_word' id='word_1_306' title='bbox 700 2419 821 2449; x_wconf 81' lang='lat' dir='ltr'>minuu—</span> <span class='ocrx_word' id='word_1_307' title='bbox 912 2432 929 2457; x_wconf 81' lang='lat'>4</span> <span class='ocrx_word' id='word_1_308' title='bbox 956 2420 995 2449; x_wconf 83' lang='grc' dir='ltr'>Ιιι</span> <span class='ocrx_word' id='word_1_309' title='bbox 1015 2419 1114 2448; x_wconf 72' lang='lat' dir='ltr'>Fama</span> <span class='ocrx_word' id='word_1_310' title='bbox 1132 2418 1253 2455; x_wconf 71' lang='lat' dir='ltr'>minus]</span> <span class='ocrx_word' id='word_1_311' title='bbox 1283 2417 1400 2447; x_wconf 67' lang='lat' dir='ltr'>Minus</span> <span class='ocrx_word' id='word_1_312' title='bbox 1425 2415 1476 2446; x_wconf 81' lang='lat' dir='ltr'>hic</span> <span class='ocrx_word' id='word_1_313' title='bbox 1500 2425 1544 2445; x_wconf 84' lang='lat' dir='ltr'>re-</span> 
     </span>
     <span class='ocr_line' id='line_1_38' title="bbox 148 2458 1547 2502; baseline -0.003 -10"><span class='ocrx_word' id='word_1_314' title='bbox 148 2462 200 2497; x_wconf 72' lang='lat' dir='ltr'>tia,</span> <span class='ocrx_word' id='word_1_315' title='bbox 225 2467 259 2493; x_wconf 86' lang='lat' dir='ltr'>ut</span> <span class='ocrx_word' id='word_1_316' title='bbox 283 2462 353 2493; x_wconf 81' lang='lat' dir='ltr'>infr.</span> <span class='ocrx_word' id='word_1_317' title='bbox 378 2464 428 2500; x_wconf 82' lang='lat'>48.</span> <span class='ocrx_word' id='word_1_318' title='bbox 461 2464 584 2502; x_wconf 67' lang='lat' dir='ltr'>quiesse</span> <span class='ocrx_word' id='word_1_319' title='bbox 609 2463 671 2492; x_wconf 80' lang='lat' dir='ltr'>crit</span> <span class='ocrx_word' id='word_1_320' title='bbox 702 2463 823 2492; x_wconf 68' lang='lat' dir='ltr'>melius.</span> <span class='ocrx_word' id='word_1_321' title='bbox 869 2461 1058 2491; x_wconf 76' lang='lat' dir='ltr'>solvendum</span> <span class='ocrx_word' id='word_1_322' title='bbox 1077 2460 1202 2490; x_wconf 73' lang='lat' dir='ltr'>videtur</span> <span class='ocrx_word' id='word_1_323' title='bbox 1218 2459 1248 2488; x_wconf 88' lang='lat' dir='ltr'>iu</span> <span class='ocrx_word' id='word_1_324' title='bbox 1267 2458 1324 2488; x_wconf 64' lang='lat' dir='ltr'>hus</span> <span class='ocrx_word' id='word_1_325' title='bbox 1338 2469 1431 2487; x_wconf 63' lang='lat' dir='ltr'>vor-eu</span> <span class='ocrx_word' id='word_1_326' title='bbox 1446 2459 1547 2496; x_wconf 54' lang='lat' dir='ltr'>mayn}</span> 
     </span>
     <span class='ocr_line' id='line_1_39' title="bbox 151 2500 1545 2544; baseline -0.004 -9"><span class='ocrx_word' id='word_1_327' title='bbox 151 2504 401 2535; x_wconf 63' lang='lat' dir='ltr'>Instinctionem</span> <span class='ocrx_word' id='word_1_328' title='bbox 435 2509 504 2544; x_wconf 70' lang='lat' dir='ltr'>post</span> <span class='ocrx_word' id='word_1_329' title='bbox 535 2515 599 2534; x_wconf 85' lang='lat' dir='ltr'>non</span> <span class='ocrx_word' id='word_1_330' title='bbox 639 2504 824 2543; x_wconf 82' lang='lat' dir='ltr'>ponendum</span> <span class='ocrx_word' id='word_1_331' title='bbox 872 2514 947 2536; x_wconf 80' lang='lat' dir='ltr'>non.</span> <span class='ocrx_word' id='word_1_332' title='bbox 960 2502 1122 2542; x_wconf 75' lang='lat' dir='ltr'>quomodo</span> <span class='ocrx_word' id='word_1_333' title='bbox 1139 2502 1225 2540; x_wconf 71' lang='lat' dir='ltr'>apud</span> <span class='ocrx_word' id='word_1_334' title='bbox 1240 2501 1314 2530; x_wconf 76' lang='lat' dir='ltr'>Ter.</span> <span class='ocrx_word' id='word_1_335' title='bbox 1329 2500 1359 2530; x_wconf 93' lang='lat' dir='ltr'>in</span> <span class='ocrx_word' id='word_1_336' title='bbox 1376 2500 1458 2530; x_wconf 83' lang='lat' dir='ltr'>llec.</span> <span class='ocrx_word' id='word_1_337' title='bbox 1474 2501 1545 2530; x_wconf 79' lang='lat' dir='ltr'>Act.</span> 
     </span>
    </p>
   </div>
   <div class='ocr_carea' id='block_1_4' title="bbox 150 2543 1548 2666">
    <p class='ocr_par' dir='ltr' id='par_1_10' title="bbox 150 2543 1548 2666">
     <span class='ocr_line' id='line_1_40' title="bbox 150 2543 1548 2582; baseline -0.004 -5"><span class='ocrx_word' id='word_1_338' title='bbox 150 2551 259 2577; x_wconf 71' lang='lat' dir='ltr'>censet</span> <span class='ocrx_word' id='word_1_339' title='bbox 278 2546 374 2577; x_wconf 83' lang='lat' dir='ltr'>Doer.</span> <span class='ocrx_word' id='word_1_340' title='bbox 873 2545 912 2575; x_wconf 82' lang='lat' dir='ltr'>iv.</span> <span class='ocrx_word' id='word_1_341' title='bbox 930 2555 972 2575; x_wconf 71' lang='lat' dir='ltr'>nc.</span> <span class='ocrx_word' id='word_1_342' title='bbox 990 2557 1018 2582; x_wconf 69' lang='lat'>4.</span> <span class='ocrx_word' id='word_1_343' title='bbox 1036 2546 1111 2574; x_wconf 74' lang='lat' dir='ltr'>Nem</span> <span class='ocrx_word' id='word_1_344' title='bbox 1128 2545 1183 2573; x_wconf 77' lang='lat' dir='ltr'>lilu&#39;</span> <span class='ocrx_word' id='word_1_345' title='bbox 1202 2544 1283 2573; x_wconf 70' lang='lat' dir='ltr'>illm!</span> <span class='ocrx_word' id='word_1_346' title='bbox 1295 2543 1422 2580; x_wconf 74' lang='lat' dir='ltr'>sactum</span> <span class='ocrx_word' id='word_1_347' title='bbox 1442 2544 1548 2572; x_wconf 70' lang='lat' dir='ltr'>minu-›-</span> 
     </span>
     <span class='ocr_line' id='line_1_41' title="bbox 198 2583 1546 2626; baseline -0.004 -8"><span class='ocrx_word' id='word_1_348' title='bbox 198 2598 209 2618; x_wconf 82' lang='grc' dir='ltr'>ι</span> <span class='ocrx_word' id='word_1_349' title='bbox 237 2589 373 2618; x_wconf 75' lang='lat' dir='ltr'>Privato</span> <span class='ocrx_word' id='word_1_350' title='bbox 394 2590 542 2626; x_wconf 76' lang='lat' dir='ltr'>reticere]</span> <span class='ocrx_word' id='word_1_351' title='bbox 575 2588 624 2618; x_wconf 79' lang='lat' dir='ltr'>Ex</span> <span class='ocrx_word' id='word_1_352' title='bbox 652 2587 737 2617; x_wconf 47' lang='lat' dir='ltr'>iuis-zu</span> <span class='ocrx_word' id='word_1_353' title='bbox 766 2587 824 2626; x_wconf 79' lang='lat' dir='ltr'>pri·</span> <span class='ocrx_word' id='word_1_354' title='bbox 870 2588 987 2626; x_wconf 61' lang='lat' dir='ltr'>placat,</span> <span class='ocrx_word' id='word_1_355' title='bbox 1003 2597 1097 2626; x_wconf 79' lang='lat' dir='ltr'>quam</span> <span class='ocrx_word' id='word_1_356' title='bbox 1117 2586 1193 2615; x_wconf 74' lang='lat' dir='ltr'>mim</span> <span class='ocrx_word' id='word_1_357' title='bbox 1205 2597 1213 2614; x_wconf 91' lang='lat'>.·</span> <span class='ocrx_word' id='word_1_358' title='bbox 1240 2584 1257 2615; x_wconf 82' lang='lat' dir='ltr'>i.</span> <span class='ocrx_word' id='word_1_359' title='bbox 1270 2595 1296 2614; x_wconf 81' lang='lat' dir='ltr'>e.</span> <span class='ocrx_word' id='word_1_360' title='bbox 1314 2584 1388 2614; x_wconf 76' lang='lat' dir='ltr'>Non</span> <span class='ocrx_word' id='word_1_361' title='bbox 1406 2583 1463 2613; x_wconf 74' lang='lat' dir='ltr'>tibi</span> <span class='ocrx_word' id='word_1_362' title='bbox 1481 2594 1546 2613; x_wconf 81' lang='lat' dir='ltr'>mu-</span> 
     </span>
     <span class='ocr_line' id='line_1_42' title="bbox 153 2625 1546 2666; baseline -0.004 -6"><span class='ocrx_word' id='word_1_363' title='bbox 153 2630 216 2660; x_wconf 75' lang='lat' dir='ltr'>vati</span> <span class='ocrx_word' id='word_1_364' title='bbox 234 2629 381 2660; x_wconf 64' lang='lat' dir='ltr'>hominia.</span> <span class='ocrx_word' id='word_1_365' title='bbox 871 2629 917 2666; x_wconf 65' lang='lat' dir='ltr'>gin</span> <span class='ocrx_word' id='word_1_366' title='bbox 941 2628 1021 2658; x_wconf 83' lang='lat' dir='ltr'>illud</span> <span class='ocrx_word' id='word_1_367' title='bbox 1047 2628 1166 2657; x_wconf 71' lang='lat' dir='ltr'>liu-tum</span> <span class='ocrx_word' id='word_1_368' title='bbox 1192 2636 1254 2656; x_wconf 80' lang='lat' dir='ltr'>nnn</span> <span class='ocrx_word' id='word_1_369' title='bbox 1281 2626 1399 2665; x_wconf 76' lang='lat' dir='ltr'>placet,</span> <span class='ocrx_word' id='word_1_370' title='bbox 1415 2636 1469 2656; x_wconf 70' lang='lat' dir='ltr'>neu</span> <span class='ocrx_word' id='word_1_371' title='bbox 1486 2625 1546 2656; x_wconf 66' lang='lat' dir='ltr'>din-</span> 
     </span>
    </p>
   </div>
   <div class='ocr_carea' id='block_1_5' title="bbox 153 2667 1549 2747">
    <p class='ocr_par' dir='ltr' id='par_1_11' title="bbox 153 2667 1549 2747">
     <span class='ocr_line' id='line_1_43' title="bbox 197 2667 1549 2709; baseline -0.004 -6"><span class='ocrx_word' id='word_1_372' title='bbox 197 2682 212 2703; x_wconf 75' lang='lat'>2</span> <span class='ocrx_word' id='word_1_373' title='bbox 240 2673 315 2703; x_wconf 69' lang='lat' dir='ltr'>Non</span> <span class='ocrx_word' id='word_1_374' title='bbox 341 2673 393 2702; x_wconf 82' lang='lat' dir='ltr'>cui</span> <span class='ocrx_word' id='word_1_375' title='bbox 419 2673 591 2702; x_wconf 74' lang='lat' dir='ltr'>eimnlnlme</span> <span class='ocrx_word' id='word_1_376' title='bbox 617 2672 824 2708; x_wconf 64' lang='lat' dir='ltr'>consulendo]</span> <span class='ocrx_word' id='word_1_377' title='bbox 875 2671 984 2709; x_wconf 75' lang='lat' dir='ltr'>plicet,</span> <span class='ocrx_word' id='word_1_378' title='bbox 1016 2680 1111 2708; x_wconf 84' lang='lat' dir='ltr'>quum</span> <span class='ocrx_word' id='word_1_379' title='bbox 1149 2668 1237 2698; x_wconf 73' lang='lat' dir='ltr'>milui.</span> <span class='ocrx_word' id='word_1_380' title='bbox 1302 2669 1421 2697; x_wconf 70' lang='lat' dir='ltr'>Senium</span> <span class='ocrx_word' id='word_1_381' title='bbox 1455 2667 1549 2706; x_wconf 82' lang='lat' dir='ltr'>igitur</span> 
     </span>
     <span class='ocr_line' id='line_1_44' title="bbox 153 2709 1547 2747; baseline -0.004 -3"><span class='ocrx_word' id='word_1_382' title='bbox 153 2715 183 2745; x_wconf 66' lang='lat' dir='ltr'>lt.</span> <span class='ocrx_word' id='word_1_383' title='bbox 198 2725 224 2744; x_wconf 87' lang='lat' dir='ltr'>e.</span> <span class='ocrx_word' id='word_1_384' title='bbox 245 2714 319 2744; x_wconf 81' lang='lat' dir='ltr'>Non</span> <span class='ocrx_word' id='word_1_385' title='bbox 339 2724 447 2743; x_wconf 70' lang='lat' dir='ltr'>reverit</span> <span class='ocrx_word' id='word_1_386' title='bbox 466 2713 597 2743; x_wconf 76' lang='lat' dir='ltr'>vu1en&#39;0</span> <span class='ocrx_word' id='word_1_387' title='bbox 618 2714 828 2747; x_wconf 69' lang='lat' dir='ltr'>mmuh-ndo.</span> <span class='ocrx_word' id='word_1_388' title='bbox 873 2712 950 2742; x_wconf 78' lang='lat' dir='ltr'>erit:</span> <span class='ocrx_word' id='word_1_389' title='bbox 982 2711 1012 2741; x_wconf 88' lang='lat' dir='ltr'>iu</span> <span class='ocrx_word' id='word_1_390' title='bbox 1042 2711 1140 2741; x_wconf 51' lang='lat' dir='ltr'>lamio</span> <span class='ocrx_word' id='word_1_391' title='bbox 1167 2711 1266 2747; x_wconf 68' lang='lat' dir='ltr'>mugin</span> <span class='ocrx_word' id='word_1_392' title='bbox 1292 2720 1359 2740; x_wconf 65' lang='lat' dir='ltr'>etue</span> <span class='ocrx_word' id='word_1_393' title='bbox 1384 2709 1547 2746; x_wconf 69' lang='lat' dir='ltr'>ingenium</span> 
     </span>
    </p>
   </div>
   <div class='ocr_carea' id='block_1_6' title="bbox 153 2752 1551 2877">
    <p class='ocr_par' dir='ltr' id='par_1_12' title="bbox 153 2752 1551 2877">
     <span class='ocr_line' id='line_1_45' title="bbox 153 2752 1550 2793; baseline -0.004 -6"><span class='ocrx_word' id='word_1_394' title='bbox 153 2756 202 2787; x_wconf 89' lang='lat' dir='ltr'>cui</span> <span class='ocrx_word' id='word_1_395' title='bbox 221 2756 387 2786; x_wconf 61' lang='lat' dir='ltr'>consult-re</span> <span class='ocrx_word' id='word_1_396' title='bbox 403 2755 589 2789; x_wconf 65' lang='lat' dir='ltr'>aimulnlmt,</span> <span class='ocrx_word' id='word_1_397' title='bbox 605 2756 658 2784; x_wconf 70' lang='grc' dir='ltr'>κυιΙ</span> <span class='ocrx_word' id='word_1_398' title='bbox 680 2754 796 2793; x_wconf 74' lang='lat' dir='ltr'>Appio.</span> <span class='ocrx_word' id='word_1_399' title='bbox 875 2764 936 2783; x_wconf 81' lang='lat' dir='ltr'>nou</span> <span class='ocrx_word' id='word_1_400' title='bbox 955 2758 1115 2787; x_wconf 63' lang='lat' dir='ltr'>constans,</span> <span class='ocrx_word' id='word_1_401' title='bbox 1128 2752 1193 2782; x_wconf 70' lang='lat' dir='ltr'>niu-</span> <span class='ocrx_word' id='word_1_402' title='bbox 1208 2752 1392 2782; x_wconf 64' lang='lat' dir='ltr'>inconstans</span> <span class='ocrx_word' id='word_1_403' title='bbox 1406 2752 1437 2782; x_wconf 88' lang='lat' dir='ltr'>in</span> <span class='ocrx_word' id='word_1_404' title='bbox 1455 2752 1550 2788; x_wconf 83' lang='lat' dir='ltr'>bono,</span> 
     </span>
     <span class='ocr_line' id='line_1_46' title="bbox 199 2794 1442 2837; baseline -0.002 -11"><span class='ocrx_word' id='word_1_405' title='bbox 199 2808 216 2837; x_wconf 78' lang='lat'>3</span> <span class='ocrx_word' id='word_1_406' title='bbox 238 2799 374 2828; x_wconf 72' lang='lat' dir='ltr'>Sile-ulio</span> <span class='ocrx_word' id='word_1_407' title='bbox 393 2798 547 2834; x_wconf 77' lang='lat' dir='ltr'>l&#39;mrmn]</span> <span class='ocrx_word' id='word_1_408' title='bbox 579 2808 620 2826; x_wconf 68' lang='lat' dir='ltr'>rw.</span> <span class='ocrx_word' id='word_1_409' title='bbox 646 2796 761 2835; x_wconf 72' lang='lat' dir='ltr'>Neque</span> <span class='ocrx_word' id='word_1_410' title='bbox 784 2807 828 2825; x_wconf 61' lang='lat' dir='ltr'>ne-</span> <span class='ocrx_word' id='word_1_411' title='bbox 875 2806 970 2834; x_wconf 82' lang='lat' dir='ltr'>quum</span> <span class='ocrx_word' id='word_1_412' title='bbox 993 2805 1110 2825; x_wconf 66' lang='lat' dir='ltr'>navum</span> <span class='ocrx_word' id='word_1_413' title='bbox 1130 2795 1160 2824; x_wconf 83' lang='lat' dir='ltr'>in</span> <span class='ocrx_word' id='word_1_414' title='bbox 1178 2794 1311 2824; x_wconf 74' lang='lat' dir='ltr'>mulitia.</span> <span class='ocrx_word' id='word_1_415' title='bbox 1336 2795 1442 2825; x_wconf 63' lang='grc' dir='ltr'>(ἴω-εν.</span> 
     </span>
     <span class='ocr_line' id='line_1_47' title="bbox 153 2835 1551 2877; baseline -0.005 -5"><span class='ocrx_word' id='word_1_416' title='bbox 153 2840 398 2872; x_wconf 68' lang='lat' dir='ltr'>nntuaconezulto</span> <span class='ocrx_word' id='word_1_417' title='bbox 429 2840 526 2874; x_wconf 74' lang='lat' dir='ltr'>suctu,</span> <span class='ocrx_word' id='word_1_418' title='bbox 553 2848 656 2877; x_wconf 76' lang='lat' dir='ltr'>neque</span> <span class='ocrx_word' id='word_1_419' title='bbox 688 2838 831 2877; x_wconf 66' lang='lat' dir='ltr'>putribus</span> <span class='ocrx_word' id='word_1_420' title='bbox 921 2845 937 2874; x_wconf 75' lang='lat'><strong>5</strong></span> <span class='ocrx_word' id='word_1_421' title='bbox 964 2838 1004 2867; x_wconf 81' lang='grc' dir='ltr'>Κ.</span> <span class='ocrx_word' id='word_1_422' title='bbox 1022 2837 1151 2874; x_wconf 74' lang='lat' dir='ltr'>[milio]</span> <span class='ocrx_word' id='word_1_423' title='bbox 1180 2836 1328 2866; x_wconf 84' lang='lat' dir='ltr'>Duilium</span> <span class='ocrx_word' id='word_1_424' title='bbox 1352 2839 1385 2866; x_wconf 76' lang='lat' dir='ltr'>et</span> <span class='ocrx_word' id='word_1_425' title='bbox 1406 2835 1551 2874; x_wconf 63' lang='lat' dir='ltr'>Sergium</span> 
     </span>
    </p>
   </div>
   <div class='ocr_carea' id='block_1_7' title="bbox 154 2878 1553 2964">
    <p class='ocr_par' dir='ltr' id='par_1_13' title="bbox 154 2878 1553 2964">
     <span class='ocr_line' id='line_1_48' title="bbox 154 2878 1553 2921; baseline -0.004 -8"><span class='ocrx_word' id='word_1_426' title='bbox 154 2882 416 2921; x_wconf 63' lang='lat' dir='ltr'>rcmgnuntibun.</span> <span class='ocrx_word' id='word_1_427' title='bbox 464 2882 503 2911; x_wconf 75' lang='lat' dir='ltr'>cs.</span> <span class='ocrx_word' id='word_1_428' title='bbox 539 2879 767 2910; x_wconf 76' lang='lat' dir='ltr'>VVm-hnmuth.</span> <span class='ocrx_word' id='word_1_429' title='bbox 802 2889 830 2919; x_wconf 88' lang='lat' dir='ltr'>p.</span> <span class='ocrx_word' id='word_1_430' title='bbox 878 2878 993 2916; x_wconf 73' lang='lat' dir='ltr'>legioni</span> <span class='ocrx_word' id='word_1_431' title='bbox 1013 2883 1233 2909; x_wconf 71' lang='lat' dir='ltr'>veteranorum</span> <span class='ocrx_word' id='word_1_432' title='bbox 1259 2878 1437 2917; x_wconf 76' lang='lat' dir='ltr'>praefectos</span> <span class='ocrx_word' id='word_1_433' title='bbox 1457 2878 1553 2909; x_wconf 72' lang='lat' dir='ltr'>misae</span> 
     </span>
     <span class='ocr_line' id='line_1_49' title="bbox 157 2894 1359 2964; baseline -0.005 -8"><span class='ocrx_word' id='word_1_434' title='bbox 157 2894 226 2964; x_wconf 43' lang='lat'>581.</span> <span class='ocrx_word' id='word_1_435' title='bbox 256 2924 351 2954; x_wconf 66' lang='lat' dir='ltr'>Dion.</span> <span class='ocrx_word' id='word_1_436' title='bbox 372 2923 412 2953; x_wconf 84' lang='lat' dir='ltr'>xi.</span> <span class='ocrx_word' id='word_1_437' title='bbox 436 2933 480 2953; x_wconf 78' lang='lat'>2¹.</span> <span class='ocrx_word' id='word_1_438' title='bbox 501 2933 563 2952; x_wconf 70' lang='lat' dir='ltr'>retu</span> <span class='ocrx_word' id='word_1_439' title='bbox 583 2922 676 2952; x_wconf 67' lang='lat' dir='ltr'>aliu-r</span> <span class='ocrx_word' id='word_1_440' title='bbox 693 2927 808 2952; x_wconf 71' lang='lat' dir='ltr'>narrat.</span> <span class='ocrx_word' id='word_1_441' title='bbox 878 2927 985 2951; x_wconf 65' lang='lat' dir='ltr'>consuet</span> <span class='ocrx_word' id='word_1_442' title='bbox 1005 2920 1138 2951; x_wconf 74' lang='lat' dir='ltr'>Niebhr.</span> <span class='ocrx_word' id='word_1_443' title='bbox 1157 2920 1187 2952; x_wconf 87' lang='lat' dir='ltr'>ii.</span> <span class='ocrx_word' id='word_1_444' title='bbox 1205 2925 1270 2951; x_wconf 83' lang='lat' dir='ltr'>not.</span> <span class='ocrx_word' id='word_1_445' title='bbox 1290 2929 1359 2959; x_wconf 75' lang='lat'>742.</span> 
     </span>
    </p>
   </div>
  </div>
 </body>
</html>
