1934 3211
425 171 505 212 176
940 170 1090 213 ΤΙΤΙ
1131 169 1305 214 LIVII

423 265 581 302 ‘castra
610 259 796 302 hostium
828 269 1138 318 oppugnentur.
1203 261 1353 317 Itaque
1384 275 1498 302 arma
1527 274 1624 301 suos
1653 273 1817 316 capere,

423 323 435 341 ‘
448 326 490 359 et
511 333 554 359 se
576 319 788 375 subsequi’
810 319 939 360 iubet.
1003 318 1142 360 Nocte
1160 318 1313 360 initum
1334 317 1543 374 proelium
1560 326 1623 359 est
1644 332 1668 358 a
1687 316 1819 373 legio-

421 375 571 416 nibus:
617 375 813 417 dictatori
845 376 1025 417 clamore
1056 376 1305 432 significant,
1338 376 1389 417 ab
1420 391 1470 416 ea
1499 390 1669 431 quoque
1699 381 1817 431 parte

421 447 509 473 rem
527 432 571 472 in
593 432 833 474 discrimine
857 449 955 475 esse.
1019 433 1109 475 Iam
1131 449 1174 475 se
1203 433 1256 474 ad
1283 432 1547 488 prohibenda
1567 430 1850 473 circumdari9

422 505 550 546 opera
586 489 729 546 Aequi
759 491 973 546 parabant,
1007 506 1152 546 quum,
1186 491 1236 531 ab
1270 490 1469 531 interiore
1506 489 1624 530 hoste
1658 488 1818 544 proelio

422 556 585 603 coepto,
609 563 662 588 ne
684 563 760 603 per
788 547 928 588 media
948 563 1022 588 sua
1042 556 1175 588 castra
1195 547 1315 588 fieret
1343 547 1520 602 eruptio,
1544 562 1568 587 a
1588 545 1818 586 munienti-

423 604 501 645 bus
534 605 587 645 ad
619 613 855 661 pugnantes
887 605 1111 645 introrsum
1142 604 1262 652 versi,
1294 619 1467 644 vacuam
1497 611 1667 644 noctem
1700 602 1818 658 operi

423 660 600 702 dedere:
635 670 954 717 pugnatumque
984 675 1080 701 cum
1112 660 1281 701 consule
1311 660 1364 701 ad
1393 660 1532 701 lucem
1563 667 1636 701 est.
1699 659 1816 700 Luce

421 718 557 773 prima
584 718 666 758 iam
688 717 987 758 circumvallati
1010 718 1060 759 ab
1089 717 1291 759 dictatore
1313 726 1443 766 erant,
1467 725 1510 758 et
1529 717 1600 758 vix
1621 716 1818 758 adversus

422 790 554 815 unum
576 775 808 815 exercitum
829 790 1015 831 pugnam
1037 775 1308 816 sustinebant.
1373 774 1487 815 Tum
1509 790 1533 815 a
1557 773 1817 822 Quinctiano

422 832 624 881 exercitu,
649 831 721 887 qui
744 832 964 872 confestim
986 848 1010 873 a
1025 832 1212 888 perfecto
1233 847 1359 888 opere
1382 831 1435 872 ad
1456 847 1570 873 arma
1590 831 1728 881 rediit,
1750 831 1817 871 in-

420 888 587 929 vaditur
607 888 775 929 vallum.
840 888 924 930 Hic
947 889 1127 931 instabat
1147 905 1255 931 nova
1274 904 1439 945 pugna:
1473 888 1545 930 illa
1564 888 1670 929 nihil
1691 888 1817 930 remi-

420 954 528 986 serat
568 946 694 1002 prior.
759 946 885 995 Tum,
924 947 1096 1003 ancipiti
1129 946 1238 988 malo
1275 955 1465 1002 urgente,
1503 962 1528 987 a
1561 945 1721 1002 proelio
1761 945 1817 987 ad

420 1018 566 1058 preces
596 1003 716 1052 versi,
739 1002 839 1044 hinc
871 1003 1131 1053 dictatorem,
1165 1004 1266 1044 hinc
1291 1003 1504 1045 consulem
1535 1019 1664 1054 orare,
1687 1018 1741 1045 ne
1770 1003 1817 1045 in

423 1060 640 1101 occidione
680 1060 897 1101 victoriam
937 1069 1156 1117 ponerent,
1189 1070 1236 1102 ut
1271 1061 1451 1102 inermes
1492 1076 1534 1102 se
1570 1061 1667 1102 inde
1701 1060 1815 1102 abire

203 1124 398 1172 qubiugum
420 1117 617 1158 sinerent.
680 1117 751 1158 Ab
773 1118 942 1159 consule
965 1118 1018 1159 ad
1039 1118 1286 1159 dictatorem
1316 1118 1376 1159 ire
1399 1118 1519 1159 iussis
1539 1118 1816 1174 ignominiam

203 1170 314 1198 nntut.
419 1174 607 1215 infensus
629 1174 803 1216 addidit.
861 1175 1102 1217 Gracchum
1123 1175 1335 1216 Cloelium
1351 1175 1503 1216 ducem
1519 1175 1813 1231 principesque
1830 1192 1843 1213 1

420 1231 523 1272 alios
542 1232 704 1273 vinctos
726 1232 780 1273 ad
808 1248 850 1273 se
874 1232 1026 1274 adduci
1055 1233 1185 1282 iubet,
1209 1232 1366 1289 oppido
1398 1232 1610 1273 Corbione
1639 1232 1812 1282 decedi3

422 1294 433 1312 ‘
452 1288 677 1345 Sanguinis
698 1305 741 1330 se
765 1289 1015 1346 Aequorum
1038 1306 1124 1331 non
1152 1305 1300 1346 egere:
1334 1289 1459 1331 licere
1482 1289 1623 1331 abire:
1657 1289 1744 1340 sed,
1767 1298 1816 1331 ut

422 1346 706 1401 ‘exprimatur
728 1347 899 1388 tandem
926 1347 1143 1397 confessio,
1166 1348 1379 1388 subactam
1408 1346 1697 1403 domitamque
1726 1362 1814 1388 esse

422 1408 628 1458 ‘gentem,
662 1405 737 1444 sub
769 1404 915 1459 iugum
951 1405 1161 1446 abituros?
1221 1405 1376 1445 Tribus
1412 1403 1540 1445 hastis
1575 1404 1722 1460 iugum
1752 1403 1814 1454 fit,

420 1459 538 1500 humi
570 1460 663 1501 fixis
694 1460 868 1510 duabus,
900 1476 1108 1518 superque
1141 1478 1209 1503 eas
1239 1470 1471 1503 transversa
1500 1476 1586 1502 una
1619 1461 1814 1518 deligata.

424 1516 511 1558 Sub
533 1517 612 1558 hoc
634 1518 732 1573 iugo
753 1517 933 1559 dictator
954 1519 1130 1574 Aequos
1151 1520 1274 1560 misit.

273 1576 341 1614 29.
483 1574 643 1615 Castris
672 1575 855 1615 hostium
887 1576 1078 1631 receptis,
1100 1576 1236 1631 plenis
1264 1576 1454 1617 omnium
1482 1591 1635 1625 rerum,
1658 1575 1816 1632 (nudos

421 1632 535 1672 enim
561 1631 774 1687 emiserat)
798 1632 998 1687 praedam
1026 1648 1195 1673 omnem
1221 1649 1296 1674 suo
1325 1641 1489 1674 tantum
1516 1633 1641 1674 militi
1667 1633 1811 1675 dedit:

420 1688 682 1732 consularem
696 1689 927 1729 exercitum
943 1689 1165 1745 ipsumque
1180 1690 1396 1731 consulem
1409 1690 1642 1746 increpans,
1660 1695 1672 1713 ‘
1684 1689 1816 1732 Care-

422 1746 535 1795 ‘bis,’
556 1746 707 1801 inquit,
732 1746 935 1802 ‘praedae
963 1756 1093 1802 parte,
1117 1746 1248 1796 miles,
1272 1762 1325 1788 ex
1353 1762 1404 1787 eo
1432 1746 1564 1796 hoste,
1587 1747 1656 1788 cui
1683 1762 1813 1804 prope

422 1808 434 1826 ‘
446 1803 625 1858 praedae
639 1803 776 1844 fuisti:
805 1812 847 1844 et
864 1812 922 1853 tu,
941 1803 990 1844 L.
1008 1803 1188 1853 Minuci,
1203 1803 1338 1844 donec
1352 1804 1613 1845 consularem
1627 1804 1815 1845 animum

436 1860 620 1915 ‘incipias
651 1859 818 1909 habere,
850 1860 1011 1916 legatus
1042 1860 1106 1901 his
1142 1860 1377 1917 legionibus
1406 1860 1615 1916 praeeriS.’
1675 1860 1741 1902 Ita
1769 1876 1814 1903 se

422 1916 641 1957 Minucius
657 1917 822 1958 abdicat
838 1917 1068 1966 consulam,
1092 1917 1311 1973 iussusque
1334 1917 1387 1958 ad
1403 1918 1636 1959 exercitum
1657 1927 1812 1960 manet.

423 1973 509 2014 Sed
531 1973 636 2014 adeo
662 1982 752 2014 tum
780 1974 957 2029 imperio
986 1974 1148 2015 meliori
1173 1975 1337 2015 animus
1365 1982 1582 2016 mansuete
1612 1975 1814 2016 obediens

421 2038 523 2080 erat,
561 2039 607 2070 ut
642 2030 836 2071 beneficii
871 2031 1013 2087 magis,
1046 2046 1172 2086 quam
1203 2031 1472 2087 ignominiae,
1506 2031 1575 2072 hic
1606 2032 1846 2091 exercitus2

421 2102 594 2137 memor,
616 2095 659 2128 et
687 2103 884 2128 coronam
913 2103 1082 2129 auream
1110 2088 1303 2129 dictatori
1330 2088 1477 2129 libram
1498 2088 1641 2144 pondo
1669 2089 1846 2142 decre-3

420 2145 538 2194 verit,
562 2153 605 2185 et
625 2145 960 2200 proficiscentem
976 2160 1074 2186 eum
1094 2154 1319 2201 patronum
1336 2145 1585 2187 salutaverit.
1650 2145 1813 2188 Romae
1826 2167 1847 2194 4

201 267 246 342 ss:

264 267 303 343 ΦΩ

321 277 361 350 *a

363 267 393 341 09*

344 320 360 351 5
385 336 393 343 .

463 2317 483 2348 9
501 2307 725 2345 Prohibenda]
746 2306 878 2346 Proprie
891 2306 1095 2337 scribendum
1183 2316 1200 2345 3
1217 2307 1350 2337 Libram
1358 2307 1482 2346 pondo]
1503 2306 1718 2337 Locutionem
1730 2307 1815 2338 hanc

421 2350 517 2380 fuisse
554 2350 597 2379 ad
628 2350 829 2388 prohibenda
865 2349 1095 2379 circumdanda
1139 2348 1319 2387 ellipticam
1336 2358 1404 2378 esse
1420 2349 1514 2378 docet
1527 2349 1555 2378 Ι.
1567 2348 1618 2379 Fr.
1632 2348 1815 2380 Gronovius

421 2403 530 2431 opera,
560 2391 658 2430 idque
695 2391 781 2421 idem
816 2401 895 2428 esse,
925 2394 1022 2429 atque
1054 2391 1095 2420 ad
1139 2390 1172 2420 in
1202 2390 1284 2420 libro
1309 2390 1330 2420 i.
1351 2389 1380 2420 6.
1405 2390 1446 2420 de
1476 2400 1592 2429 pecun.
1618 2393 1681 2421 vet.
1707 2394 1739 2421 et
1767 2391 1814 2422 ita.

422 2434 670 2474 prohibendum,
707 2444 748 2463 ne
785 2443 883 2472 opera
920 2432 1094 2463 circumda-
1139 2432 1288 2471 integrari
1312 2432 1439 2470 debere,
1466 2442 1616 2462 coronam
1646 2433 1814 2464 habentem

422 2480 543 2513 rentur,
558 2480 668 2505 monet
684 2475 803 2506 Stroth.
1133 2475 1262 2514 pondus
1289 2474 1403 2504 libram
1428 2475 1547 2513 pondo.
1594 2474 1744 2505 Eandem
1767 2475 1814 2506 lo-

469 2529 481 2548 1
508 2519 678 2556 Cloelium]
707 2518 791 2547 Vide
812 2517 883 2547 infr.
902 2516 943 2547 iv.
964 2526 1010 2547 10.
1037 2516 1092 2546 ubi
1137 2516 1301 2546 cntionem
1330 2516 1472 2546 restituit
1502 2516 1644 2548 Gronov.
1673 2517 1747 2549 infr.
1769 2517 1814 2550 iv.

422 2560 568 2591 Cloelius
583 2559 699 2590 iterum
716 2559 748 2589 in
767 2559 887 2599 proelio
905 2562 1018 2598 captus
1036 2562 1093 2589 est.
1139 2568 1188 2589 20.

422 2603 520 2633 Hanc
541 2602 705 2632 victoriam
725 2602 765 2632 ab
784 2602 886 2632 altera
905 2601 949 2631 ibi
968 2605 1095 2631 narrata
1181 2612 1200 2639 4
1223 2601 1422 2638 Patronum]
1463 2600 1566 2632 Haud
1596 2602 1637 2632 ab
1666 2611 1701 2633 re
1730 2604 1813 2634 foret

421 2645 645 2674 adumbratam
668 2643 765 2674 fuisse
784 2647 892 2674 censet
909 2643 1044 2673 Niebhr.
1060 2642 1091 2673 ii.
1136 2642 1412 2680 animadvertisse,
1428 2644 1514 2682 quod
1529 2643 1602 2674 infr.
1617 2643 1696 2674 xxii.
1714 2654 1763 2686 29.
1779 2649 1813 2676 et

423 2695 454 2724 p.
494 2685 565 2722 268,
604 2686 737 2725 quippe,
776 2696 876 2725 quum
918 2684 1094 2720 Quinctius
1139 2694 1188 2723 3ο.
1212 2684 1353 2724 legiones
1374 2686 1426 2716 M.
1451 2686 1596 2717 Minucii
1621 2685 1811 2717 dictatorem

421 2727 623 2766 triumphum
646 2727 785 2765 duxerit,
808 2728 902 2758 illum
926 2727 999 2757 duci
1023 2727 1093 2757 hos—
1139 2726 1276 2757 Fabium
1303 2727 1507 2757 consalutant
1528 2733 1715 2767 patronum,
1740 2739 1812 2768 per-

423 2768 504 2797 tium
524 2773 618 2807 capto
638 2770 816 2809 pepercisse
834 2769 965 2800 omnino
986 2780 1006 2799 a
1027 2769 1092 2799 Ro·
1135 2768 1211 2799 inde
1227 2779 1264 2799 ac
1281 2769 1306 2798 si
1321 2779 1370 2799 res
1385 2779 1405 2799 a
1418 2770 1531 2800 Marco
1543 2770 1692 2801 Minucio
1702 2773 1811 2810 gestae

424 2809 528 2839 manis
543 2811 684 2841 moribus
700 2812 842 2842 alienum
859 2811 979 2842 fuisset.
1138 2811 1171 2841 in
1193 2811 1347 2851 gentilem
1371 2820 1465 2841 suum
1483 2811 1622 2842 Lucium
1637 2813 1810 2842 translatae

461 2859 485 2896 1ἰ
510 2852 681 2891 Coronam]
701 2853 951 2885 Obsidionalem.
969 2854 1006 2885 cf.
1023 2852 1094 2885 infr.
1138 2856 1254 2884 essent.
1276 2853 1309 2885 N
1312 2853 1413 2885 iebhr.
1429 2852 1462 2884 ii.
1477 2863 1509 2885 n.
1525 2852 1597 2885 611.

425 2891 478 2923 vii.
496 2900 545 2931 37.
