1934 3211
413 178 496 217 216
923 174 1072 216 ΤΙΤΙ
1113 174 1290 217 LIVII

199 267 243 298 U.
261 268 298 299 C.
317 274 389 307 307·
417 265 591 306 ‘decem
623 264 812 305 tribunos
843 263 957 319 plebi
990 264 1182 314 faceret3’
1222 263 1561 320 insectandisque
1596 261 1805 311 Patribus,

197 311 238 341 A.
261 310 300 341 C·
316 318 388 350 445·
415 322 529 363 unde
545 321 710 377 Aspero
724 321 851 362 etiam
863 320 1045 362 inditum
1059 330 1122 362 est
1134 336 1381 378 cognomen,
1396 321 1654 362 tribunatum
1667 314 1805 375 gessit.

199 382 246 413 U·
262 383 300 413 C·
319 383 390 421 308·
474 378 582 420 Inde
624 378 686 420 M.
721 377 938 434 Geganius
978 378 1222 420 Macerinus
1262 387 1305 420 et
1347 378 1398 420 C.
1428 377 1574 427 Iulius,
1616 375 1807 418 consules

199 425 250 498 ᾗ·
263 425 391 506 23444·
416 436 529 486 facti,
551 436 754 477 coitiones
784 394 1060 485 tgribunorum,
1087 436 1282 477 adversus
1308 435 1514 477 nobilium
1544 435 1809 475 iuventutem

199 509 265 547 nio
273 509 310 540 c
320 509 406 540 Iulio
419 502 540 543 ortas,
563 493 652 533 sine
673 492 946 533 insectatione
967 493 1184 548 potestatis
1204 494 1306 542 eius,
1329 500 1572 534 conservata
1591 491 1807 532 maiestate

202 552 292 582 Coss.
418 551 607 600 Patrum,
636 550 859 590 sedavele:
893 549 1073 604 plebem,
1100 549 1270 590 decreto
1299 550 1352 590 ad
1380 549 1537 590 bellum
1558 548 1809 588 Volscorum

419 616 463 648 et
504 611 753 662 Aequorum
794 605 974 654 delectu,
1012 605 1257 646 sustinendo
1301 621 1404 654 rem,
1443 607 1493 646 ab
1534 604 1839 646 seditionibusz

419 664 692 705 continuere:
737 663 896 702 urbano
932 677 1101 717 quoque
1143 663 1228 703 otio
1263 662 1362 702 foris
1403 662 1546 702 omnia
1585 660 1811 716 tranquilla

419 736 508 762 esse
549 720 812 767 affirmantes,
854 733 929 773 per
969 718 1196 759 discordias
1241 718 1383 759 civiles
1429 728 1624 759 externos
1664 717 1810 758 tollere

419 778 590 818 animos.
656 775 772 816 Cura
802 775 917 830 pacis
949 775 1196 816 concordiae
1229 791 1397 831 quoque
1431 775 1654 816 intestinae
1687 789 1812 815 causa

418 833 508 874 fuit.
574 832 659 873 Sed
679 832 783 873 alter
803 847 971 897 semper
988 832 1090 873 ordo
1111 832 1247 888 gravis
1268 833 1437 874 alterius
1458 832 1685 872 modestiae
1707 828 1808 872 erat.

204 893 373 924 Iuniorum
423 890 670 938 Quiescenti
686 889 801 944 plebi
817 889 894 929 ab
885 890 1024 930 iunior
1025 890 1117 930 ibus
1131 889 1331 930 Patrum'
1321 889 1499 930 iniuriae
1515 889 1607 929 fieri
1623 896 1808 943 coeptae.

203 936 390 1008 ξΠΡῖξῖξῐῗῗ
421 947 509 988 Ubi
540 946 698 987 tlibuni
729 946 886 987 auxilio
916 946 1209 988 humilioribus
1239 955 1389 996 essent,
1416 947 1461 986 in
1488 946 1632 1002 primis
1662 960 1812 1009 parum

202 988 347 1051 iniffriae
419 1003 641 1068 pr·ode1at:
676 1003 830 1044 deinde
863 1018 917 1044 ne
950 1003 1030 1059 ipsi
1062 1003 1235 1058 quidem
1265 979 1453 1044 inviolati
1484 1011 1629 1052 erant3
1663 1001 1810 1057 utique

419 1060 639 1125 postremis
674 1060 901 1110 mensibus,
934 1075 1067 1115 quum
1103 1069 1145 1101 et
1180 1075 1256 1116 per
1290 1061 1493 1102 coitiones
1525 1059 1812 1115 potentiorum

420 1117 574 1158 iniuria
602 1117 734 1166 fieret,
766 1126 808 1157 et
837 1118 898 1158 vis
927 1117 1144 1173 potestatis
1175 1118 1310 1158 omnis
1341 1117 1554 1173 aliquanto
1584 1116 1811 1172 posteriore

420 1175 521 1215 anni
555 1183 672 1230 parte
708 1174 946 1229 languidior
980 1174 1110 1215 ferme
1147 1183 1280 1215 esset:
1320 1174 1487 1229 iamque
1524 1173 1642 1229 plebs
1678 1173 1736 1213 ita
1767 1188 1813 1212 ln

421 1232 638 1272 tribunatu
673 1246 830 1287 11011616
867 1231 1027 1286 aliquid
1062 1231 1163 1287 spei,
1202 1231 1236 1271 si
1271 1231 1427 1272 similes
1462 1230 1582 1271 Icilio
1623 1230 1813 1271 tribunos

420 1288 618 1330 haberet:
658 1303 831 1329 nomma
866 1297 1031 1329 tantum
1067 1303 1109 1329 se
1142 1288 1316 1329 biennio
1348 1288 1553 1329 habuisse.
1619 1286 1844 1332 Senioress

422 1354 567 1385 contra
587 1345 776 1394 Patrum,
798 1353 846 1385 ut
865 1346 990 1386 nimis
1010 1345 1169 1386 feroces
1194 1360 1289 1386 suos
1309 1344 1511 1386 credere
1501 1359 1673 1385 luvenes
1698 1358 1810 1384 esse·
1800 1375 1811 1392 ,

421 1402 480 1442 ita
500 1401 637 1451 malle,
655 1402 689 1442 si
710 1401 859 1442 modus
875 1402 1144 1443 excedendus
1161 1410 1280 1452 esset,
1299 1402 1395 1451 suis,
1413 1417 1540 1457 quam
1556 1401 1812 1450 adversariis,

421 1473 634 1514 superesse
657 1459 827 1499 animos
877 1459 1001 1500 Adeo
1023 1459 1253 1500 moderatio
1275 1459 1456 1500 tuendae
1478 1458 1694 1507 libertatis,
1711 1457 1813 1498 dum

422 1515 592 1570 aequari
619 1515 724 1556 velle
756 1515 992 1556 simulando
1022 1516 1081 1556 ita
1110 1531 1152 1557 se
1185 1516 1362 1571 quisque
1395 1515 1571 1564 extollit,
1600 1523 1648 1555 ut
1674 1514 1814 1570 depri-

422 1581 509 1612 mat
545 1571 685 1620 alium,
720 1572 765 1611 in
800 1571 959 1613 difficili
995 1581 1082 1613 est:
1122 1573 1393 1628 cavendoque
1426 1588 1480 1614 ne
1514 1580 1706 1615 metuant
1736 1571 1813 1612 ho·

421 1629 568 1678 mines,
598 1627 848 1669 metuendos
878 1628 988 1669 ultro
1018 1644 1061 1669 se
1093 1629 1305 1670 efficiunt·
1340 1638 1383 1670 et
1411 1629 1607 1670 iniuriam
1638 1643 1663 1669 a
1692 1629 1815 1669 nobis

420 1685 642 1749 lepulsam,
665 1693 866 1741 tanquam
897 1694 969 1726 aut
997 1685 1132 1726 facere
1165 1694 1237 1726 aut
1266 1686 1353 1741 pati
1383 1700 1552 1726 necesse
1583 1685 1649 1733 sit,
1671 1685 1814 1725 iniun-

420 1757 557 1798 gimus
578 1742 679 1783 aliis.

273 1801 340 1839 66.
479 1799 530 1840 T.
551 1799 778 1847 Quinctius
813 1799 1079 1856 Capitolinus
1113 1808 1309 1856 quartum
1351 1809 1394 1842 et
1426 1800 1617 1857 Aglippa
1646 1799 1812 1848 Furius,

203 1857 248 1888 U·
265 1857 304 1887 C.
322 1866 393 1897 309·
421 1856 612 1897 6011511165
634 1857 732 1897 inde
754 1857 865 1906 facti,
888 1872 966 1898 nec
988 1858 1238 1898 seditionem
1259 1858 1387 1907 domi,
1409 1873 1489 1898 1166
1513 1858 1612 1898 foris
1639 1856 1812 1905 bellum,

202 1899 408 1976 ssjg'lissffib
422 1922 699 1969 acceperunt:
748 1913 823 1954 scd
858 1914 1106 1955 imminebat
1140 1923 1379 1970 utrumque.
1456 1914 1547 1955 Iam
1581 1929 1668 1954 non
1703 1913 1814 1954 ultra

203 1983 267 2013 IV.
286 1983 396 2022 Agrip
420 1970 628 2011 discordia
648 1970 802 2011 civium
824 1971 995 2026 reprimi
1018 1980 1195 2026 poterat,
1219 1982 1261 2012 et
1288 1972 1466 2012 tribunis
1491 1979 1534 2012 et
1558 1970 1716 2026 plebe
1706 1970 1813 2010 mci-

202 2024 301 2055 Furio
318 2025 406 2056 Coss.
421 2035 507 2068 tata
522 2027 566 2067 in
583 2027 743 2076 Patres,
761 2042 893 2082 quum
910 2027 999 2068 dies
1017 2028 1141 2068 alicui
1157 2028 1361 2069 nobilium
1378 2028 1491 2069 dicta
1510 2027 1629 2068 novis
1649 2041 1815 2091 semper

202 2098 307 2137 Aequi
325 2103 357 2129 et
421 2084 718 2124 certaminibus
759 2084 983 2124 conciones
1023 2085 1221 2125 turbaret.
1299 2085 1371 2125 Ad
1412 2099 1589 2140 quarum
1629 2083 1813 2139 primum

203 2140 314 2170 Volsci
331 2142 396 2171 bel
420 2141 653 2196 strepitum,
694 2140 809 2181 velut
849 2141 968 2181 siano
1009 2150 1198 2197 accepto,
1238 2157 1352 2182 arma
1391 2156 1539 2197 cepere
1585 2140 1726 2195 Aequi
1765 2154 1813 2180 ac

202 2182 384 2256 fflfflnlffnotm'
420 2198 462 2238 V
467 2197 591 2238 01561
631 2197 755 2237 simul
786 2174 910 2252 quod-⁵
935 2207 1227 2252 persuaselant
1261 2198 1312 2238 iis
1347 2198 1488 2247 duces,
1520 2196 1664 2252 cupidi
1693 2211 1813 2252 prae-

421 2254 581 2303 darum,
617 2254 790 2294 biennio
824 2263 920 2294 ante
954 2254 1165 2295 delectum
1198 2255 1406 2295 indictum
1438 2254 1584 2295 haberi
1619 2268 1706 2294 non
1737 2267 1846 2308 po-4

422 2311 561 2359 tuisse,
596 2311 807 2351 abnuente
844 2310 927 2351 iam
960 2310 1081 2374 plebe
1116 2311 1350 2366 impelium.
1415 2311 1508 2351 ‘Eo
1541 2310 1735 2350 adversus
1767 2323 1811 2349 se

423 2373 535 2407 ‘non
577 2382 664 2408 6556
706 2367 851 2407 11115505
892 2367 1126 2407 exelcitus:
1180 2367 1348 2408 dissolvi
1392 2367 1564 2408 licentia
1603 2365 1811 2405 militandi

423 2429 634 2464 ‘moienn
683 2439 761 2464 1166
802 2439 878 2479 pro
919 2424 1133 2464 communi
1174 2424 1256 2463 iam
1297 2424 1430 2479 patria
1473 2423 1652 2463 Romam
1693 2436 1808 2462 esse:

422 2480 654 2536 ‘quicquid
689 2481 843 2522 irarum
874 2480 1216 2535 simultatumque
1249 2495 1344 2520 cum
1376 2479 1560 2520 extemis
1593 2478 1733 2527 fuerit,
1766 2477 1812 2517 in

423 2542 560 2591 ‘ipsos
585 2537 715 2577 verti·
752 2545 991 2577 occaecatos
1022 2536 1142 2591 lupos
1172 2536 1371 2578 intestina
1400 2536 1513 2576 rabie
1545 2533 1812 2597 opprimendi

422 2594 710 2634 ‘occasionem
747 2593 861 2634 65563
924 2592 1174 2633 Coniunctis
1205 2593 1458 2633 exercitibus
1492 2592 1691 2633 Latinum
1726 2605 1812 2647 prl-

464 2732 480 2752 2
505 2725 699 2755 Sustinendo
721 2725 804 2761 rem]
842 2724 1014 2761 Morando,
1037 2724 1095 2754 dif-
1140 2723 1305 2763 oppositos
1319 2724 1485 2754 habemus
1503 2723 1639 2754 Niebhr.
1649 2722 1682 2753 ii.
1693 2733 1724 2753 n.
1738 2723 1810 2761 838.

421 2763 551 2794 serendo
568 2766 742 2796 delectum.
759 2765 831 2796 infr.
848 2765 898 2796 60.
1183 2778 1202 2804 4
1225 2767 1364 2797 Biennio
1379 2767 1470 2803 ante]
1500 2765 1566 2795 Hic
1582 2764 1747 2795 biennium
1763 2764 1810 2793 in-

466 2814 483 2842 3
506 2808 668 2844 Μηίονες]
704 2807 832 2838 Ultimo
856 2808 917 2838 hoc
942 2808 1014 2837 loco
1039 2807 1093 2838 Se-
1138 2807 1240 2847 telligi
1264 2818 1392 2838 necesse
1408 2811 1467 2844 est,
1482 2817 1546 2837 non
1569 2806 1739 2846 integrum,
1754 2805 1810 2835 sed

421 2845 526 2875 niores
550 2848 683 2877 Patrum
710 2849 897 2887 iunioribus,
920 2859 962 2880 56.
987 2854 1094 2888 patres
1137 2849 1325 2879 inchoatum
1341 2830 1584 2880 tantunimodoz
1610 2857 1708 2886 quum
1724 2855 1810 2877 anno

423 2897 464 2917 nu
467 2887 579 2917 domm
602 2889 744 2926 gentium
768 2891 911 2929 patribus
933 2890 1095 2921 minorum
1139 2891 1301 2930 superiore
1317 2891 1461 2922 delectus
1476 2889 1614 2921 indictus
1629 2888 1678 2919 sit.
1702 2888 1808 2919 Cnssv.
