1934 3211
567 169 694 212 LIB.
727 169 853 210 VIII.
899 170 1046 212 CAP.
1084 175 1147 213 13.
1469 179 1553 219 467

156 261 359 310 consules,
385 259 579 300 omnibus
599 273 692 300 eam
713 272 803 298 rem
823 259 1043 314 praeverti,
1065 259 1396 315 proficiscuntur.
1460 263 1550 305 Iam
1566 275 1609 308 U.
1627 276 1665 308 C.
1682 287 1755 318 4¹7-

156 318 280 359 Latio
305 318 339 358 is
362 324 493 356 status
517 323 605 356 erat
630 329 784 364 rerum,
806 323 854 356 ut
880 329 1021 371 neque
1048 316 1207 357 bellum
1234 332 1373 373 neque
1402 334 1548 374 pacem
1564 320 1602 350 A.
1627 320 1756 368 9335.

153 375 240 431 pati
272 380 453 429 possent.
515 371 589 413 Ad
623 371 783 413 bellum
818 387 920 428 opes
951 372 1152 414 deerant:
1188 388 1337 430 pacem
1374 376 1427 416 ob
1460 379 1547 433 agri
1560 361 1769 436 *1³23ssch

152 430 340 486 adempti
361 429 549 471 dolorem
570 429 911 485 aspernabantur.
965 429 1124 472 Mediis
1145 431 1329 472 consiliis
1350 433 1546 475 standum
1560 455 1672 484 pacem
1686 429 1757 487 'pati

150 487 382 536 videbatur,
409 496 456 528 ut
487 486 654 542 oppidis
683 501 726 528 se
758 495 976 537 tenerent3
1009 503 1063 529 ne
1094 487 1308 530 lacessitus
1330 488 1703 533 Romanuspossunt.

151 559 319 586 causam
345 543 446 586 belli
473 544 672 585 haberet:
706 551 761 594 et,
783 544 819 585 si
846 545 966 586 cuius
993 545 1139 602 oppidi
1167 545 1329 587 obsidio
1356 548 1550 590 nuntiata

150 610 272 652 esset,
295 601 485 657 undique
508 616 561 642 ex
583 602 778 643 omnibus
798 602 966 658 populis
990 602 1196 643 auxilium
1224 603 1401 645 obsessis
1420 604 1548 647 ferre-

150 667 229 700 tur.
283 658 439 715 Neque
456 668 611 709 tamen,
628 659 709 700 nisi
729 658 959 700 admodum
980 675 1004 701 a
1024 660 1167 716 paucis
1183 661 1361 717 populis,
1384 661 1547 704 Pedani
1561 669 1746 717 Vincuntur

149 716 283 758 adiuti
305 726 413 758 sunt.
458 716 657 758 Tiburtes
672 716 1035 773 Praenestinique,
1058 733 1238 773 quorum
1259 733 1359 775 ager
1377 734 1454 776 pro
1486 720 1577 785 ior?
1593 713 1731 742 ⁰⁰¹¹s¹¹¹¹'

148 782 250 824 erat,
277 773 444 815 Pedum
474 789 714 830 pervenere.
778 774 974 816 Aricinos
1006 775 1334 832 Lanuvinosque
1366 785 1409 818 et
1429 735 1548 818 ffeli-
1567 765 1626 786 Μ’

148 839 303 881 ternos,
341 831 586 872 Antiatibus
621 831 786 873 Volscis
825 847 868 873 se
910 832 1227 888 coniungenteS,
1269 832 1323 874 ad
1367 834 1546 877 Asturae

147 888 308 930 flumen
344 888 556 938 Maenius,
590 889 815 945 improviso
850 889 1033 939 adortus,
1070 889 1192 931 fudit.
1258 889 1464 933 Camillus
1493 892 1548 933 ad

148 945 315 988 Pedum
347 961 444 988 cum
478 946 738 996 Tiburtibus,
769 947 952 988 maxime
983 947 1121 988 valido
1154 948 1355 998 exercitu,
1389 949 1546 991 maiore

147 1003 271 1054 mole,
309 1019 552 1060 quanquam
592 1019 725 1060 aeque
766 1019 966 1061 prospero
1002 1012 1171 1054 eventu,
1208 1015 1380 1061 pugnat.
1456 1006 1546 1048 Tu-

146 1060 329 1102 multum
361 1061 543 1102 maxime
579 1062 800 1118 repentina
834 1062 945 1103 inter
979 1062 1187 1119 proelium
1223 1063 1389 1119 eruptio
1425 1079 1479 1120 op
1513 1064 1545 1105 i-

146 1117 352 1160 danorum
372 1119 498 1160 fecit:
532 1119 574 1159 in
598 1134 703 1175 quos
728 1127 844 1175 parte
870 1120 1079 1161 exercitus
1099 1135 1310 1170 conversa,
1337 1079 1544 1162 Camill'us

145 1189 233 1217 non
253 1176 459 1233 compulit
478 1175 614 1217 solum
635 1191 706 1218 eos
727 1177 836 1218 intra
857 1177 1036 1227 moenia,
1054 1177 1128 1218 sed
1149 1177 1299 1219 eodem
1316 1178 1442 1219 etiam
1459 1178 1542 1228 die,

144 1247 278 1289 quum
308 1234 321 1274 i
354 1248 420 1275 sos
450 1233 691 1289 auxiliaque
723 1249 869 1275 eorum
900 1234 1157 1290 perculisset,
1185 1235 1389 1291 oppidum
1425 1235 1544 1277 scalis

145 1290 269 1346 cepit.
360 1290 489 1332 lacuit
509 1290 622 1339 inde,
641 1291 724 1331 iam
745 1291 901 1332 maiore
922 1301 1078 1333 conatu
1098 1292 1324 1348 animoque
1346 1294 1398 1334 ab
1420 1293 1544 1334 unius

144 1347 460 1404 expugnatione
483 1347 596 1388 urbis
616 1347 669 1388 ad
690 1348 1023 1404 perdomandum
1049 1349 1220 1390 Latium
1242 1350 1444 1392 victorem
1465 1350 1544 1391 cir-

144 1405 400 1446 cumducere
436 1405 695 1446 exercitum:
741 1419 820 1446 nec
856 1405 1054 1461 quievere
1089 1413 1199 1455 ante,
1232 1421 1372 1462 quam,
1410 1422 1543 1463 expu-

143 1462 316 1518 gnando
332 1470 404 1504 aut
420 1462 463 1503 in
477 1461 738 1503 deditionem
755 1462 1002 1518 accipiendo
1018 1461 1202 1518 singulas
1219 1463 1354 1513 urbes,
1371 1464 1542 1505 Latium
1557 1471 1688 1503 Latium

145 1534 270 1561 omne
292 1520 506 1576 subegere.
570 1519 795 1560 Praesidiis
819 1519 918 1560 inde
940 1519 1151 1576 dispositis
1175 1534 1251 1575 per
1274 1530 1443 1577 recepta
1468 1515 1733 1578 0p,subact11n1.

176 1577 257 1627 ida,
283 1577 463 1619 Romam
485 1577 539 1618 ad
562 1577 819 1618 destinatum
841 1576 1031 1618 omnium
1052 1591 1259 1618 consensu
1280 1577 1540 1634 triumphum

142 1591 370 1677 Recessere.
434 1634 622 1676 Additus
653 1634 867 1690 triumpho
897 1633 1044 1684 honos,
1067 1642 1114 1675 ut
1141 1643 1301 1676 statuae
1326 1644 1542 1692 equestres

111 1691 206 1742 9iis,
227 1707 318 1734 rara
351 1691 423 1733 illa
452 1700 588 1733 aetate
620 1706 697 1741 res,
724 1691 769 1732 in
801 1691 890 1733 foro
923 1700 1191 1748 ponerentur.
1255 1692 1391 1743 Prius,
1414 1708 1541 1750 quam
1555 1701 1715 1733 Camillus

142 1750 323 1792 comitiis
342 1750 386 1790 in
407 1750 700 1806 insequentem
722 1764 881 1790 annum
898 1749 1090 1791 consules
1107 1759 1315 1806 rogarent,
1336 1750 1541 1793 Camillus
1554 1745 1649 1817 restert
1661 1745 1701 1817 ag
1715 1755 1760 1775 ⁵⁰·

141 1805 196 1849 de
219 1806 383 1849 Latinis
410 1807 577 1864 populis
604 1807 658 1848 ad
684 1816 877 1848 senatum
905 1807 1061 1856 retulit,
1083 1817 1211 1863 atque
1237 1808 1295 1849 ita
1319 1807 1537 1850 disseruit:
1553 1797 1666 1861 ’Ῑὶἶέζῃ
1706 1798 1722 1817 ⁰

144 1869 157 1888 ‘
173 1864 319 1907 Patres
346 1865 584 1921 conscripti,
606 1865 722 1921 quod
746 1864 857 1906 bello
882 1865 1091 1920 armisque
1117 1865 1161 1906 in
1184 1865 1308 1907 Latio
1328 1866 1541 1922 agendum

144 1926 156 1945 ‘
172 1921 263 1972 fuit,
287 1922 330 1964 id
352 1923 434 1964 iam
455 1922 583 1963 deum
603 1922 864 1978 benignitate
886 1937 934 1963 ae
954 1922 1107 1963 virtute
1135 1922 1316 1964 militum
1338 1923 1392 1964 ad
1414 1923 1542 1964 finem

144 1983 157 2003 ‘
173 1979 299 2021 venit.
365 1979 490 2020 Caesi
520 1979 574 2020 ad
599 1979 762 2020 Pedum
789 1980 1073 2034 Asturamque
1097 1988 1195 2020 suut
1216 1981 1426 2021 exercitus
1446 1980 1543 2021 hos-

145 2036 304 2077 ‘tiumz
351 2036 507 2092 oppida
537 2036 687 2076 Latina
719 2036 872 2084 onmia,
902 2045 943 2076 et
968 2035 1147 2076 Antium
1180 2051 1232 2076 ex
1261 2036 1439 2086 Volscis,
1469 2047 1540 2078 aut

145 2093 213 2134 ‘vi
246 2103 380 2150 capta,
411 2103 483 2133 aut
516 2102 683 2148 recepta
717 2092 758 2132 in
787 2092 1062 2139 deditionem,
1096 2092 1311 2147 praesidiis
1343 2101 1541 2134 tenentur

145 2151 330 2192 ‘vestris
416 2149 599 2206 Reliqua
643 2149 892 2191 consultatio
934 2158 1008 2195 est,
1051 2150 1250 2204 quoniam
1298 2150 1540 2191 rebellando

144 2208 338 2265 ‘saepius
383 2223 458 2249 nos
508 2207 745 2255 sollicitant,
788 2222 969 2262 quonam
1016 2206 1140 2246 modo
1187 2217 1387 2262 perpetua
1437 2223 1539 2264 pace

144 2271 157 2289 ‘
173 2266 338 2322 quietos
378 2265 652 2306 obtineamus.
731 2265 802 2305 Dii
847 2263 1099 2305 immortales
1142 2264 1197 2304 ita
1233 2279 1305 2303 vos
1346 2274 1539 2320 potentes

144 2328 155 2346 ‘
172 2323 298 2365 huius
321 2322 484 2365 consilii
505 2322 708 2371 fecerunt,
733 2332 790 2367 ut.
813 2322 863 2362 sit
896 2321 1060 2362 Latium
1084 2320 1252 2368 deiude,
1276 2336 1327 2362 an
1358 2337 1442 2363 non
1471 2323 1537 2370 sit,

144 2387 155 2405 ‘
172 2381 214 2422 in
241 2390 378 2422 vestra
402 2395 529 2422 manu
558 2380 783 2437 posuerint.
850 2379 997 2434 ltaque
1027 2393 1172 2434 pacem
1195 2378 1323 2426 vobis,
1346 2379 1461 2433 quod
1483 2379 1537 2420 ad

143 2437 348 2480 ‘Latinos
378 2438 540 2487 attinet,
568 2452 710 2493 parare
744 2437 786 2477 in
819 2445 1083 2501 perpetuum,
1110 2434 1174 2475 vel
1206 2435 1443 2484 saeviendo,
1470 2435 1536 2477 vel

143 2494 182 2517 “
246 2495 441 2545 escendo,
464 2494 649 2551 potestis
714 2493 854 2534 Vultis
885 2492 1111 2534 crudeliter
1141 2492 1356 2534 consulere
1390 2493 1431 2533 in
1463 2493 1537 2535 de·

145 2558 156 2576 ‘
172 2509 281 2593 iiiios
302 2552 433 2594 victos
466 2552 552 2593 ue?
613 2552 734 2593 Licet
756 2551 896 2592 delere
922 2565 1046 2591 omne
1071 2550 1253 2599 Latium,
1278 2559 1409 2591 vastas
1438 2550 1536 2592 inde

144 2615 156 2633 ‘
171 2608 418 2650 solitudines
434 2568 588 2658 llacere,
612 2609 724 2650 unde
746 2608 886 2649 sociali
909 2622 1006 2664 egre
1039 2607 1078 2648 io
1099 2607 1288 2648 exercitu
1311 2622 1385 2663 per
1406 2607 1538 2650 multa

144 2665 280 2707 ‘bella
301 2681 535 2722 magnaque
558 2681 680 2722 saepe
704 2666 763 2705 usi
788 2665 895 2705 estis.
954 2664 1022 2704 Vn
1044 2664 1094 2705 tis
1116 2663 1311 2719 exemplo
1333 2665 1536 2707 maiorum

185 2834 205 2865 9
231 2825 341 2859 Prius,
357 2835 453 2864 quam
470 2847 476 2854 .
495 2847 502 2854 .
520 2846 526 2853 .
544 2824 712 2862 restarent)
739 2823 814 2853 Sul».
860 2832 960 2862 quum
977 2824 1089 2853 consul
1104 2824 1204 2853 nutrior
1220 2829 1302 2854 emet
1319 2825 1491 2860 Camillum
1504 2831 1535 2857 et

140 2868 296 2902 emundes,
318 2877 401 2905 quac
433 2876 491 2896 vox
525 2865 555 2896 in
583 2865 737 2899 Camillo,
761 2865 815 2903 qui
863 2865 1019 2904 populum
1038 2875 1136 2896 novos
1152 2866 1299 2897 consules
1314 2872 1447 2907 rogaret.

143 2910 251 2939 consul
276 2914 354 2942 emt.
372 2909 465 2943 luten
487 2908 543 2938 nini
570 2908 662 2938 mulis
679 2912 815 2946 reparet.
1236 2949 1248 2991 }

1183 2963 1212 2990 u
1251 2966 1261 2990 i
1286 2955 1310 2990 2
