1934 3211
343 455 424 518 T.
486 455 769 547 [ΠΗ
831 456 1360 522 PATAVINI

584 651 933 705 LIBER
1000 651 1112 705 III.

717 823 982 849 -ᾕ-φ-α

248 975 404 1020 ΝΤΙΟ
426 991 475 1018 ca
506 985 561 1026 to,
581 976 649 1018 Ti.
667 975 880 1018 Aemilius
902 983 946 1017 et
966 974 1020 1024 Q„
1041 972 1195 1017 Fabius
1216 973 1410 1017 consules
1430 974 1552 1017 fiunt.
1568 983 1613 1018 U.
1629 982 1669 1018 c.
1687 985 1759 1026 287.

118 1039 131 1062 ¹
267 1033 352 1076 Hic
374 1043 464 1076 erat
520 1034 639 1076 abius
664 1033 865 1083 Quintus,
889 1033 962 1090 qui
984 1047 1095 1074 unus
1115 1033 1348 1075 exstinctae
1370 1033 1424 1074 ad
1448 1032 1555 1075 Cre-

146 1105 305 1132 meram
326 1092 444 1157 genti
471 1091 746 1148 superfuerat.
810 1090 900 1132 Iam
927 1090 1065 1147 priore
1094 1089 1315 1131 consulatu
1343 1090 1554 1132 Aemilius
1569 1116 1619 1148 Π.
1636 1117 1681 1153 Q„
1699 1117 1760 1148 Fa-

146 1147 278 1190 dandi
311 1164 400 1206 agn
432 1149 548 1206 plebi
583 1148 720 1190 fuerat
756 1157 912 1190 auctor.

976 1147 1125 1203 Itaque
1163 1147 1350 1189 secundo
1383 1162 1553 1204 quoque

114 1205 367 1248 2consulatu
402 1207 494 1248 eius
531 1215 574 1248 et
609 1206 759 1262 agrarii
792 1220 835 1247 se
873 1205 917 1246 in
953 1220 1071 1261 spem
1107 1204 1211 1261 legis
1242 1214 1477 1255 erexerant,
1512 1214 1556 1247 et

146 1263 306 1304 tribuni
323 1279 426 1313 rem,
445 1272 593 1306 contra
608 1263 800 1305 consules
817 1277 940 1319 saepe
959 1271 1177 1312 tentatam,
1195 1262 1386 1304 adiutore
1404 1263 1553 1319 utique

146 1320 332 1370 consule,
355 1322 536 1362 obtineri
564 1336 685 1378 posse
715 1320 807 1370 rati,
829 1320 1088 1376 suscipiunt3
1121 1329 1164 1361 et
1184 1320 1331 1361 consul
1359 1321 1556 1362 manebat

115 1377 191 1419 ain
219 1379 429 1420 sententia
457 1393 542 1420 sua.
607 1378 871 1419 Possessores
892 1386 935 1418 et
963 1391 1116 1434 magna
1142 1392 1237 1433 pars
1268 1376 1458 1426 Pati-um,
1482 1378 1556 1419 tri-

113 1435 328 1477 4buniciis
356 1451 399 1477 se
430 1436 582 1477 iactare
612 1435 847 1477 actionibus
874 1435 1111 1490 principem
1140 1433 1334 1484 civitatis,
1361 1443 1404 1476 et
1430 1434 1556 1491 largi-

146 1492 258 1535 endo
287 1493 340 1535 de
369 1493 509 1535 alieno
539 1493 787 1550 popularem
808 1492 901 1533 fieri
929 1500 1168 1547 querentes,
1193 1491 1323 1533 totius
1349 1492 1554 1533 invidiam

146 1551 208 1592 rei
244 1566 269 1592 a
304 1551 484 1593 tribunis
519 1566 564 1592 1n
599 1549 818 1592 consulem
854 1557 1103 1590 averterant.

1166 1548 1306 1591 Atrox
1339 1558 1555 1591 certamen

145 1607 301 1659 aderat,
333 1608 378 1649 ni
410 1608 564 1650 Fabius
593 1607 770 1649 consilio
801 1606 942 1648 neutri
977 1607 1087 1663 parti
1119 1607 1271 1648 acerbo
1302 1622 1392 1649 rem
1423 1622 1554 1664 expe-

145 1665 286 1707 disset.
339 1665 391 1707 T.
415 1665 610 1714 Quinctii
631 1665 765 1706 ductu
785 1673 828 1706 et
850 1664 1038 1720 auspicio
1054 1664 1144 1721 agri
1159 1665 1272 1721 capti
1285 1665 1424 1721 priore
1442 1680 1554 1707 anno

144 1722 409 1780 aliquantum
441 1739 466 1765 a
496 1722 664 1765 Volscis
695 1737 808 1764 esse:
843 1722 1041 1771 Antium,
1068 1722 1366 1779 propinquam,
1398 1738 1555 1780 oppor-

113 1788 306 1831 5tunam,
335 1790 380 1822 et
410 1780 664 1822 maritimam
693 1780 857 1829 urbem,
883 1778 1094 1821 coloniam
1126 1779 1282 1822 deduci
1311 1795 1457 1837 posse:
1496 1781 1556 1822 ita.

145 1838 235 1880 sine
258 1838 441 1895 querelis
454 1853 739 1895 possessorum
760 1837 929 1894 plebem
950 1837 996 1878 in
1016 1852 1138 1894 agros
1154 1837 1322 1888 ituram,
1340 1838 1555 1880 civitatem

144 1895 190 1937 in
210 1896 438 1938 concordia
456 1896 557 1938 fore.

191 2063 204 2086 ι
232 2055 298 2086 Hic
320 2059 393 2086 erat
415 2054 538 2085 Fabius
561 2051 720 2092 Quintus]
758 2051 827 2089 Qui

145 2097 278 2138 quidem
302 2107 428 2137 pugnae
445 2096 665 2128 Cremerensis
680 2100 828 2135 tempore

147 2140 254 2171 dictus
269 2144 318 2170 est
336 2150 438 2180 prope
458 2140 613 2179 puberem
628 2142 764 2169 aetatem
780 2138 827 2167 fu-

147 2182 218 2213 inse.
261 2182 326 2213 Hic
341 2186 451 2212 autem
468 2191 573 2211 annus
587 2181 629 2210 ab
644 2181 703 2210 illa
720 2189 828 2219 pugna

148 2224 340 2255 undecimus
376 2223 491 2263 agitur.
554 2222 652 2254 Unde
691 2226 828 2262 apparet

149 2265 287 2298 Fabium
304 2271 419 2306 quarm
435 2266 500 2296 fere
516 2270 548 2296 et
566 2265 718 2296 vicesimo
740 2269 827 2295 aeta-

148 2309 190 2340 tis
204 2320 290 2340 anno
305 2309 471 2340 consulem
490 2309 610 2339 factum
628 2318 715 2338 esse:
741 2307 828 2347 quod

148 2356 182 2383 et
200 2352 332 2383 Valerio
348 2352 455 2383 Corvo
478 2351 648 2391 contigisse
672 2360 828 2380 memora-

148 2394 235 2426 bitur
250 2395 321 2426 int'r.
337 2394 387 2425 vii.
407 2392 456 2425 26.
481 2394 588 2425 (ἷκεν.
629 2392 830 2424 Niebuhrius

148 2436 181 2469 ii.
199 2447 229 2477 p.
252 2446 320 2478 193.
343 2437 430 2467 hunc
451 2436 602 2470 Fabium.
621 2435 645 2466 si
669 2435 767 2465 modo
789 2445 829 2466 ex

149 2481 227 2511 urbe
241 2491 303 2510 non
317 2479 509 2515 discesserit,
521 2479 665 2519 partibus
682 2477 830 2517 patricio-

150 2532 234 2560 rum,
244 2527 357 2553 contra
371 2526 501 2562 gentem
515 2531 619 2557 suam,
629 2521 745 2551 favisae
757 2531 829 2550 cen-

151 2568 209 2596 set.
235 2564 467 2595 Wachsmuth.
484 2570 593 2594 autem
609 2574 639 2603 p.
655 2563 830 2603 391.1·11um

152 2606 184 2637 in
216 2607 294 2637 urbe
324 2607 377 2637 die
403 2606 605 2638 Cremerensi
632 2606 741 2641 fuisse,
768 2615 832 2644 quo

152 2649 260 2679 minus
282 2651 302 2664 ‘⁴
314 2649 515 2680 Sacrificium
543 2649 624 2679 illud
651 2653 771 2678 statum
800 2647 832 2678 in

154 2691 318 2727 Quirinali
349 2692 432 2722 colle
462 2691 566 2731 gentis
592 2691 736 2721 Fabine”
765 2690 832 2720 Liv.

155 2744 183 2765 v.
209 2733 258 2772 46.
284 2733 506 2772 negligeretur.
556 2733 694 2772 Utrique
722 2733 832 2772 displi-

154 2783 229 2807 cent
242 2776 374 2806 omnino
385 2786 492 2806 merae
502 2775 578 2806 illae
589 2786 692 2813 nugae
702 2778 723 2791 ⁸·
735 2785 834 2814 prope

156 2819 309 2860 puberem
332 2823 472 2848 ineuntem
490 2818 620 2848 fuine?
643 2818 682 2847 cs.
700 2827 786 2857 supr.
803 2817 834 2847 ii.

158 2871 211 2903 49,
229 2870 278 2901 50.
327 2861 444 2900 Neque
471 2870 590 2890 novum
616 2859 714 2890 videri
740 2860 837 2889 debet

156 2914 275 2935 nomen
297 2903 499 2944 pruenomini
523 2901 683 2943 postponi.
709 2902 748 2932 cf.
767 2901 836 2932 infr.

159 2956 208 2988 ²9.
241 2948 418 2978 Menenius
435 2947 598 2986 Agrippa,
613 2955 699 2985 supr.
717 2944 747 2975 ii.
767 2953 816 2983 32.

621 1895 744 1938 Haec
764 1894 977 1937 sententia
1003 1903 1179 1952 accepta
1198 1903 1273 1937 est.
1337 1894 1555 1938 Triumvi-

916 2061 933 2084 2
958 2052 985 2083 A
989 2052 1113 2092 yrarii]
1143 2050 1212 2088 Qui
1229 2062 1321 2093 agros
1335 2050 1484 2093 accipere
1500 2062 1554 2084 cu-

872 2094 1015 2134 piebant.
1029 2095 1068 2126 cs.
1076 2094 1145 2126 Cic.
1153 2094 1185 2124 in
1193 2095 1314 2126 Cat.iv.
1323 2105 1351 2125 2.
1369 2094 1455 2125 Phil.
1464 2095 1516 2126 vii.
1523 2092 1554 2126 6.

918 2145 935 2176 3
959 2139 1160 2168 Possessores
1174 2141 1205 2167 et
1220 2147 1340 2176 mayna
1359 2138 1457 2176 pars]
1490 2137 1554 2168 Co-

873 2180 985 2219 pulam
998 2179 1030 2210 in
1042 2179 1124 2210 Cod.
1140 2179 1233 2209 Harl.
1250 2188 1275 2210 r.
1292 2179 1442 2209 omissam
1457 2179 1554 2210 habe-

872 2221 1096 2259 n11m‚scilicet‚
1107 2225 1142 2251 ut
1156 2220 1331 2260 Doeringio
1348 2221 1468 2261 placet,
1478 2221 1555 2260 quia

872 2273 990 2303 magna
1016 2273 1089 2304 pars
1114 2264 1249 2294 I‘ntrum
1273 2263 1334 2304 ipsi
1358 2273 1556 2304 possessores

873 2312 976 2338 erant.

917 2362 936 2388 4
963 2349 1154 2380 Tribunitiis
1169 2359 1202 2380 se
1218 2349 1340 2380 iactare
1355 2349 1552 2387 actionibus]

876 2391 961 2422 Eum
980 2392 1034 2431 qui
1053 2391 1231 2431 principem
1250 2392 1356 2421 locum
1375 2390 1406 2421 in
1424 2391 1555 2422 civitate

875 2439 1011 2470 teneret,
1027 2434 1085 2465 sibi
1102 2434 1242 2464 favorem
1259 2437 1291 2464 et
1307 2434 1440 2473 glorium
1457 2443 1556 2464 nucu-

877 2477 943 2517 pari
968 2487 1007 2507 ex
1031 2477 1068 2507 iis
1091 2487 1174 2516 quae
1201 2476 1288 2515 upud
1320 2476 1477 2515 populum
1502 2475 1556 2506 tri-

876 2519 953 2550 buni
971 2524 1114 2559 agerent,
1132 2519 1180 2549 vel
1200 2519 1326 2557 agendo
1342 2519 1455 2549 cadem
1473 2527 1557 2558 quae

877 2562 1006 2593 tribuni.
1032 2563 1138 2593 Cum.

917 2614 933 2643 5
949 2606 1085 2635 Antium
1094 2628 1100 2634 .
1111 2627 1117 2634 .
1127 2605 1312 2642 molernium]
1323 2603 1433 2639 Quam
1446 2604 1556 2635 tamen

879 2647 1012 2677 minime
1044 2647 1074 2676 in
1107 2657 1241 2676 numero
1268 2646 1467 2676 coloniorum
1495 2647 1556 2678 Ro-

879 2700 1048 2719 manarum
1075 2689 1256 2719 hain-ndum
1281 2693 1389 2719 censet
1408 2688 1557 2727 Niebhr.‚

879 2737 913 2762 ut
925 2743 1019 2771 quoe,
1033 2731 1129 2762 Dion.
1145 2731 1186 2762 ix.
1200 2730 1253 2772 69.
1263 2736 1406 2768 auctore,
1418 2741 1457 2762 ex
1474 2731 1557 2762 Her-

880 2774 960 2804 nicis
984 2780 1015 2804 et
1043 2773 1167 2803 Latinis
1190 2779 1221 2803 et
1249 2774 1406 2804 Romanis
1428 2784 1558 2814 compo—

880 2817 942 2846 sita
958 2821 1053 2852 mm,
1069 2816 1191 2856 quippe
1215 2816 1357 2847 maxime
1378 2815 1511 2847 Latinos
1526 2821 1560 2847 et

883 2859 1045 2890 llcrnicoa
1060 2859 1251 2897 attingebat.
1264 2863 1299 2889 ut
1316 2859 1451 2890 Antium
1470 2869 1559 2899 prae-

882 2901 962 2932 sidio
985 2902 1077 2932 firmo
1096 2907 1207 2933 contra
1224 2902 1355 2942 Aequos
1373 2906 1405 2933 et
1424 2901 1561 2933 Volscos

882 2948 1054 2975 teneretur.

1253 2999 1279 3027 L
1301 2989 1326 3027 2

1568 1029 1607 1060 A.
1632 1031 1671 1062 C.
1687 1027 1763 1069 465.

1567 1073 1619 1105 Ti.
1631 1073 1775 1105 Aemilio

1566 1158 1620 1190 bio
1637 1160 1728 1191 Coss.
