1934 3211
143 278 189 310 U.
206 279 244 311 C.
263 284 334 320 377.

141 323 182 352 A·
207 322 245 370 C,-
263 330 335 361 375-

142 365 324 395 Seditiones

141 407 183 436 ob
198 412 253 437 aes
267 406 344 437 alie-

142 459 231 480 num.

145 844 340 874 Volscorum

143 886 208 925 agri
226 887 319 915 deva-

143 932 278 959 stautur.

213 1751 281 1789 32.

154 2105 198 2136 U.
218 2104 255 2135 C.
275 2104 345 2143 378.

153 2148 192 2178 A.
217 2147 254 2178 C.
273 2155 344 2185 374.

154 2190 191 2219 L.
204 2189 343 2219 Aemilio

154 2232 196 2261 V.
213 2237 273 2262 etc.
291 2231 345 2262 Tr.

153 2274 229 2305 Mil.

365 180 447 219 382
887 172 1035 215 TITI
1072 171 1251 214 LIVII

362 267 481 309 cuius
521 264 722 307 noscendi
761 263 893 321 gratia
929 264 998 320 Sp.
1030 262 1228 304 Servilius
1262 261 1440 311 Priscus,
1487 261 1540 309 Q.
1571 259 1760 302 Cloelius

366 324 530 366 Siculus
551 337 743 365 censores
763 322 875 370 facti,
899 336 951 362 ne
974 335 1062 362 rem
1084 329 1270 376 agerent,
1292 319 1403 360 bello
1433 318 1627 375 impediti
1647 325 1756 358 sunt.

364 381 561 438 Namque
580 380 732 436 trepidi
753 379 891 419 nuntii
913 378 1061 434 primo,
1076 377 1175 433 fuga
1190 377 1344 418 deinde
1367 392 1420 417 ex
1437 376 1558 432 agris,
1572 375 1760 431 legiones

363 439 612 480 Volscorum
643 438 847 493 ingressas
876 436 992 484 fines,
1025 434 1300 490 popularique
1332 434 1484 490 passim
1517 433 1759 473 Romanum

364 511 523 552 agrum,
566 494 756 536 attulere.
820 492 869 533 In
913 507 997 548 qua
1032 491 1310 547 trepidatione
1353 500 1518 532 tantum
1558 490 1674 539 afuit,
1711 496 1760 529 ut

363 553 502 594 civilia
532 551 761 594 certamina
793 559 926 591 terror
955 557 1154 589 externus
1184 548 1411 597 cohiberet,
1448 556 1495 588 ut
1530 555 1676 588 contra
1708 561 1759 587 eo

363 609 585 650 violentior
623 616 806 663 potestas
847 605 1072 647 tribunicia
1103 605 1374 660 impediendo
1406 605 1590 646 delectui
1626 611 1755 645 esset:

363 666 500 708 donec
522 664 786 706 conditiones
808 662 1025 717 impositae
1048 661 1255 710 Patribus,
1273 676 1326 702 ne
1349 662 1454 717 quis,
1477 661 1617 717 quoad
1630 660 1758 703 bella-
1773 672 1791 701 3

363 732 454 764 tum
476 730 595 771 esset,
619 721 822 761 tributum
845 719 977 768 daret,
1000 726 1072 759 aut
1100 718 1163 758 ius
1191 718 1244 759 de
1265 719 1446 774 pecunia
1466 718 1625 760 credita
1645 718 1760 759 dicc-

363 789 437 821 ret.
502 779 565 819 Eo
596 778 834 818 laxamento
865 776 976 832 plebi
1010 784 1189 830 sumpto,
1222 790 1337 816 mora
1367 775 1550 816 delectui
1580 791 1667 817 non
1698 783 1760 816 est

362 837 482 878 facta.
545 835 807 890 Legionibus
828 833 947 874 novis
968 832 1143 888 scriptiS,
1166 832 1336 888 placuit,
1359 832 1464 873 duos
1485 833 1694 873 exercitus
1715 832 1760 872 in

362 909 509 949 agrum
541 892 745 933 Volscum
778 890 1014 947 legionibus
1050 889 1192 930 divisis
1227 889 1336 930 duci.
1404 889 1473 945 Sp.
1498 889 1661 939 Furius,
1694 889 1756 930 M.

364 951 567 992 Horatius
603 950 844 991 dextrorsus
877 948 1128 988 maritimam
1162 962 1277 987 oram
1312 955 1438 1002 atque
1472 946 1666 996 Antium,
1704 945 1758 994 Q.

366 1008 566 1050 Servilius
587 1016 630 1048 et
644 1007 693 1048 L.
714 1005 931 1062 Geganius
952 1005 1069 1045 laeva
1090 1004 1142 1045 ad
1164 1012 1329 1045 montes
1347 1004 1544 1045 Ecetram
1564 1011 1757 1060 pergunt.

364 1065 530 1107 Neutra
560 1073 677 1121 parte
699 1064 830 1105 hostis
856 1062 1001 1103 obvius
1022 1062 1113 1103 fuit.
1176 1061 1401 1117 Populatio
1424 1061 1565 1117 itaque
1592 1076 1679 1102 non
1699 1060 1761 1101 illi

363 1138 491 1180 vagae
513 1122 671 1171 similis,
694 1136 819 1177 quam
843 1120 1024 1162 Volscus
1053 1119 1259 1160 latrocinii
1282 1134 1409 1167 more,
1432 1118 1662 1160 discordiae
1685 1118 1761 1159 ho-

363 1181 491 1222 stium
511 1180 655 1229 fretus,
675 1188 717 1220 et
734 1179 932 1219 virtutem
952 1186 1156 1226 metuens,
1175 1191 1250 1232 per
1267 1176 1592 1232 trepidationem
1607 1176 1760 1232 raptim

363 1238 542 1287 fecerat3
576 1237 650 1278 sed
673 1237 723 1278 ab
746 1236 854 1277 iusto
876 1234 1067 1276 exercitu
1088 1234 1197 1275 iusta
1217 1234 1278 1274 ira
1297 1233 1416 1283 facta,
1439 1233 1573 1289 spatio
1590 1248 1760 1289 quoque

366 1296 565 1352 temporis
581 1294 756 1351 gravior.
823 1292 994 1348 Quippe
1017 1307 1041 1332 a
1055 1291 1234 1340 Volscis,
1252 1291 1509 1341 timentibus,
1525 1306 1578 1331 ne
1592 1291 1761 1331 interim

365 1353 574 1394 exercitus
605 1353 656 1393 ab
689 1351 828 1392 Roma
858 1350 1004 1399 exiret,
1036 1349 1295 1390 incursiones
1324 1349 1367 1389 in
1399 1356 1588 1389 extrema
1611 1348 1762 1388 finium

365 1411 497 1451 factae
539 1418 680 1451 erant:
728 1409 921 1449 Romano
957 1415 1102 1448 contra
1138 1406 1264 1447 etiam
1298 1406 1340 1446 in
1372 1405 1533 1447 hostico
1570 1404 1762 1446 morandi

366 1482 490 1509 causa
510 1476 610 1516 erat,
633 1476 681 1508 ut
701 1466 865 1507 hostem
887 1464 939 1505 ad
961 1473 1174 1505 certamen
1196 1463 1376 1504 eliceret.
1439 1463 1603 1519 Itaque,
1627 1462 1763 1504 omni-

365 1525 443 1565 bus
489 1524 643 1579 passim
691 1523 811 1564 tectis
859 1537 1066 1578 agrorum,
1109 1521 1294 1576 vicisque
1345 1521 1472 1561 etiam
1513 1520 1762 1576 quibusdam

366 1582 534 1630 exustis,
572 1596 658 1621 non
693 1581 837 1621 arbore
875 1579 1084 1634 frugifera,
1122 1593 1208 1619 non
1240 1578 1337 1619 satis
1370 1578 1413 1618 in
1445 1593 1561 1634 spem
1596 1578 1763 1633 frugum

365 1639 534 1688 relictis,
557 1638 685 1686 omni,
709 1652 814 1692 quae
838 1645 956 1677 extra
990 1636 1156 1675 moenia
1175 1635 1265 1684 fuit,
1289 1635 1510 1675 hominum
1531 1635 1764 1690 pecudum-

367 1711 450 1752 que
471 1695 627 1752 praeda
648 1695 805 1742 abacta,
830 1693 1010 1733 Romam
1034 1693 1246 1746 utrimque
1270 1692 1478 1732 exercitus
1498 1692 1674 1732 reducti.

425 1753 560 1794 Parvo
589 1751 806 1792 intervallo
827 1750 881 1790 ad
909 1749 1199 1805 respirandum
1228 1748 1488 1789 debitoribus
1516 1749 1628 1797 dato,
1651 1757 1764 1804 post-

367 1826 495 1867 quam
527 1809 693 1865 quietae
725 1823 790 1849 res
820 1808 871 1848 ab
903 1806 1091 1846 hostibus
1122 1814 1252 1854 erant,
1285 1805 1484 1846 celebrari
1515 1805 1567 1846 de
1599 1806 1795 1861 integi-04

368 1867 624 1915 iurisdicti03
656 1875 698 1907 et
729 1874 893 1906 tantum
924 1864 1065 1904 abesse
1097 1878 1190 1919 spes
1218 1863 1369 1904 veteris
1396 1862 1563 1903 levandi
1594 1863 1762 1911 fenoris,

369 1934 416 1966 ut
438 1925 595 1965 tributo
616 1938 772 1964 novum
789 1922 910 1963 fenus
931 1920 1249 1961 contraheretur
1270 1920 1314 1959 in
1336 1935 1515 1969 murum,
1539 1935 1562 1961 a
1583 1921 1765 1961 censori-

369 1983 447 2023 bus
480 1981 663 2022 locatum
696 1995 796 2020 saxo
831 1978 1036 2034 quadrato
1071 1977 1339 2018 faciundum:
1384 1977 1453 2018 cui
1492 1978 1763 2018 succumbere

370 2039 488 2080 oneri
509 2046 652 2079 coacta
673 2037 839 2093 plebes3
873 2035 983 2091 quia,
1007 2050 1134 2090 quem
1156 2034 1368 2075 delectum
1389 2034 1656 2090 impedirent,
1679 2050 1764 2075 non

369 2096 580 2137 habebant
603 2094 758 2136 tribuni
779 2093 924 2149 plebis.
979 2092 1191 2133 Tribunos
1208 2091 1332 2132 etiam
1352 2091 1551 2132 militares
1571 2092 1766 2148 patricios

372 2168 528 2203 omnes,
561 2162 704 2194 coacta
743 2151 982 2208 principum
1024 2149 1186 2205 opibus,
1218 2149 1329 2198 feeit,
1362 2149 1411 2190 L.
1437 2149 1683 2199 Aemilium,
1715 2149 1762 2190 P.
1781 2156 1797 2186 5

371 2211 590 2252 Valerium
615 2218 824 2265 quartum,
851 2207 899 2249 C.
917 2206 1156 2256 Veturium,
1187 2205 1272 2247 Ser.
1293 2205 1539 2262 Sulpicium,
1567 2206 1615 2248 L.
1641 2216 1682 2248 et
1713 2206 1763 2248 C.

375 2267 598 2317 Quinctios
631 2266 919 2308 Cincinnatos.
984 2263 1140 2304 Iisdem
1171 2264 1320 2320 opibus
1351 2264 1584 2314 obtinuere,
1616 2273 1663 2304 ut
1693 2264 1767 2304 ad-

371 2340 512 2367 versus
545 2324 719 2366 Latinos
750 2322 1024 2378 Volscosque,
1063 2321 1137 2377 qui
1173 2321 1409 2362 coniunctis
1444 2321 1681 2376 legionibus
1713 2321 1766 2361 ad

374 2382 581 2424 Satricum
603 2391 735 2423 castra
755 2380 979 2428 habebant,
1004 2378 1119 2419 nullo
1141 2378 1399 2434 impediente
1417 2378 1610 2419 omnibus
1630 2378 1767 2418 iunio-

371 2441 484 2481 ribus
512 2447 772 2481 sacramento
800 2437 969 2485 adactis,
1000 2445 1082 2477 tres
1108 2436 1317 2477 exercitus
1349 2435 1600 2476 scriberent:
1635 2443 1800 2476 unum6

418 2587 434 2617 3
458 2579 510 2608 Ne
525 2577 596 2617 quis
613 2600 619 2607 .
634 2599 641 2606 .
656 2599 663 2606 .
681 2576 835 2605 tributum
852 2575 959 2611 daret]
982 2572 1046 2603 Sci-
1093 2571 1142 2603 61.
1168 2573 1274 2603 Cnssv.

376 2621 462 2655 licet,
483 2623 518 2649 ut
539 2619 675 2657 vectiyal
694 2629 713 2647 a
732 2617 962 2656 possessoribus
982 2614 1047 2654 agri
1135 2614 1154 2645 6
1173 2617 1249 2645 Tre>¹
1264 2617 1441 2654 arere-itus]
1457 2627 1498 2646 sc.
1510 2616 1561 2646 Ad
1573 2615 1767 2655 praesidium

377 2662 495 2701 publici
520 2661 552 2691 in
574 2672 628 2692 aes
645 2661 893 2699 stipendiarium
913 2658 1047 2688 solverc-
1094 2657 1189 2695 urbis,
1209 2658 1346 2696 leyiones
1369 2659 1515 2690 urbanae
1529 2671 1538 2689 :
1565 2660 1705 2690 seniores
1727 2658 1768 2688 ad

375 2710 435 2735 tur,
1092 2700 1196 2730 subita
1214 2699 1291 2729 belli
1313 2700 1489 2731 ministeria
1512 2704 1637 2739 praesto
1656 2703 1766 2731 eraut:

419 2758 437 2783 4
454 2746 615 2777 Celehrari
630 2747 668 2776 de
684 2746 823 2783 intem-0]
851 2743 1048 2774 Iusassiduc
1092 2743 1234 2773 iuniores
1261 2746 1382 2779 autem,
1409 2743 1462 2781 qui
1490 2743 1522 2773 in
1550 2744 1630 2773 duos
1656 2752 1767 2772 consu-

375 2788 437 2817 dici
455 2789 561 2827 coepit
578 2789 618 2818 de
635 2787 778 2827 pecuniis
796 2786 932 2816 creditis.
1093 2785 1174 2814 lares
1204 2784 1363 2815 exercitus
1391 2786 1580 2824 plerumque
1609 2783 1767 2815 distributi.

418 2838 434 2867 5
460 2831 575 2859 (Iouem
595 2831 784 2868 principum
804 2830 932 2868 opibus]
960 2827 1047 2857 Sedi-
1093 2831 1178 2863 suut,
1203 2837 1266 2856 uno
1292 2828 1385 2866 longe
1410 2828 1604 2858 validissimo
1626 2825 1766 2857 exercitu

374 2871 493 2900 tionem
512 2873 672 2909 quandam
689 2872 787 2900 fuisse
804 2876 835 2900 et
852 2880 916 2900 rein
942 2871 981 2900 :ul
1004 2870 1048 2899 in-
1094 2869 1123 2899 in
1143 2870 1249 2899 hostes
1265 2870 1473 2900 ducebantur.

375 2918 519 2949 tcrrcgua
548 2913 675 2941 rediisse
700 2913 805 2941 scribit
837 2913 969 2942 Diotlor.
998 2922 1046 2941 xv.
