1934 3211
391 182 474 224 272
907 184 1059 227 ΤΙΤΙ
1101 184 1281 226 LIVII

292 286 363 320 537-
391 272 588 324 subsidia,
607 289 714 330 quae
736 276 993 332 respicerent
1014 276 1056 317 in
1075 291 1119 317 re
1142 275 1319 332 trepida,
1333 281 1580 332 praeparata
1599 281 1720 316 erant
1741 274 1793 315 ab

290 331 364 362 415·
391 330 561 373 tribuno
576 332 777 374 militum:
810 334 1010 389 iussuque
1024 333 1226 383 eiusdem,
1242 347 1318 389 per
1330 333 1512 374 minores
1528 331 1794 388 magistratus

173 279 217 310 U.
235 279 273 311 C.

172 322 212 354 A.
235 323 274 354 C.

391 388 535 430 sedato
557 389 603 430 in
623 391 726 431 urbe
754 390 952 441 tumultu,
975 390 1256 447 speculatores
1284 405 1460 447 propere
1488 389 1603 430 missi
1623 389 1794 430 nuntia-

391 461 501 495 vere,
545 446 722 488 Tusculi
763 448 892 489 duces
931 449 1249 504 exercitumque
1292 463 1404 489 esse:
1456 447 1620 488 hostem
1661 454 1794 487 castra

173 505 380 542 Q.Se1·vi1ius
391 502 484 544 loco
516 519 603 545 non
636 505 824 547 movisse.
890 505 958 555 Et,
992 506 1108 561 quod
1140 505 1371 561 plurimum
1407 505 1643 545 animorum
1678 503 1791 553 fecit,

172 549 318 582 dictator.

240 1131 294 1172 47
300 1161 309 1170 .

172 1186 286 1218 Vincit

171 1231 290 1262 hostes.

171 1763 281 1793 Lavici

170 1816 205 1835 ca
210 1805 266 1844 pti.

171 2284 214 2315 U.
234 2284 270 2315 C.
289 2293 305 2323 3
311 2285 359 2324 38.

168 2327 208 2356 A.
234 2328 270 2358 C.
289 2337 360 2366 414.

168 2369 243 2407 Agr.
261 2369 374 2400 Mene-

168 2411 222 2439 nio
240 2411 288 2441 ΙΙ.
306 2415 367 2443 etc.

170 2452 225 2483 Tr.
242 2453 315 2485 Mil.

390 560 570 602 dictator
586 577 639 603 ex
656 562 1017 603 senatusconsulto
1040 563 1177 604 dictus
1203 562 1256 610 Q.
1277 561 1475 603 Servilius
1496 561 1682 610 Priscus3
1714 561 1790 611 vir,

391 618 509 659 cuius
534 619 842 675 providentiam
865 620 909 659 in
939 619 1154 675 republica
1184 634 1317 674 quum
1345 618 1487 659 multis
1514 618 1603 658 aliis
1631 626 1793 674 tempe-

391 676 565 716 statibus
583 684 678 716 ante
702 685 876 731 experta
889 677 1034 717 civitas
1052 685 1152 725 erat,
1168 685 1259 716 tum
1275 684 1430 716 eventu
1447 675 1536 716 eius
1547 675 1661 724 belli,
1677 675 1788 730 quod

390 733 465 773 uni
487 741 699 773 certamen
723 734 987 774 tribunorum
1010 742 1251 788 suspectum
1273 741 1370 773 ante
1392 747 1481 773 rem
1503 731 1610 773 male
1631 739 1792 788 gestam

389 789 548 837 fuerat,
583 790 780 845 magistro
795 791 986 846 equiturn
1005 799 1158 840 creato,
1177 806 1201 831 a
1217 806 1302 846 quo
1319 790 1407 845 ipse
1426 790 1595 831 tribuno
1609 789 1791 830 militum

390 846 569 887 dictator
601 856 689 887 erat
720 847 870 896 dictus,
897 847 985 889 filio
1016 863 1104 897 suo,
1137 855 1184 888 ut
1215 847 1423 888 tradidere
1455 846 1640 902 quidam,
1673 846 1792 902 (nam

389 902 459 943 alii
491 903 674 944 Ahalam
709 903 933 946 Servilium
958 905 1202 961 magistrum
1229 905 1421 960 equitum
1447 919 1496 945 eo
1528 919 1640 945 anno
1664 903 1790 944 fuisse

389 960 613 1016 scribunt,>
646 977 756 1003 novo
787 962 977 1003 exercitu
1007 962 1218 1018 profectus
1252 962 1306 1003 ad
1332 961 1503 1010 bellum,
1543 960 1686 1003 accitis
1717 961 1792 1016 qui

390 1017 568 1058 Tusculi
593 1027 723 1070 erant,
750 1019 836 1061 duo
861 1019 992 1060 millia
1020 1035 1218 1076 passuum
1244 1020 1296 1060 ab
1326 1019 1446 1060 hoste
1476 1018 1618 1060 locum
1649 1018 1792 1059 castris

390 1075 513 1130 cepit.

448 1131 692 1174 Transierat
716 1148 770 1175 ex
795 1149 839 1175 re
868 1135 976 1176 bene
1002 1143 1119 1191 gesta
1140 1134 1335 1190 superbia
1362 1132 1705 1189 negligentiaque
1737 1132 1791 1173 ad

389 1188 578 1245 Aequos,
609 1205 717 1246 quae
749 1191 794 1231 in
822 1191 1028 1233 Romanis
1053 1192 1230 1233 ducibus
1260 1191 1409 1232 suerat.
1472 1191 1622 1246 Itaque
1653 1190 1790 1246 primo

388 1247 528 1287 statim
549 1248 709 1303 proelio
731 1263 863 1304 quum
881 1249 1059 1290 dictator
1079 1249 1273 1305 equitatu
1294 1248 1479 1289 immisso
1496 1248 1791 1303 antesignanos

387 1304 572 1345 hostium
613 1306 831 1355 turbasset,
869 1306 1086 1362 legionum
1127 1306 1225 1346 inde
1269 1306 1389 1361 signa
1428 1305 1572 1346 inferri
1611 1319 1789 1361 propere

387 1361 518 1410 iussit,
556 1362 887 1418 signiferumque
929 1379 983 1404 ex
1024 1363 1108 1404 suis
1148 1378 1282 1404 unum
1318 1371 1588 1403 cunctantem
1621 1362 1787 1403 occidit.

389 1418 552 1459 Tantus
573 1419 695 1461 ardor
723 1420 777 1461 ad
797 1420 1087 1462 dimicandum
1121 1420 1214 1470 fuit,
1236 1428 1283 1462 ut
1304 1420 1510 1476 impetum
1532 1419 1677 1476 Aequi
1704 1434 1790 1460 non

388 1475 585 1517 tulerint:
619 1477 805 1533 victique
838 1478 926 1519 acie
954 1493 1088 1534 quum
1115 1478 1216 1534 fuga
1246 1478 1378 1519 effusa
1407 1477 1613 1533 petissent
1643 1484 1788 1526 castra,

387 1532 553 1573 brevior
583 1541 770 1589 tempore
793 1543 836 1575 et
862 1536 1091 1576 certamine
1114 1536 1252 1576 minor
1280 1544 1509 1576 castrorum
1530 1533 1790 1591 oppugnatio

387 1589 480 1639 fuit,
519 1604 646 1645 quam
681 1591 889 1646 proelium
930 1592 1076 1633 fuerat.
1144 1592 1290 1648 Captis
1331 1592 1591 1648 direptisque
1633 1591 1789 1641 castris,

388 1661 521 1701 quum
546 1647 745 1702 praedam
770 1648 949 1689 dictator
977 1649 1100 1689 militi
1134 1650 1415 1698 concessisset,
1438 1649 1656 1704 secutique
1681 1648 1791 1703 fugi-

389 1712 531 1744 entem
571 1719 625 1745 ex
677 1705 819 1746 castris
865 1705 1029 1747 hostem
1071 1706 1234 1761 equites
1281 1706 1603 1754 renuntiassent,
1645 1720 1791 1746 omnes

389 1760 623 1802 Lavicanos
643 1762 787 1812 victos,
811 1778 1007 1818 magnam
1034 1772 1196 1819 partem
1219 1765 1469 1818 Aequorum
1491 1762 1668 1804 Lavicos
1689 1777 1790 1803 con—

387 1817 565 1873 fugisse3
608 1828 775 1875 postero
811 1819 880 1861 die
917 1820 970 1861 ad
1004 1820 1180 1861 Lavicos
1213 1820 1365 1861 ductus
1396 1820 1625 1860 exercitus:
1669 1820 1821 1875 oppi-7

388 1874 591 1930 dumque,
618 1891 772 1917 corona
797 1877 1117 1927 circumdatum,
1149 1877 1267 1918 scalis
1298 1885 1468 1933 captum
1499 1892 1546 1918 ac
1577 1877 1789 1933 direptum

389 1940 461 1973 est.
526 1932 731 1984 Dictator,
747 1935 937 1975 exercitu
950 1935 1107 1976 victore
1131 1934 1313 1976 Romam
1329 1934 1517 1984 reducto,
1535 1934 1603 1975 die
1626 1942 1785 1984 octavo,

388 2003 516 2044 quam
544 1999 707 2032 creatus
732 1999 834 2041 erat,
867 1992 1112 2048 magistratu
1142 2006 1185 2033 se
1212 1991 1444 2041 abdicavit3
1478 2000 1521 2032 et
1550 2000 1787 2047 opportune

389 2055 571 2097 senatus,
604 2048 849 2103 priusquam
881 2049 933 2090 ab
964 2049 1143 2090 tribunis
1177 2048 1292 2104 plebi
1328 2049 1511 2105 agrariae
1547 2049 1786 2099 seditiones,

389 2104 602 2145 mentione
625 2104 740 2146 illata
760 2105 812 2146 de
835 2121 935 2161 agro
957 2106 1170 2147 Lavicano
1189 2106 1431 2156 dividendo,
1446 2106 1610 2155 fierent,
1625 2106 1790 2147 censuit

388 2159 599 2215 frequens,
622 2162 829 2203 coloniam
858 2163 1037 2205 Lavicos
1058 2163 1363 2204 deducendam.
1429 2162 1585 2204 Coloni
1613 2163 1665 2204 ab
1685 2164 1821 2204 urbe8

389 2217 501 2258 mille
526 2227 568 2259 et
590 2219 813 2275 quingenti
835 2221 949 2261 missi
970 2221 1071 2262 bina
1092 2221 1237 2276 iugera
1257 2228 1522 2276 acceperunt.
1800 2238 1821 2270 9

450 2273 599 2331 Captis
621 2276 801 2326 Lavicis,
824 2292 872 2317 ac
893 2277 1049 2318 deinde
1079 2278 1258 2318 tribunis
1280 2277 1463 2318 militum
1484 2277 1790 2333 consularipo-

389 2339 552 2382 testate,
583 2333 776 2390 Agrippa
804 2333 1010 2375 Menenio
1043 2334 1220 2384 Lanato,
1250 2345 1291 2375 et
1320 2334 1370 2375 L.
1397 2334 1572 2375 Servilio
1607 2334 1787 2383 Structo,

434 2463 451 2494 7
476 2456 656 2496 Oppidum]
689 2456 741 2486 Ex
769 2456 831 2486 hoc
857 2460 1005 2495 tempore
1028 2457 1069 2487 de
1113 2458 1172 2487 bus
1195 2457 1374 2493 constabat,
1390 2456 1538 2487 cohortes
1553 2466 1627 2487 vero
1648 2456 1790 2497 singulas

390 2498 517 2528 Lavicis
538 2498 633 2528 silent
655 2498 833 2538 scriptores.
886 2498 1067 2538 Regionem
1113 2499 1175 2529 hoc
1190 2502 1338 2538 ternpore
1356 2502 1524 2529 sexcentos
1546 2499 1666 2529 milites
1688 2500 1788 2530 habu-

390 2540 586 2570 Lavicanam
598 2540 712 2571 Gabiis
723 2541 788 2571 fere
801 2541 1007 2571 desertiorem
1018 2541 1064 2570 fu-
1110 2541 1171 2571 isse
1187 2544 1295 2570 censet
1313 2540 1448 2571 Niebhr.
1468 2541 1487 2571 i.
1500 2544 1567 2572 not.
1585 2551 1675 2582 1093.
1691 2542 1738 2573 ita
1752 2546 1789 2572 ut

388 2581 450 2612 isse
466 2582 602 2621 legimus
617 2593 670 2622 ap.
687 2582 755 2614 Cic.
774 2593 831 2622 pro
849 2583 962 2613 Plane.
981 2592 1010 2623 9.
1110 2583 1252 2622 legiones
1268 2585 1368 2614 ternis
1384 2584 1524 2613 millibus
1547 2583 1695 2623 peditum
1715 2584 1788 2614 scri-

439 2625 458 2654 8
487 2625 666 2662 Coloniam]
718 2625 759 2655 Id
788 2635 889 2664 genus
922 2624 1068 2655 coloniae
1112 2626 1273 2656 berentur.
1320 2626 1434 2661 Quum
1452 2636 1525 2656 vero
1541 2627 1655 2656 decem
1677 2626 1790 2663 tribus,

390 2667 477 2704 quod
508 2666 635 2697 Graece
666 2665 840 2706 κληρουχία
872 2668 1067 2706 appellatur.
1114 2677 1157 2698 sc.
1175 2667 1310 2697 dimidia
1333 2678 1407 2707 pars
1424 2667 1578 2706 tribuum,
1592 2667 1626 2698 in
1642 2668 1704 2698 hoc
1720 2669 1787 2699 bel-

391 2708 431 2738 cf.
450 2708 573 2739 Herod.
591 2720 618 2740 v.
639 2716 687 2748 77.
712 2709 836 2740 Boeck.
853 2709 975 2740 Oecon.
990 2709 1068 2740 Ath.
1114 2710 1181 2739 lum
1195 2714 1279 2740 sorte
1289 2710 1407 2740 ductae
1417 2714 1534 2747 essent,
1543 2720 1628 2749 supr.
1637 2709 1687 2748 46.
1703 2712 1790 2742 mille

391 2748 422 2779 ii.
443 2751 489 2780 18.
515 2751 652 2781 Niebhr.
669 2750 700 2781 11.
718 2755 785 2782 not.
802 2759 874 2792 957.
913 2751 1070 2783 Similiter
1113 2757 1144 2782 et
1160 2754 1328 2792 quingenti
1344 2752 1464 2782 milites
1479 2752 1710 2783 efficiebantur.
1747 2753 1788 2783 Iu

391 2791 497 2820 coloni
511 2792 646 2823 Ecetras
657 2793 757 2831 missi,
771 2794 842 2825 Liv.
855 2793 886 2825 ii.
901 2802 950 2833 25.
969 2794 1069 2824 Dion.
1114 2794 1175 2824 hac
1201 2804 1235 2824 re
1262 2794 1349 2824 haud
1375 2794 1471 2824 dubie
1498 2804 1595 2824 causa
1618 2795 1710 2832 latet,
1733 2803 1790 2824 cur

394 2831 434 2862 vi.
452 2841 502 2869 32.
1115 2836 1222 2866 coloni
1247 2837 1340 2867 mille
1363 2840 1395 2866 ct
1417 2836 1582 2876 quingenti
1612 2836 1646 2866 in
1675 2845 1787 2874 agrum

434 2882 454 2912 9
477 2875 574 2904 Mille
599 2881 629 2905 et
654 2878 842 2916 quingenti]
879 2877 978 2917 Legio
1004 2878 1069 2908 Ro·
1116 2878 1316 2909 Lavicanum
1339 2878 1426 2910 missi
1449 2878 1578 2910 fuerint.
1602 2877 1737 2908 Niebhr.
1755 2877 1786 2909 ii.

392 2923 490 2944 mana
513 2916 690 2955 antiquitus
713 2929 752 2948 ex
770 2919 912 2958 quinque
934 2920 1070 2950 cohorti·
1115 2921 1187 2960 958.
