1934 3211
406 181 459 218 90
913 177 1060 219 ΤΙΤΙ
1102 178 1281 220 LIVII

403 275 523 317 esset,
540 269 593 309 ab
617 267 795 324 Regillo,
813 284 963 334 magna
979 268 1195 311 clientium
1211 269 1429 310 comitatus
1450 284 1589 318 manu,
1608 268 1788 310 Romam

404 325 635 382 transfugit.
698 325 778 367 His
794 326 937 367 civitas
957 326 1054 368 data
1071 342 1252 383 agerque
1275 334 1386 367 trans
1400 326 1636 368 Anienem:
1670 333 1789 367 vetus
1802 341 1818 362 2

188 385 390 417 Claudiam
407 381 586 424 Claudia
615 383 758 434 tribus,
788 384 940 425 additis
970 393 1113 440 postea
1142 399 1259 425 novis
1289 384 1524 434 tribulibus,
1551 384 1624 440 qui
1654 399 1707 424 ex
1737 398 1789 424 eo

187 428 284 501 'Anii'us
295 472 391 502 Clau
402 440 594 481 venirent
614 456 725 497 agro,
748 441 968 507 appellata.
1031 441 1209 498 Appius,
1228 442 1338 482 inter
1354 441 1498 482 Patres
1513 441 1657 491 lectus,
1674 440 1790 482 haud

403 498 461 539 ita
481 498 612 539 multo
633 507 726 554 post
753 499 797 539 in
822 499 1059 564 principum
1088 499 1375 555 dignationem
1406 499 1607 555 pervenit.
1672 498 1786 539 Con-

404 555 525 606 sules,
543 556 692 597 infesto
710 557 896 597 exercitu
916 557 960 596 in
982 572 1125 611 agrum
1151 556 1351 597 Sabinum
1372 556 1560 612 piofecti,
1578 571 1709 611 quum
1730 555 1790 596 ita

404 613 646 663 vastatione,
679 613 777 654 dein
807 614 978 669 proelio,
1005 590 1250 654 afflixissent
1280 628 1380 669 opes
1410 613 1605 663 hostium,
1636 622 1685 653 ut
1715 612 1789 653 diu

404 671 509 711 nihil
529 671 628 712 inde
650 670 886 711 rebellionis
908 671 1053 712 timere
1074 679 1256 736 possent,
1280 670 1584 726 triumphantes
1606 670 1788 711 Romam

404 729 629 770 redierunt.
692 728 739 768 P.
772 728 976 778 Valerius,
1009 729 1196 769 omnium
1232 743 1437 769 consensu
1466 728 1659 784 princeps
1688 727 1789 769 belli

405 786 599 842 pacisque
617 785 786 834 artibus,
804 800 914 826 anno
929 795 1035 841 post,
1047 786 1245 851 Agrippa
1266 785 1482 850 Menenio,
1500 785 1547 826 P.
1571 784 1787 826 Postumio
1801 796 1819 827 3

406 843 656 908 consulibus,
680 843 866 892 moritur,
888 842 1019 899 gloria
1045 843 1218 900 ingenti,
1242 843 1371 899 copiis
1392 842 1661 884 familiaribus
1682 841 1788 883 adeo

406 901 579 956 exiguis,
602 908 649 940 ut
668 899 804 941 funeri
825 909 1015 956 sumptus
1042 901 1216 942 deesset.
1279 900 1347 941 De
1369 900 1536 956 publico
1559 908 1621 941 est
1642 899 1784 941 elatus.
1799 915 1820 942 4

407 958 575 998 Luxere
597 964 821 1007 matronae,
844 966 892 999 ut
912 958 1103 1000 Brutum.
1154 958 1317 1000 Eodem
1338 973 1448 998 anno
1470 957 1577 998 duae
1599 957 1787 998 coloniae

406 1015 595 1064 Latinae,
625 1014 816 1056 Pometia
843 1024 885 1056 et
919 1015 1041 1066 Cora,
1069 1016 1122 1056 ad
1147 1015 1371 1056 Auruncos
1396 1015 1610 1056 deficiunt.
1675 1014 1818 1056 Cum5

406 1073 620 1114 Auruncis
641 1072 797 1113 bellum
818 1072 996 1114 initum:
1029 1074 1204 1129 fusoque
1234 1073 1397 1128 ingenti
1418 1072 1618 1123 exercitu,
1641 1072 1715 1128 qui
1745 1087 1788 1113 se

404 1130 737 1185 ingredientibus
772 1130 877 1171 fines
909 1130 1147 1171 consulibus
1181 1130 1374 1171 ferociter
1409 1130 1627 1180 obtulerat,
1664 1145 1788 1170 omne

405 1188 657 1229 Auruncum
676 1187 833 1229 bellum
854 1187 1089 1229 Pometiam
1119 1187 1379 1244 compulsum
1401 1196 1473 1230 est.
1536 1187 1630 1228 Nec
1658 1187 1789 1243 magis

403 1254 496 1301 post
516 1245 734 1301 proelium,
758 1261 883 1301 quam
915 1245 959 1286 in
980 1245 1152 1302 proelio,
1175 1245 1371 1286 caedibus
1399 1253 1677 1301 temperatum
1698 1252 1785 1285 est:

404 1312 447 1344 et
468 1303 575 1344 caesi
597 1302 810 1358 aliquanto
834 1303 975 1359 plures
996 1311 1126 1353 erant,
1150 1318 1276 1359 quam
1304 1302 1415 1359 capti
1428 1318 1438 1351 3
1472 1310 1514 1343 et
1535 1310 1676 1358 captos
1695 1316 1790 1358 pas-

404 1361 482 1401 sim
503 1360 827 1401 trucidaverunt.
891 1360 959 1401 Ne
991 1361 1042 1402 ab
1071 1361 1285 1402 obsidibus
1306 1360 1492 1416 quidem,
1515 1360 1589 1415 qui
1612 1359 1823 1401 trecenti6

405 1418 565 1474 accepti
590 1433 764 1459 numero
793 1426 924 1467 erant,
946 1418 1050 1459 iram
1077 1418 1179 1460 belli
1199 1418 1329 1459 hostis
1351 1417 1563 1460 abstinuit.
1626 1416 1683 1458 Et
1709 1416 1789 1458 hoc

406 1490 516 1516 anno
539 1475 698 1516 Romae
721 1475 1036 1531 triumphatum.

264 1530 326 1571 17.
467 1532 609 1574 Secuti
631 1532 833 1582 consules,
860 1533 1010 1589 Opiter
1034 1532 1250 1588 Virginius
1271 1541 1313 1573 et
1337 1532 1406 1588 Sp.
1433 1531 1614 1582 Cassius,
1638 1531 1791 1573 Pome-

191 1587 234 1618 U·
252 1587 289 1618 C.
308 1596 377 1626 ²5--
407 1590 507 1631 tiam
528 1606 577 1646 pl
580 1605 662 1631 imo
683 1591 737 1640 vi,
760 1590 913 1631 deinde
935 1590 1065 1631 vineis
1087 1590 1258 1655 aliisque
1290 1590 1496 1646 operibus,
1520 1604 1790 1645 oppugnave-
1805 1598 1823 1631 7

190 1630 228 1660 A.
252 1630 289 1661 Ο·
309 1637 377 1669 500
406 1656 516 1689 runt.
579 1647 631 1688 In
652 1663 755 1704 quos
778 1648 982 1697 Aurunci,
1006 1648 1136 1703 magis
1157 1663 1239 1688 iam
1264 1647 1510 1703 inexpiabili
1531 1647 1640 1712 odio,
1664 1662 1791 1703 quam

406 1721 477 1761 spe
513 1705 652 1761 aliqua
681 1713 752 1746 aut
779 1705 1006 1755 occasione,
1037 1705 1179 1755 coorti,
1209 1720 1338 1761 quum
1366 1704 1505 1760 plures
1535 1704 1635 1760 igni,
1665 1719 1792 1760 quam

405 1762 526 1812 ferro,
569 1763 715 1804 armati
755 1763 1099 1813 excucurrissent,
1142 1762 1269 1804 caede
1310 1762 1592 1817 incendioque
1639 1769 1792 1803 cuncta

407 1820 628 1877 complent.
691 1820 839 1861 Vineis
874 1820 1066 1870 incensis,
1099 1820 1240 1861 multis
1275 1820 1459 1861 hostium
1494 1819 1719 1861 vulneratis
1749 1824 1823 1860 et8

191 277 231 308 U.
249 278 286 309 C.
305 287 376 319 250.

187 320 225 351 A.
250 321 287 351 C.
306 329 375 361 502.

188 522 240 542 sus
256 514 340 544 inter

190 555 302 587 Patres
318 557 379 587 lec-

186 601 247 628 tus.

189 738 225 768 P.
245 738 367 769 Valerii

188 790 282 812 mors,

190 822 232 853 U.
250 824 287 854 G.
306 832 377 863 251.

188 865 226 896 Λ.
251 866 289 897 C.
308 875 378 906 501.

189 1022 320 1052 Bellum

187 1075 260 1094 011111
286 1066 350 1095 Α11-

189 1108 304 1138 runcis.

450 1999 466 2019 2
495 1991 597 2019 Trans
612 1990 787 2022 Anienem:
813 1992 902 2018 vetus
918 1987 1072 2025 Claudia]
1120 1987 1138 2017 i.
1157 1997 1187 2026 p.
1206 1995 1277 2026 549.

408 2032 581 2067 Quomodo
612 2033 706 2061 Vetus
731 2042 795 2060 non
822 2030 935 2069 liquet,
958 2033 990 2060 et
1016 2030 1075 2059 for-

408 2079 490 2105 tasse
527 2074 559 2103 in
597 2084 674 2104 voce
711 2078 800 2104 vetus
838 2072 950 2103 vitium
987 2073 1076 2103 latet.

408 2118 440 2147 N
446 2116 607 2147 iebuhrius
634 2121 724 2146 trans
750 2117 907 2146 Anienem
933 2119 1077 2146 veterem.

408 2160 547 2189 Claudia
557 2159 642 2198 legit.
659 2160 746 2189 Anio
756 2160 849 2189 Vetus
859 2158 1079 2196 aquaeductus

407 2213 426 2232 a
439 2202 536 2233 Curio
554 2202 697 2232 Dentato
713 2212 752 2231 ex
771 2200 884 2240 Pyrrhi
901 2200 1009 2239 spoliis
1025 2210 1078 2230 ex-

408 2249 530 2275 tructus
543 2257 550 2281 3
571 2247 597 2274 A
604 2246 658 2275 nio
672 2255 773 2274 novus
788 2254 807 2273 a
820 2243 957 2274 Claudio
972 2243 1077 2281 Impe-

407 2292 522 2323 ratore,
538 2297 618 2326 opus
637 2287 849 2326 praeclamm,
865 2289 900 2315 ut
916 2286 1001 2324 quod
1024 2295 1080 2324 per

409 2331 573 2369 sexaginta
592 2330 656 2359 duo
672 2329 775 2358 millia
796 2338 945 2367 passuum
962 2328 1078 2357 deduc-

409 2376 488 2403 tum.
503 2373 540 2403 cf.
552 2371 723 2402 Frontinus
735 2372 774 2401 de
788 2371 930 2409 Aquaed.
945 2370 964 2399 i.
982 2370 1078 2400 Clau-

410 2415 495 2445 diam
512 2415 629 2445 tribum
648 2415 681 2444 in
697 2415 804 2444 locum
821 2412 1080 2451 Tarquiniorum,

411 2462 445 2487 ut
471 2457 636 2497 patriciam
659 2460 799 2496 gentem,
823 2455 988 2485 suffectam
1013 2465 1079 2484 0550

411 2500 539 2530 coniicit
556 2500 690 2530 Niebhr.
707 2499 726 2528 i.
744 2509 774 2538 p.
793 2506 862 2537 550.

456 2553 472 2582 3
498 2545 535 2573 P.
552 2543 730 2579 Postumio]
756 2543 890 2577 Iterum,
911 2540 965 2570 sed
989 2543 1080 2569 notas

411 2586 541 2615 secundi
572 2585 719 2623 tertiique
749 2584 933 2614 consulatus
962 2582 994 2611 in
1025 2582 1078 2612 lib.

613 2626 796 2666 saepissime.
824 2636 843 2656 a
869 2625 959 2656 Livio
988 2624 1080 2654 omis-

416 2637 449 2657 11,
478 2632 509 2657 ct
537 2637 587 2658 111.

414 2681 463 2698 sas
480 2674 586 2699 monet
604 2670 705 2700 Drak.

463 2723 480 2750 4
506 2714 555 2743 De
582 2713 724 2751 publico]
772 2711 893 2742 Contra
916 2709 1080 2740 Plutarch.

595 2754 822 2792 quadrantibus
837 2753 870 2783 in
888 2752 994 2792 capita
1010 2762 1082 2783 con-

418 2796 499 2829 latis,
514 2800 547 2824 ut
562 2800 669 2834 postca
683 2797 813 2826 Mencn.
827 2796 1000 2835 Agrippae,
1013 2794 1082 2825 infr.

419 2847 466 2875 33.
484 2838 537 2867 scd
557 2838 651 2867 funus
673 2839 801 2877 publico
820 2842 951 2877 sumptu
973 2837 1005 2867 in
1029 2837 1084 2867 ho-

419 2890 525 2909 norem
553 2880 685 2909 virm-mn
708 2881 876 2917 clarorum,
892 2891 954 2910 non
977 2879 1085 2918 inopia

420 2922 461 2952 rci
480 2921 641 2952 familiaris
657 2923 850 2952 celebratum
868 2926 924 2953 cst.
950 2922 1084 2952 Nicbhr.

418 2754 511 2783 Publ.
530 2764 577 2791 ²3-

1164 2038 1179 2068 5
1201 2030 1256 2058 Ad
1270 2030 1441 2060 Auruncos
1456 2029 1623 2068 deficiunt]
1642 2029 1791 2060 500010-

1121 2071 1170 2102 nis
1187 2072 1343 2102 Romanis
1359 2072 1501 2111 expulsis
1516 2075 1572 2101 aut
1588 2071 1697 2102 caesis.

1164 2113 1183 2145 6
1208 2115 1390 2152 Obsidibus]
1439 2114 1543 2151 Quos,
1570 2114 1700 2145 colonos
1726 2114 1792 2145 Au-

1123 2167 1304 2193 runcorum,
1340 2156 1488 2196 praesidii
1521 2166 1626 2193 causa,
1656 2157 1697 2187 ab
1727 2159 1792 2187 Au-

1123 2199 1228 2229 mncis
1258 2199 1360 2229 victae
1392 2199 1462 2229 urbi
1498 2198 1663 2238 impositos
1699 2202 1794 2239 putat

1124 2242 1258 2272 Niebhr.
1275 2242 1306 2272 ii.
1321 2252 1351 2280 p.
1368 2252 1418 2282 91.
1435 2245 1467 2271 et
1482 2241 1543 2271 hoc
1559 2241 1635 2275 satis
1648 2241 1681 2271 in
1698 2251 1794 2272 causa

1124 2285 1231 2321 fuisse,
1257 2294 1312 2314 cur
1337 2294 1357 2314 a
1383 2284 1540 2314 Romanis
1565 2283 1717 2317 trucidati
1747 2294 1792 2315 es-

1123 2331 1202 2357 sent.

1168 2377 1183 2408 7
1208 2369 1399 2406 Pometiam]
1424 2368 1544 2398 Mirum
1558 2368 1695 2405 videtur,
1707 2369 1792 2407 quod

1123 2412 1203 2442 haec
1214 2412 1298 2448 urbs,
1311 2415 1406 2450 capta
1422 2415 1453 2440 et
1467 2410 1572 2441 diruta
1586 2421 1606 2440 a
1618 2410 1793 2450 Tarquinio

1124 2455 1268 2493 Superbo
1291 2453 1310 2483 i.
1335 2462 1382 2492 53.
1407 2453 1493 2483 dicta
1516 2452 1574 2483 sit:
1600 2457 1795 2493 quapropter

1123 2501 1179 2526 aut
1194 2496 1290 2526 aliam
1307 2497 1417 2525 urbem
1434 2495 1540 2532 fuisse,
1555 2499 1611 2525 aut
1630 2506 1693 2525 non
1709 2496 1793 2526 diru-

1123 2542 1188 2569 tam
1212 2549 1232 2568 a
1250 2537 1424 2577 Tarquinio
1442 2537 1604 2568 existimat
1621 2538 1756 2569 Niebhr.
1772 2538 1793 2569 i.

1124 2592 1153 2620 p.
1173 2590 1242 2620 504.
1267 2581 1297 2610 ii.
1315 2591 1344 2620 p.
1364 2582 1413 2621 89.

1168 2626 1185 2653 ὃ
1217 2624 1338 2660 Viner's]
1368 2623 1491 2653 Vineae
1514 2626 1604 2653 erant
1626 2622 1794 2654 machinae

1126 2666 1217 2705 lignis
1239 2669 1271 2695 et
1294 2665 1432 2695 cratibus
1455 2668 1636 2704 contextae,
1651 2676 1689 2696 ac
1711 2669 1796 2696 terra

1125 2710 1308 2748 :ulope1·tae,
1328 2718 1409 2747 quac
1432 2708 1581 2738 subiectis
1603 2708 1715 2738 rotulis
1736 2708 1794 2738 im-

1127 2752 1338 2790 pellebantur.
1400 2751 1527 2780 Harum
1562 2753 1648 2781 tecto
1678 2749 1794 2780 muniti

1127 2794 1306 2824 obsidentes
1327 2793 1376 2823 vel
1399 2802 1561 2823 murorum
1584 2793 1795 2823 fundamenta

1127 2836 1208 2866 ferro
1229 2836 1433 2872 subruebant,
1450 2836 1499 2865 vel
1521 2834 1651 2865 arietem
1675 2833 1794 2864 moeni-

1128 2879 1186 2908 bus
1202 2878 1407 2908 incutiebant.
1450 2878 1502 2908 De
1515 2877 1614 2908 vineis
1628 2875 1693 2916 agit
1706 2876 1793 2917 Lips.

1131 2921 1300 2951 Poliorcet.
1318 2921 1336 2951 i.
1357 2929 1382 2959 7.
1409 2920 1512 2951 Caizv.
