1934 3211
518 184 644 226 LIB.
683 184 740 227 ΙΙ.
788 184 934 227 CAP.
975 189 1042 227 35.

85 278 246 336 impetu
279 276 499 318 hominum
534 277 633 333 ipsis
667 277 1036 318 frumentatoribus
1069 276 1159 318 fuit.

85 337 340 379 frumentum
362 333 507 375 Tiberi
527 335 668 375 venit:
702 349 752 375 eo
773 344 1003 376 sustentata
1030 344 1093 376 est
1119 334 1248 390 plebs.

1396 189 1472 228 111

86 392 211 436 modo
249 391 358 433 bello
397 391 443 432 in
483 400 567 432 tam
607 392 704 433 artis
743 393 1044 434 commeatibus
1076 392 1216 433 vexati
1248 392 1398 442 forent,
1436 394 1479 433 ni

87 449 272 499 Volscos,
301 449 383 490 iam
412 459 628 491 moventes
655 464 781 499 arma,
810 449 1049 506 pestilentia
1076 450 1225 506 ingens
1251 450 1478 491 invasisset.

87 507 152 551 Ea
169 506 286 548 clade
307 507 540 548 conterritis
568 507 750 549 hostium
771 508 931 556 animis,
955 516 1002 549 ut
1022 508 1161 557 etiam,
1184 507 1257 549 ubi
1285 522 1335 548 ea
1358 508 1482 549 remi-

86 565 215 615 sisset,
233 573 386 606 terrore
404 563 544 621 aliquo
561 574 816 615 tenerentur,
832 575 875 607 et
895 564 1068 607 Velitris
1088 580 1242 607 auxere
1260 580 1483 606 numerum

58 638 71 661 1
86 621 329 665 colonorum
353 622 548 672 Romani,
572 631 615 664 et
637 621 807 664 Norbae
830 623 873 663 in
902 632 1066 664 montes
1089 637 1241 664 novam
1261 622 1481 673 coloniam,

87 696 195 738 quae
217 695 292 721 arx
312 680 356 721 in
378 680 606 737 Pomptino
627 690 747 730 esset,
771 681 984 722 miserunt.

145 737 208 779 M.
233 737 426 779 Minucio
454 737 607 780 deinde
629 748 671 780 et
701 738 754 780 A.
782 738 1030 795 Sempronio
1058 738 1310 789 consulibus,
1332 754 1484 796 magna
1499 754 1541 785 U.
1559 754 1597 786 C.
1614 752 1686 792 263·

85 796 147 838 vis
181 795 380 837 frumenti
415 810 469 836 ex
508 795 648 838 Sicilia
679 796 873 838 advecta:
918 798 1204 854 agitatumque
1237 797 1282 838 in
1322 805 1481 847 senatu,
1497 798 1536 828 A.
1561 798 1598 828 C.
1616 797 1688 837 489-

88 854 236 912 quanti
270 853 383 910 plebi
419 853 597 895 daretur.
662 854 792 895 Multi
827 855 988 896 venisse
1029 864 1195 911 tempus
1230 854 1482 911 premendae

86 911 221 970 plebis
247 912 462 969 putabant,
494 912 853 968 recuperandique
886 913 987 962 iura,
1019 928 1126 969 quae
1158 921 1322 954 extorta
1350 927 1484 954 seces·
1496 926 1609 967 pronio
1626 925 1676 956 11.

88 970 204 1012 sione
225 984 272 1011 ac
292 969 333 1010 vi
354 969 548 1010 Patribus
575 979 712 1012 essent
729 987 737 1011 :
772 971 815 1011 in
836 971 980 1027 primis
1007 970 1192 1012 Marcius
1220 969 1482 1021 Coriolanus,
1496 971 1586 1002 Coss.

88 1027 218 1070 hostis
238 1027 482 1068 tribuniciae
499 1028 727 1084 potestatis,
753 1033 763 1051 ‘
779 1027 823 1069 Si
845 1028 1081 1078 annonam,’
1102 1029 1253 1084 inquit,
1278 1033 1485 1070 ‘veterem

91 1085 274 1135 ‘volunt,
296 1085 361 1126 ius
380 1085 602 1142 pristinum
624 1086 802 1127 reddant
822 1086 1026 1127 Patribus.
1092 1085 1183 1127 Cur
1202 1101 1281 1143 ego
1302 1085 1488 1143 plebeios

91 1143 391 1200 ‘magistratus,
433 1158 507 1184 cur
550 1142 753 1185 Sicinium
794 1153 1012 1200 potentem
1044 1143 1181 1194 video,
1224 1144 1300 1185 sub
1341 1144 1488 1200 iugum

92 1206 105 1225 ‘
117 1201 276 1251 missus,
293 1210 493 1257 tanquam
509 1216 534 1241 a
549 1200 778 1242 latronibus
793 1201 1065 1258 redemptus?
1097 1201 1244 1258 Egone
1262 1201 1334 1243 has
1351 1202 1489 1258 indig-

94 1259 270 1300 ‘nitates
309 1258 467 1299 diutlus
499 1259 644 1315 patiar,
682 1274 808 1315 quam
845 1275 1013 1301 necesse
1051 1262 1147 1300 est?

1207 1259 1488 1315 Tarquinium

61 1322 261 1373 2‘regem
287 1316 360 1372 qui
392 1331 478 1357 non
507 1316 686 1366 tulerim,
720 1316 922 1359 Sicinium
950 1317 1110 1358 feram?
1154 1316 1333 1358 Secedat
1360 1332 1486 1366 nunc,

96 1380 266 1416 ‘avocet
305 1373 497 1430 plebem:
542 1384 656 1430 patet
688 1375 754 1415 via
789 1375 833 1415 in
872 1374 1044 1416 Sacrum
1080 1383 1267 1416 montem
1303 1374 1488 1430 aliosque

63 1479 244 1531 ³‘tertio
275 1504 385 1530 anno
416 1504 601 1545 rapuere.

97 1547 268 1589 ‘fecere.

96 1438 107 1456 ‘
121 1431 257 1473 colles.
323 1431 507 1488 Rapiant
522 1431 731 1473 frumenta
752 1447 805 1474 cx
826 1432 933 1488 agris
950 1431 1111 1481 nostris,
1131 1431 1489 1488 quemadmodum

667 1489 852 1531 Utantur
879 1504 1059 1539 annona,
1089 1504 1217 1546 quam
1244 1489 1382 1531 furore
1414 1505 1489 1531 suo

330 1546 485 1588 Audeo
505 1546 657 1596 dicere,
680 1546 759 1589 hoc
781 1546 890 1588 malo
911 1547 1091 1588 domitos
1111 1547 1223 1604 ipsos
1243 1547 1382 1604 potius
1403 1547 1491 1589 cul-

97 1610 230 1647 ‘tores
256 1619 448 1661 agrorum
475 1604 576 1654 fore,
599 1620 726 1661 quam
757 1613 805 1646 ut
832 1605 978 1646 armati
1004 1620 1081 1662 per
1106 1606 1382 1647 secessionem
1410 1605 1491 1647 coli

63 1669 82 1702 5
97 1668 110 1688 ‘
120 1661 393 1720 prohibeant?
434 1661 565 1703 Haud
581 1671 665 1704 tam
681 1662 801 1704 facile
815 1662 932 1705 dictu
948 1672 1023 1713 est,
1039 1663 1334 1705 faciendumne
1351 1662 1490 1713 fuerit,

95 1735 222 1778 quam
251 1719 434 1777 potuisse
461 1720 637 1762 arbitror
664 1721 767 1771 fieri,
796 1730 856 1772 ut,
882 1721 1193 1763 conditionibus
1220 1721 1390 1762 laxandi
1418 1737 1493 1763 an-

95 1793 263 1828 nonam,
285 1787 328 1819 et
348 1778 614 1819 tribuniciam
635 1788 897 1835 potestatem,
920 1788 963 1821 et
983 1779 1124 1821 omnia
1144 1779 1284 1821 invitis
1305 1779 1396 1821 iura
1415 1780 1493 1820 im-

95 1835 230 1894 posita
262 1835 407 1877 Patres
434 1835 653 1878 demerent
677 1837 766 1878 sibi.

831 1837 888 1879 Et
917 1837 1081 1879 senatui
1108 1837 1233 1878 nimis
1258 1846 1377 1879 atrox
1406 1838 1494 1879 visa

94 1893 303 1936 sententia
322 1903 398 1944 est,
419 1903 463 1936 et
482 1893 647 1950 plebem
670 1895 730 1936 ira
750 1910 879 1952 prope
908 1895 1092 1936 armavit.
1157 1901 1168 1919 ‘
1182 1895 1308 1937 Fame
1331 1911 1373 1937 se
1396 1896 1492 1946 iam,

98 1957 111 1976 ‘
123 1952 231 1994 sicut
265 1951 417 2002 hostes,
454 1952 541 2009 peti
558 1968 568 2002 ;
611 1953 705 1994 cibo
739 1953 939 2010 victuque
975 1953 1157 1995 fraudari
1174 1969 1183 1994 :
1227 1969 1324 2010 pere
1356 1954 1495 1995 rinum

99 2015 112 2034 ‘
122 2009 392 2058 frumentum,
410 2025 517 2066 quae
531 2009 617 2051 sola
632 2010 830 2052 alimenta
845 2026 898 2052 ex
915 2012 979 2052 ins
1010 2020 1123 2052 erato
1137 2011 1303 2053 fortuna
1346 2011 1493 2061 ederit,

65 2072 86 2106 6
100 2068 176 2110 ‘ab
196 2082 266 2109 ore
287 2067 390 2124 rapi,
412 2067 492 2109 nisi
515 2066 566 2109 C.
591 2067 754 2110 Marcio
770 2069 900 2110 vincti
921 2027 1130 2110 <legantur
1146 2069 1316 2118 tribuni,
1339 2069 1419 2110 nisi
1439 2069 1493 2111 de

147 2197 158 2219 1
179 2187 324 2225 Norbae]
349 2186 425 2217 Non
439 2196 594 2227 apparere
607 2186 775 2225 mtinncm,

101 2240 158 2262 cur
169 2230 214 2261 ita
225 2229 331 2270 potius
341 2239 436 2269 quam
451 2231 593 2260 Norbam
610 2229 776 2266 scribatur,

101 2273 165 2304 iam
185 2273 307 2304 Duker.
325 2271 460 2303 monuit.
508 2272 604 2303 Forte
620 2272 663 2302 sic
681 2273 776 2303 modo

103 2315 214 2348 Livius
229 2315 346 2356 posuit,
363 2319 397 2345 ut
416 2315 548 2355 propius
568 2319 777 2355 congruerent

101 2359 248 2390 membra
269 2363 299 2390 et
328 2359 465 2395 Velitris,
479 2363 510 2389 ee
526 2359 679 2393 Norbue:
704 2369 776 2388 con-

102 2401 180 2433 strui
195 2406 304 2432 autem
327 2401 372 2431 ita
397 2400 520 2437 voluit3
544 2406 576 2432 et
597 2400 628 2431 in
653 2406 779 2431 montes

103 2454 219 2476 novam
237 2443 395 2474 coloniam
414 2443 579 2481 miserunt,
595 2454 677 2483 quite
696 2444 777 2474 Nor-

104 2488 165 2518 bne
182 2497 239 2517 arx
255 2486 286 2517 in
306 2486 481 2527 Pomptino
497 2492 589 2517 esset.
615 2489 756 2518 Sriwru.

148 2539 166 2560 ἰ
193 2530 350 2568 Tulerim]
402 2529 494 2560 Haec
521 2529 599 2560 dicit
626 2529 779 2566 Marcius,

105 2582 169 2603 non
182 2582 222 2602 ex
235 2582 293 2602 sua
309 2582 454 2613 persona,
467 2573 520 2602 scd
536 2572 674 2603 cuiusvis
689 2583 777 2602 senn-

106 2613 194 2650 toris,
213 2618 269 2645 aut
291 2614 316 2644 si
343 2615 455 2652 mavis,
477 2620 607 2645 senatun
631 2615 778 2646 universi.

106 2658 213 2689 cnm.
261 2657 401 2687 Tuder-im
425 2663 510 2688 recte
530 2657 648 2698 exponi
675 2663 779 2697 potest

99 2700 222 2739 seram,
249 2700 298 2730 vel
330 2700 410 2730 serre
440 2699 570 2740 possim,
599 2700 623 2730 si
654 2701 779 2731 Romae

109 2747 228 2782 regnet.
256 2742 392 2772 Druna.

153 2794 170 2824 3
197 2786 300 2816 Tertio
316 2785 418 2822 anno]
453 2783 564 2815 Tertio
586 2789 662 2815 unte
684 2796 779 2816 unno-

108 2829 215 2859 (Γῐικν.

152 2883 172 2910 4
192 2872 336 2902 Utantur
351 2880 494 2906 omnmo,
507 2871 620 2910 qrmm]
641 2870 782 2900 Utantur

108 2923 238 2944 annona
267 2918 356 2943 ειη-πη
386 2918 418 2942 et
449 2913 540 2947 dum.
566 2913 694 2952 qualem
722 2913 780 2953 ips-i

110 2955 169 2987 sibi
186 2956 288 2987 fecere
313 2966 370 2995 per
388 2955 554 2986 seditionis
571 2956 720 2991 sumre-ni,
737 2956 780 2986 in-

820 2187 925 2217 cultos
948 2186 1158 2226 relinquendo
1181 2197 1280 2227 agros.
1327 2187 1413 2217 Ante
1434 2186 1493 2227 pri-

820 2239 908 2260 muni
943 2231 1075 2260 verbum
1111 2229 1284 2260 inseruerat
1318 2229 1496 2260 Rhenanus

813 2273 989 2311 fruantur.
1043 2273 1105 2303 Sed
1130 2272 1210 2302 illud
1235 2272 1494 2303 additamentum

821 2315 967 2353 ignorant
991 2326 1101 2346 omnes
1129 2315 1236 2355 scripti
1262 2315 1426 2345 Gronovio
1449 2315 1494 2346 in-

821 2359 935 2398 specti,
951 2358 1093 2398 quinque
1114 2369 1131 2389 e
1155 2358 1280 2393 nom-is,
1296 2358 1495 2398 Campanus,

823 2402 978 2438 Andreas,
994 2406 1025 2431 et
1042 2412 1153 2431 omncs
1170 2405 1291 2431 veteres
1306 2401 1395 2431 editi.
1431 2401 1494 2431 Ita-

822 2455 885 2483 que
909 2445 1083 2475 delendum
1109 2443 1272 2481 duximus,
1293 2449 1328 2474 ut
1352 2443 1498 2475 Clericus

823 2487 886 2518 inin
905 2488 1032 2518 fecerat.
1057 2489 1163 2517 (Ὶιι-ιν.

867 2539 883 2569 5
910 2531 1012 2560 llnml
1033 2535 1097 2560 tam
1117 2530 1237 2568 fizcile]
1282 2528 1427 2559 Potuisse
1450 2539 1496 2559 nr-

824 2572 922 2602 bitror
935 2573 1014 2607 ficri,
1026 2571 1149 2612 (utrum
1165 2572 1230 2602 ficri
1243 2571 1400 2609 debuerit,
1411 2571 1496 2602 haud

824 2613 917 2646 facile
933 2615 1021 2645 dictu
1039 2614 1103 2655 est)
1122 2620 1154 2644 ut
1176 2615 1286 2645 Patres
1306 2619 1338 2645 et
1359 2624 1379 2645 a
1401 2615 1498 2645 tribu—

824 2658 902 2688 nitia
921 2662 1090 2698 potestate,
1106 2662 1137 2687 et
1154 2658 1194 2686 ab
1211 2657 1361 2687 omnibus
1378 2657 1500 2697 legibus

824 2712 902 2740 qua-⁴
930 2700 1020 2730 inviti
1051 2700 1107 2729 sibi
1141 2700 1262 2740 imponi
1294 2700 1434 2731 tulerunt
1464 2699 1497 2731 in

825 2744 922 2773 Sucro
940 2748 1060 2779 monte,
1075 2753 1142 2772 sese
1161 2742 1343 2779 liberarent,
1364 2742 1387 2773 si
1414 2743 1497 2774 hanc

825 2785 1040 2815 conditionem
1069 2785 1248 2823 exegissent
1275 2795 1332 2826 pro
1358 2785 1498 2817 laxando

824 2839 972 2859 annonae
990 2827 1101 2867 pretio.
1125 2830 1231 2859 Ciu-zv.
1307 2831 1310 2835 '

873 2870 893 2900 Ι)
921 2872 996 2901 Nisi
1022 2871 1060 2901 de
1090 2875 1177 2911 teryo
1204 2872 1305 2911 plebis
1332 2872 1498 2903 Romanae

824 2915 979 2953 satisfiat]
1015 2912 1084 2944 Nisi
1113 2913 1246 2945 satisfiat
1273 2914 1347 2945 odio
1373 2914 1441 2945 eius
1466 2914 1497 2944 in

828 2957 968 2996 plebem,
980 2956 1151 2987 saeviendo
1168 2957 1348 2989 verberibus
1363 2957 1394 2989 in
1411 2963 1500 2997 terga

1224 276 1291 318 Ex
1328 278 1478 320 Tuscis
1494 290 1537 322 U.
1553 290 1591 322 C.
1609 288 1680 321 262.

1311 334 1479 376 Incom-
1493 334 1530 363 A.
1555 333 1593 365 C.
1610 342 1684 374 490.

1498 841 1544 872 M.
1555 839 1704 871 Minucio

1498 884 1546 915 11.
1562 883 1600 914 A.
1615 883 1703 914 Sem-
