1934 3211
435 455 875 509 LIBRORUM
920 454 1214 507 XI-Xx.
1259 452 1701 509 EPITOMAE.
1754 422 1760 426 ’

739 768 1050 811 EPITOME
1080 768 1273 809 LIBRI
1301 768 1386 809 XI.

373 883 570 934 QUUM
603 883 758 922 Fabius
805 881 964 936 Guryes
1004 881 1142 921 consul
1179 881 1282 921 male
1328 881 1520 921 adversus
1564 881 1764 922 Samnites

358 947 593 996 puqnmset,
631 946 669 979 et
699 945 859 979 senatus
894 939 940 978 de
976 939 1205 978 removendo
1240 954 1282 978 eo
1322 939 1372 978 ab
1407 940 1578 978 exercitu
1617 945 1763 993 aqeret,

367 1000 523 1039 Fabius
550 998 761 1038 BIaximus
779 1002 914 1050 pater,
936 997 1169 1050 deprecatus
1197 997 1301 1035 lianc
1312 996 1406 1048 filii
1431 997 1702 1050 iynominiam,
1723 1010 1766 1035 eo

368 1058 538 1096 maxime
558 1061 738 1095 senatum
759 1055 890 1102 movit,
908 1054 1015 1107 quod
1040 1055 1190 1093 iturum
1211 1068 1251 1093 se
1255 1054 1354 1105 filio
1375 1054 1549 1107 leqatum
1560 1053 1767 1107 pollicitus

368 1120 437 1162 est,
474 1114 590 1167 idque
616 1113 831 1166 praestitit.
895 1111 1004 1150 Eius
1044 1111 1216 1150 consiliis
1257 1117 1295 1150 et
1327 1125 1447 1164 opera
1471 1111 1596 1163 filius
1632 1110 1770 1150 consul

369 1172 544 1219 adiutus,
563 1171 686 1209 caesis
704 1168 964 1216 Samnitibus,
982 1168 1255 1221 triumphavit.
1316 1168 1359 1208 C.
1375 1168 1579 1216 Pontium,
1593 1169 1767 1222 impera-

370 1235 491 1268 torem
545 1227 799 1274 Samnitium,
842 1226 1005 1265 ductum
1051 1226 1093 1265 in
1140 1225 1344 1279 triumpho
1387 1227 1517 1264 securi
1553 1226 1764 1278 percussit.

379 1286 514 1336 Quum
537 1286 676 1324 civitas
690 1284 917 1338 pestilentia
944 1283 1154 1331 laboraret,
1177 1284 1289 1322 missi
1312 1283 1443 1336 leqatz,
1467 1288 1513 1322 ut
1533 1282 1772 1336 Aesculapii

370 1345 526 1397 sianum
548 1343 721 1382 Romam
752 1341 802 1380 ab
822 1341 1040 1394 Epidauro
1068 1340 1345 1393 transferrent,
1368 1354 1550 1394 anyuem,
1572 1341 1644 1394 qui
1660 1354 1701 1379 se
1726 1341 1770 1379 in

371 1416 511 1441 navem
531 1414 665 1439 eorum
696 1399 928 1446 contulerat,
950 1399 992 1437 in
1020 1412 1096 1452 quo
1125 1399 1256 1451 ipsum
1277 1411 1421 1437 numen
1450 1411 1530 1436 esse
1549 1397 1768 1446 constabat,

371 1459 649 1511 deportavere:
693 1471 810 1510 eoque
842 1457 884 1495 in
918 1455 1092 1495 insulam
1137 1455 1292 1494 Tiberis
1326 1469 1490 1509 eyresso,
1526 1455 1656 1494 eodem
1689 1454 1771 1494 loco

372 1515 486 1554 aedes
518 1514 760 1567 Aesculapio
800 1519 1028 1553 consecrata
1063 1518 1130 1552 est.
1191 1512 1243 1552 L.
1267 1512 1499 1552 Postumius
1534 1512 1768 1560 consularis,

373 1573 573 1626 quoniam,
596 1585 717 1625 quum
743 1572 931 1610 exercitui
942 1576 1156 1624 praeesset,
1179 1584 1299 1623 opera
1326 1569 1496 1609 militum
1517 1570 1559 1609 in
1580 1584 1679 1623 aqro
1699 1583 1770 1609 suo

375 1643 469 1668 usus
496 1634 595 1675 erat,
617 1628 832 1667 damnatus
853 1633 918 1666 est.
990 1627 1091 1667 Cum
1120 1627 1368 1666 Samnitibus
1380 1641 1524 1680 pacem
1547 1627 1771 1680 petentibus

361 1687 512 1739 foedus
533 1691 677 1739 quarto
698 1690 928 1724 renovatum
949 1690 1015 1722 est.
1086 1682 1235 1723 Curius
1254 1684 1460 1723 Dentatus
1480 1683 1628 1732 consul,
1650 1683 1771 1723 Sam-

374 1744 520 1783 nitibus
561 1743 695 1789 caesis,
737 1747 773 1780 et
818 1741 991 1788 Sabinis,
1035 1742 1105 1794 qui
1148 1741 1444 1789 rebellaverant,
1485 1741 1611 1788 victis,
1652 1746 1691 1779 et
1728 1741 1771 1780 in

374 1801 606 1839 deditionem
642 1800 824 1852 acceptis,
862 1799 920 1837 bis
960 1799 1001 1837 in
1041 1798 1170 1836 eodem
1210 1799 1451 1851 mayistratu
1492 1797 1768 1850 triumphavit.

383 1857 569 1898 Coloniae
589 1856 778 1895 deductae
797 1861 902 1903 sunt,
928 1854 1129 1902 Castrum,
1157 1854 1276 1902 Sena,
1294 1854 1474 1894 Hadria.
1547 1854 1773 1894 Triumviri

376 1914 566 1968 capitales
587 1919 681 1952 tunc
694 1914 875 1966 primum
897 1913 1023 1951 creati
1041 1917 1143 1950 sunt.
1215 1910 1343 1951 Censu
1364 1917 1465 1959 acto,
1488 1911 1658 1951 lustrum
1679 1926 1771 1952 con-

375 1973 500 2011 ditum
523 1977 589 2010 est.
659 1969 787 2010 Censa
808 1975 903 2008 sunt
922 1970 1065 2008 civium
1080 1969 1215 2022 capita
1236 1969 1404 2008 ducenta
1417 1970 1672 2023 septuaqinta
1692 1969 1771 2009 duo

377 2030 514 2068 millia.
576 2027 695 2067 Plebs
728 2033 896 2080 propter
930 2041 997 2065 aes
1037 2026 1223 2074 alienum,
1254 2032 1349 2079 post
1377 2040 1523 2080 yraves
1557 2031 1596 2065 et
1634 2026 1772 2080 lonyas

375 2088 592 2133 seditiones,
615 2085 671 2124 acl
690 2084 872 2124 ultimum
892 2085 1047 2123 secessit
1065 2085 1106 2122 in
1128 2083 1357 2123 Ianiculum
1370 2098 1384 2123 .·
1417 2083 1520 2123 unde
1534 2098 1561 2122 a
1589 2083 1639 2132 Q.
1657 2083 1773 2124 Hor-

377 2146 498 2183 tensio
518 2144 709 2183 dictatore
733 2142 901 2181 deducta
923 2147 980 2180 est
990 2157 1005 2189 ,·
1036 2142 1145 2194 isque
1166 2142 1206 2180 in
1228 2142 1313 2194 ipso
1333 2142 1575 2194 mayistratu
1595 2141 1767 2181 decessit.

377 2202 458 2241 Res
502 2206 713 2254 praeterea
764 2205 902 2238 contra
960 2198 1217 2238 Volsinienses
1262 2204 1395 2251 ¹aestas
1435 2199 1629 2238 continet:
1680 2199 1771 2238 item

376 2260 567 2298 (edversus
606 2257 808 2304 Lucanos,
852 2262 990 2295 contra
1041 2270 1137 2309 quos
1177 2256 1371 2295 auxilium
1431 2255 1626 2295 Thurinis
1653 2256 1772 2309 ferre

373 2317 594 2369 placuerat.

744 2477 1052 2518 EPITOME
1079 2451 1265 2518 LIBRI
1290 2479 1399 2518 XII.

386 2593 582 2643 QUUM
611 2593 731 2646 leyati
765 2592 1040 2631 Romanorum
1075 2606 1101 2631 a
1148 2591 1282 2632 Gallis
1322 2591 1540 2632 Senonibus
1575 2593 1774 2645 interfecti

377 2657 512 2698 essent,
542 2650 637 2690 bello
670 2650 714 2688 ob
748 2650 791 2688 id
828 2649 961 2689 Gallis
994 2649 1152 2696 indicto,
1184 2649 1235 2688 L.
1263 2648 1459 2689 Caecilius
1484 2655 1652 2702 praetor
1681 2663 1770 2689 cum

379 2708 591 2760 leqionibus
626 2707 676 2746 ab
712 2708 759 2745 iis
801 2720 936 2745 caesus
976 2712 1042 2745 est.
1114 2706 1248 2755 Quum
1288 2721 1313 2745 a
1360 2707 1592 2746 Tarentinis
1632 2706 1769 2746 classis

377 2765 565 2803 Romana
595 2765 751 2816 direpta
782 2769 889 2811 esset,
911 2763 1133 2810 duumviro,
1156 2765 1226 2816 qui
1247 2769 1439 2817 praeerat
1469 2763 1599 2810 classi,
1631 2764 1766 2810 occiso,

377 2822 507 2873 leyatt,
530 2822 586 2859 ad
614 2836 675 2859 cos
704 2835 729 2859 a
762 2826 914 2865 senatu,
939 2826 982 2858 ut
1005 2821 1051 2859 de
1087 2822 1134 2859 iis
1160 2822 1317 2859 iniuriis
1353 2826 1621 2873 quererentur,
1645 2821 1765 2867 missi,

368 2878 526 2931 pulsati
545 2884 646 2915 sunt.
718 2878 777 2915 Oh
801 2878 842 2915 id
862 2877 1000 2916 hellam
1025 2878 1071 2915 iis
1098 2877 1285 2916 indis-tam
1309 2883 1373 2916 cst.
1443 2877 1640 2917 Samnites
1661 2877 1766 2928 defe-
