1934 3211
374 161 456 198 532
887 157 1035 199 ΤΙΤΙ
1078 157 1259 199 LIVII

162 254 206 284 U·
224 253 262 284 C·
280 262 354 292 441·
381 255 571 305 egerunt,
608 247 743 289 donec
785 248 836 289 ab
877 247 996 289 novis
1037 247 1278 290 consulibus
1313 247 1363 288 L.
1387 247 1558 304 Papirio
1594 246 1779 289 Cursore
1794 258 1814 290 6

160 297 200 370 ἲ·
216 296 264 369 Ιξὲ
282 304 354 367 ἓξὲξ·
382 306 592 362 quintum,
623 305 673 346 C.
693 305 818 346 Iunio
847 305 1041 347 Bubulco
1069 305 1236 356 iterum,
1259 305 1501 346 nominatus
1525 305 1706 346 dictator
1728 304 1780 346 C.

163 349 369 412 V'.C.Iiunio
382 363 595 405 Poetelius
626 378 723 404 cum
755 362 817 404 M.
838 362 976 404 Foslio
1004 364 1202 419 magistro
1230 363 1423 419 equitum
1452 363 1685 404 exercitum
1716 377 1786 404 ac-

165 424 214 454 Π-
229 424 319 471 Οῡὲδ-
383 421 506 478 cepit.
549 420 604 471 Is,
627 436 759 477 quum
780 420 964 461 audisset
985 436 1122 462 arcem
1144 420 1433 476 Fregellanam
1455 421 1506 462 ab
1527 420 1786 462 Samnitibus

164 467 334 540 ἕὲξὲξὲῗῧ
384 487 563 535 captam,
601 478 753 519 omisso
785 477 975 518 Boviano
1012 478 1065 518 ad
1098 478 1307 534 Fregellas
1339 478 1502 534 pergit:
1548 477 1677 527 unde,
1708 492 1787 518 no-

303 532 311 540 ’
384 545 530 578 cturna
566 535 818 577 Samnitium
846 535 944 590 fuga
977 535 1066 575 sine
1099 535 1327 576 certamine
1361 535 1539 591 receptis
1571 535 1786 591 Fregellis,

384 593 677 651 praesidioque
728 591 867 632 valido
918 592 1127 647 imposito,
1174 592 1219 632 in
1273 591 1552 648 Campaniam
1602 593 1788 633 reditum

385 651 566 693 maxime
590 650 642 690 ad
666 649 822 690 Nolam
844 649 968 689 armis
989 649 1275 704 repetendam.
1325 649 1391 690 Eo
1412 665 1454 690 se
1476 650 1585 691 intra
1606 649 1787 699 moenia,

386 709 463 750 sub
485 708 713 748 adventum
735 706 961 755 dictatoris,
985 714 1027 747 et
1052 706 1305 747 Samnitium
1327 707 1464 747 omnis
1489 707 1718 748 multitudo
1747 715 1790 748 et

388 765 547 807 Nolani
575 772 758 819 agrestes
785 762 1061 804 contulerant.
1114 763 1337 814 [Dictator,
1359 763 1474 805 urbis
1502 764 1583 805 situ
1611 764 1790 805 circum-

387 831 543 879 spectO,
567 837 652 877 quo
674 821 856 877 apertior
876 820 1014 861 aditus
1036 821 1089 862 ad
1110 821 1279 862 moenia
1299 829 1420 871 esset,
1438 821 1580 862 omnia
1600 821 1792 863 aedificia

387 881 452 935 (et
471 879 717 934 frequenter
738 878 797 919 ibi
818 878 1105 934 habitabatur)
1127 879 1396 920 circumiecta
1421 879 1550 920 muris
1571 879 1787 920 incendit:

386 953 466 979 nec
488 937 546 977 ita
566 936 700 977 multo
721 944 828 992 post,
852 936 937 977 sive
961 952 985 977 a
1005 936 1198 977 Poetelio
1221 936 1437 986 dictatore,
1460 936 1546 977 sive
1568 936 1619 977 ab
1644 934 1695 977 C.
1718 935 1792 977 Iu-

386 995 459 1036 nio
481 993 653 1035 consule
675 994 792 1049 (nam
815 1002 1042 1049 utrumque
1067 993 1265 1049 traditur)
1288 993 1401 1035 Nola
1421 1002 1484 1035 est
1505 1001 1638 1050 capta.
1703 993 1792 1041 Qui

388 1060 533 1108 captae
556 1051 684 1092 decus
703 1050 839 1092 Nolae
862 1051 916 1092 ad
937 1050 1153 1092 consulem
1175 1051 1359 1101 trahunt,
1377 1051 1596 1102 adiiciunt,
1615 1050 1792 1092 Atinam

390 1118 433 1151 et
457 1108 666 1150 Calatiam
688 1109 739 1150 ab
761 1109 911 1150 eodem
933 1117 1097 1165 captas;
1121 1108 1360 1150 Poetelium
1381 1116 1535 1159 autem,
1552 1108 1794 1165 pestilentia

390 1176 492 1216 orta,
530 1166 636 1208 clavi
672 1166 832 1222 figendi
873 1182 997 1207 causa
1036 1166 1285 1207 dictatorem
1321 1167 1494 1208 dictum.
1560 1165 1711 1208 Suessa
1750 1173 1793 1206 et
1808 1182 1825 1216 7

389 1224 568 1265 Pontiae
613 1224 763 1265 eodem
810 1239 921 1265 anno
964 1223 1151 1265 coloniae
1195 1224 1403 1265 deductae
1449 1231 1558 1265 sunt.
1644 1223 1826 1265 SuessaS

390 1282 693 1323 Auruncorum
733 1282 880 1323 fuerat.
955 1281 1098 1323 Volsci
1139 1281 1326 1332 Pontias,
1367 1281 1547 1323 insulam
1587 1280 1708 1322 sitam
1748 1281 1794 1321 in

391 1348 619 1396 conspectu
647 1339 780 1380 litoris
809 1339 885 1389 sui,
908 1339 1182 1380 incoluerant.
1246 1339 1316 1389 Et,
1340 1339 1584 1380 Interamna
1607 1347 1650 1379 et
1674 1337 1795 1379 Casi-

391 1413 495 1438 num
531 1406 579 1438 ut
615 1397 927 1438 deducerentur
962 1396 1162 1447 coloniae,
1198 1396 1605 1438 senatusconsultum
1636 1396 1795 1437 factum

177 1469 220 1500 U.
237 1468 275 1499 C.
293 1477 365 1506 44²-
393 1463 477 1495 est:
506 1454 580 1495 sed
601 1455 840 1495 triumviros
861 1469 1065 1504 creavere,
1088 1469 1135 1495 ac
1157 1455 1307 1496 misere
1329 1454 1574 1496 colonorum
1595 1461 1796 1510 quattuor

173 1513 213 1542 A.
236 1512 365 1583 ξιξ-1319·
392 1511 523 1552 millia
544 1512 814 1567 insequentes
835 1512 1026 1553 consules
1048 1511 1110 1553 M.
1127 1511 1335 1561 Valerius,
1358 1512 1407 1553 P.
1427 1512 1599 1553 Decius.

173 1555 381 1627 {Dgcffim’
451 1569 680 1623 Profligato
700 1569 785 1609 fere
815 1569 1067 1610 Samnitium
1095 1569 1218 1618 bello,
1241 1570 1485 1625 priusquam
1515 1585 1565 1610 ea
1595 1583 1695 1610 cura
1721 1567 1796 1609 de-

175 1639 264 1670 Coss.
394 1626 564 1667 cederet
595 1625 790 1666 Patribus
825 1626 1041 1675 Romanis,
1076 1626 1242 1667 Etrusci
1274 1627 1374 1668 belli
1400 1627 1512 1668 fama
1543 1634 1689 1668 exorta
1719 1633 1792 1667 est.

246 1683 313 1722 29.
396 1683 490 1725 Nec
513 1691 601 1724 erat
622 1698 672 1723 ea
692 1691 940 1738 tempestate
962 1698 1064 1738 gens
1090 1683 1181 1732 alia,
1205 1684 1324 1724 cuius
1352 1684 1586 1724 secundum
1610 1682 1796 1724 Gallicos

394 1740 600 1782 tumultus
622 1755 736 1781 arma
756 1740 1005 1781 terribiliora
1025 1748 1175 1789 essent,
1199 1755 1330 1796 quum
1356 1740 1670 1796 propinquitate
1691 1740 1794 1795 agri,

395 1807 486 1839 tum
522 1797 794 1839 multitudine
831 1797 1063 1838 hominum.
1127 1797 1291 1853 Itaque,
1329 1798 1459 1839 altero
1495 1797 1716 1839 consulum
1749 1797 1797 1838 in

398 1855 570 1897 Samnio
595 1855 792 1911 reliquias
816 1854 916 1896 belli
941 1863 1234 1911 persequente,
1258 1855 1306 1896 P.
1326 1855 1499 1905 Decius,
1522 1855 1596 1911 qui
1616 1855 1798 1911 graviter
1864 1902 1866 1905 ¹

396 1928 520 1968 aeger
535 1913 697 1953 Romae
712 1912 932 1962 restiterat,
948 1920 1117 1953 auctore
1135 1920 1284 1953 senatu
1296 1912 1545 1954 dictatorem
1561 1912 1612 1954 C.
1623 1912 1796 1953 Iunium
1809 1928 1829 1960 9

398 1969 638 2011 Bubulcum
660 1969 779 2010 dixit.
823 1969 877 2019 Is,
895 1978 1019 2025 prout
1035 1969 1095 2010 rei
1112 1969 1360 2026 magnitudo
1380 1969 1630 2026 postulabat,
1651 1984 1798 2012 omnes

397 2028 580 2069 iuniores
601 2035 861 2068 sacramento
883 2027 1039 2083 adigit:
1075 2042 1201 2077 arma,
1224 2043 1417 2084 quaeque
1447 2027 1528 2069 alia
1556 2042 1622 2069 res
1648 2027 1796 2083 poscit,

398 2100 562 2126 summa
593 2084 801 2126 industria
831 2093 975 2141 parat:
1009 2100 1088 2126 nec
1122 2085 1248 2126 tantis
1280 2085 1548 2142 apparatibus
1580 2084 1713 2126 elatus
1743 2084 1798 2126 de

398 2142 618 2184 inferendo
638 2142 750 2184 bello
767 2142 907 2198 agitat,
926 2142 1146 2198 quieturus
1166 2142 1281 2184 haud
1297 2143 1438 2193 dubie,
1456 2143 1537 2184 nisi
1557 2142 1668 2184 ultro
1683 2157 1800 2184 arma

399 2200 566 2241 Etrusci
599 2200 813 2241 inferrent.
878 2199 1039 2241 Eadem
1075 2200 1121 2241 in
1156 2200 1438 2257 comparando
1474 2199 1798 2256 cohibendoque

440 2313 460 2345 6
482 2315 584 2344 Novis
607 2314 806 2350 consulibus]
834 2312 886 2342 Ad
913 2312 999 2342 hunc
1021 2322 1075 2342 an·
1122 2316 1233 2343 contra
1250 2313 1466 2353 Agathoclem
1481 2313 1647 2346 miserant.
1693 2313 1799 2351 Quin-

397 2367 476 2386 num
493 2357 597 2396 legem
608 2356 835 2386 Poeteliamde
850 2356 952 2391 nervis,
962 2358 1077 2394 utpote
1121 2354 1219 2385 etiam
1250 2355 1379 2386 Etrusci
1407 2356 1543 2387 navibus
1573 2358 1741 2396 pollebant
1767 2361 1800 2388 et

398 2409 482 2438 quae
505 2409 524 2428 a
547 2398 703 2428 dictatore
721 2397 867 2427 Poetelio
890 2397 1015 2436 perlata
1030 2407 1075 2427 es-
1120 2401 1247 2427 tantum
1272 2408 1336 2428 non
1359 2399 1484 2429 bellum
1506 2399 1664 2430 Romanis
1685 2399 1799 2430 infere-

398 2445 458 2478 set,
490 2441 691 2471 referendam
721 2443 830 2470 censet
860 2439 997 2471 Niebhr.
1036 2439 1075 2470 cf.
1120 2440 1208 2470 bant.
1235 2440 1428 2471 SedPontia
1440 2442 1799 2481 plur.MSS.exhibent.

400 2494 486 2523 supr.
505 2483 568 2514 viii.
587 2485 637 2514 28.
1173 2492 1192 2522 9
1220 2484 1419 2515 Dictatorem
1450 2485 1484 2515 O.
1511 2485 1648 2515 Iunium
1676 2485 1799 2516 Bubul-

445 2534 462 2565 7
484 2527 619 2564 Suessa]
658 2524 805 2555 Maximo
831 2524 983 2554 intererat
1011 2524 1076 2554 Ro·
1121 2526 1211 2563 cum]
1257 2525 1324 2555 Hic
1354 2526 1490 2556 miratur
1517 2526 1710 2565 Glareanus,
1739 2537 1800 2558 nee

399 2578 581 2605 manorum,
606 2572 641 2597 ut
671 2567 831 2606 praesidia
862 2566 969 2596 valida
999 2567 1079 2597 fines
1123 2566 1190 2597 sine
1206 2577 1314 2604 causa,
1330 2568 1489 2599 nominari
1511 2579 1531 2599 a
1553 2569 1646 2600 Livio
1665 2569 1799 2601 dictato-

401 2610 596 2641 Samnitium
614 2610 787 2639 firmarent.
1123 2619 1189 2639 rem
1207 2609 1273 2639 sine
1289 2610 1441 2649 magistro
1457 2611 1614 2650 equitum.
1653 2612 1717 2643 Sed
1732 2622 1799 2643 mo-

443 2654 462 2683 8
485 2654 641 2690 Pontiae]
673 2652 805 2682 Insulae
827 2655 892 2681 tres
913 2651 964 2682 vel
986 2654 1075 2690 quat-
1120 2655 1176 2682 net
1193 2651 1342 2691 Sigonius
1363 2652 1396 2682 in
1416 2653 1521 2684 Fastis
1537 2653 1732 2693 Capitolinis
1747 2654 1799 2686 edi

401 2699 474 2725 tuor
490 2695 522 2725 in
539 2695 610 2725 sinu
628 2694 813 2731 Formiano,
830 2704 964 2733 quarum
987 2704 1075 2724 max·
1120 2694 1154 2724 in
1175 2694 1263 2725 hunc
1285 2705 1408 2725 annum
1430 2695 1620 2727 dictatorem
1636 2697 1674 2729 C.
1691 2697 1799 2737 Sulpi-

401 2737 467 2767 ima
495 2737 624 2775 Pontia,
639 2737 714 2768 hod.
735 2739 861 2767 Ponza.
909 2737 981 2766 Has
1004 2746 1078 2766 vero
1123 2736 1209 2767 cium
1227 2736 1376 2777 Longum
1393 2748 1467 2768 cum
1485 2738 1636 2778 magistro
1653 2739 1801 2780 equitum

402 2778 522 2809 insulas
538 2779 703 2818 praesidiis
719 2780 922 2818 occupabant
936 2778 1078 2809 Romani
1124 2780 1162 2810 C.
1189 2779 1286 2810 Iunio
1310 2780 1480 2811 Bubulco:
1517 2785 1615 2820 atque
1641 2782 1682 2812 ad
1712 2782 1799 2812 hunc

404 2820 434 2849 in
454 2825 577 2851 metum
598 2822 676 2851 belli
697 2821 849 2852 maritimi
866 2832 939 2852 curn
957 2821 1077 2852 Taren·
1122 2822 1256 2852 modum
1286 2822 1509 2863 refingendum
1537 2833 1605 2854 esse
1631 2824 1716 2863 quod
1745 2823 1799 2854 hic

402 2862 489 2898 finis,
504 2863 558 2901 qui
578 2865 672 2893 rebus
688 2863 818 2894 Siciliae
841 2864 905 2894 iam
929 2874 997 2894 sese
1020 2864 1077 2894 im·
1122 2864 1155 2894 in
1173 2864 1267 2895 Livio
1283 2865 1429 2905 peccavit
1450 2865 1651 2898 librariorum
1674 2875 1803 2898 manust

403 2903 581 2934 miscebant
601 2908 632 2934 et
654 2905 765 2943 viginti
788 2906 919 2936 navium
943 2907 1077 2937 classem
1123 2906 1229 2938 Cnav.
