1934 3211
576 184 702 226 LIB.
745 184 802 226 ΙΙ.
848 184 994 227 CAP.
1038 188 1103 229 27.
1458 192 1533 230 101

152 276 248 326 suis,
277 275 502 331 imperator
530 274 743 316 militibus.
805 274 1038 316 Movebant
1061 275 1276 317 consulem
1301 277 1430 327 haec3
1462 278 1536 320 sed
1551 285 1594 317 U.
1611 286 1650 318 c.
1669 295 1740 329 ²59-

151 342 192 376 te
243 332 410 374 ‘versari
448 347 513 374 res
551 333 749 389 cogebat:
802 332 908 374 adeo
947 333 992 374 in
1031 332 1205 374 alteram
1244 347 1410 375 causam
1449 351 1536 378 non
1550 329 1589 360 Α·
1613 329 1650 361 C.
1667 339 1739 372 ⁴93·

149 405 200 433 co
231 405 309 447 ega
339 389 474 432 solum
505 405 703 447 praeceps
735 390 852 440 ierat,
888 389 963 432 sed
993 391 1128 432 omnis
1161 390 1286 432 factio
1318 392 1533 434 nobilium.

150 447 228 498 Ita,
262 447 450 489 medium
481 463 524 489 se
559 447 758 504 gerendo,
792 463 871 489 nee
910 447 1042 504 plebis
1081 448 1227 489 vitavit
1266 448 1425 499 odium,
1457 465 1536 492 nec

117 519 136 551 3
148 505 262 562 apud
282 504 427 547 Patres
446 505 621 562 gratiam
634 505 740 546 iniit.
803 505 950 547 Patres
969 505 1138 547 mollem
1155 506 1370 548 consulem
1385 516 1428 548 et
1448 522 1536 548 am-

115 562 345 606 4bitiosum
358 563 455 613 rati3
487 562 631 620 plebes
650 563 856 605 fallacem:
888 563 1088 619 brevique
1109 564 1314 620 apparuit,
1337 579 1535 621 aequasse

147 635 246 662 eum
282 620 413 677 Appii
444 621 600 663 odium.
665 620 893 663 Certamen
924 621 1163 663 consulibus
1192 622 1408 672 inciderat,
1440 632 1535 664 uter

115 692 134 725 5
147 677 360 720 dedicaret
382 677 585 720 Mercurii
610 679 769 720 aedem.
834 678 1010 721 Senatus
1031 694 1055 720 a
1075 694 1118 721 se
1146 694 1235 721 rem
1255 679 1309 720 ad
1328 680 1534 736 populum

145 735 312 778 reiecit:
346 736 429 777 utri
449 751 594 778 eorum
623 736 831 778 dedicatio
858 737 972 778 iussu
995 737 1141 794 populi
1168 737 1266 778 data
1292 747 1411 788 esset,
1435 753 1531 779 eum

113 778 335 862 {praeesse
356 809 561 844 annonae,
584 803 861 836 mercatorum
884 794 1106 851 collegium
1127 795 1358 846 instituere,
1380 795 1532 838 sollen-

113 851 215 896 ania
244 866 320 908 pro
350 852 548 908 pontifice
579 852 697 893 iussit
726 854 946 909 suscipere.
1010 852 1196 909 Populus
1223 853 1532 896 dedicationem

113 909 261 957 9aedis
290 909 363 951 dat
395 909 457 951 M.
485 909 696 960 Laetorio,
722 911 847 967 primi
877 910 951 967 pili
977 911 1235 952 centurioni:
1269 911 1384 967 quod
1411 911 1532 954 facile

145 976 375 1024 appareret,
409 983 495 1009 non
532 977 617 1009 tam
658 968 711 1009 ad
746 968 949 1010 honorem
982 969 1083 1018 eius,
1120 969 1188 1011 cui
1221 969 1379 1011 curatio
1411 969 1534 1011 altior

144 1023 307 1081 fastigio
328 1040 403 1067 suo
425 1025 522 1066 data
542 1035 661 1075 esset,
683 1026 852 1076 factum,
876 1041 1002 1083 quam
1034 1026 1086 1068 ad
1108 1027 1326 1068 consulum
1354 1027 1533 1084 ignomi-

117 1095 130 1117 1
145 1082 270 1124 niam.
335 1082 502 1125 Saevire
525 1083 622 1125 inde
644 1084 790 1140 utique
811 1084 1029 1125 consulum
1051 1084 1154 1126 alter
1175 1084 1425 1141 Patresque:
1459 1085 1533 1127 sed

144 1139 258 1196 plebi
279 1151 495 1182 creverant
520 1141 676 1191 animi3
709 1151 752 1182 et
772 1141 895 1198 longe
917 1142 1009 1191 alia,
1033 1158 1159 1198 quam
1181 1143 1314 1199 primo
1336 1143 1533 1185 institue-

144 1207 252 1248 rant,
288 1199 355 1240 via
388 1200 690 1255 grassabantur.
754 1199 987 1256 Desperato
1019 1201 1132 1241 enim
1165 1199 1383 1242 consulum
1414 1216 1534 1242 sena-

145 1264 297 1312 tusque
319 1256 488 1305 auxilio,
511 1272 641 1313 quum
665 1258 707 1298 in
728 1257 792 1298 ius
809 1258 905 1299 duci
920 1257 1152 1299 debitorem
1173 1258 1386 1308 vidissent,
1409 1259 1534 1300 undi-

146 1328 229 1369 que
250 1314 538 1356 convolabant.
602 1314 756 1372 Neque
779 1315 995 1356 decretum
1019 1315 1208 1356 exaudiri
1230 1315 1409 1357 consulis
1434 1332 1532 1373 prae

145 1372 322 1428 strepitu
350 1381 392 1413 et
412 1372 591 1413 elamore
620 1382 806 1428 poterat:
841 1388 994 1428 neque,
1017 1388 1147 1428 quum
1177 1372 1396 1423 decresset,
1419 1375 1532 1430 quis-

145 1443 272 1484 quam
311 1430 635 1486 obtemperabat.
703 1430 759 1470 Vi
799 1430 1011 1486 agebatur,
1054 1439 1273 1486 metusque
1314 1431 1450 1472 omnis
1490 1441 1533 1473 et

114 1486 377 1543 2periculum
405 1487 619 1537 libertatis,
642 1502 773 1544 quum
799 1487 843 1528 in
867 1496 1095 1544 conspeetu
1123 1487 1303 1529 consulis
1325 1488 1479 1545 singuli
1509 1505 1534 1531 a

186 1677 204 1708 3
225 1669 453 1707 Ambitiomm]
482 1667 675 1708 Aucupandi
699 1667 816 1698 favoris

143 1711 306 1752 popularis
322 1711 486 1752 cupidum.
511 1712 616 1743 Ciu-w.

185 1766 205 1794 4
232 1757 395 1795 Aequas-se
421 1755 509 1792 eum]
554 1754 639 1784 Eum
665 1764 729 1784 non
757 1753 815 1783 mi-

142 1807 202 1828 nus
223 1796 358 1827 invisum
383 1808 451 1828 esse
476 1797 608 1837 populo,
628 1807 724 1836 quam
750 1797 814 1836 Ap-

144 1839 242 1880 pium.
266 1841 372 1872 Casv.

186 1892 203 1922 5
228 1884 399 1914 Dedit-aret
414 1884 575 1914 Alercurii
592 1883 716 1921 aedem]
746 1883 814 1913 Ilu-

143 1924 192 1956 ius
207 1925 415 1957 dedicationis
431 1925 551 1956 mentio
575 1926 637 1956 iam
662 1926 745 1956 facta
767 1929 814 1956 est

142 1978 228 2009 supr.
252 1979 300 2000 τι.
327 1969 381 1999 sed
406 1968 458 1999 hic
481 1979 598 2008 nempe
623 1968 723 1998 fusius
745 1978 814 1998 nar-

143 2016 231 2042 ratur
246 2011 290 2047 id,
305 2012 390 2051 quod
411 2011 477 2042 illic
497 2022 561 2042 uno
576 2015 702 2042 tantum
720 2012 814 2042 verbo

143 2053 319 2085 indicatum
337 2055 450 2086 fuerat.
474 2056 580 2091 Canv.

191 2096 212 2128 6
242 2098 393 2128 l’raecase
422 2098 588 2134 annonae]
633 2095 815 2126 Verisimile

144 2144 192 2170 est
221 2141 418 2180 praesectum
449 2150 598 2169 annonae
629 2138 730 2179 primo
761 2149 815 2168 an-

145 2192 244 2213 nuum
274 2182 369 2212 fuisse
399 2182 632 2220 magistratum,
658 2182 711 2211 sed
745 2186 815 2220 post

144 2236 218 2256 ann.
250 2234 309 2264 3¹5
339 2225 378 2256 U.
398 2227 436 2256 C.
466 2225 513 2255 vel
542 2224 637 2255 etiam
668 2224 763 2264 prius,
789 2223 814 2253 si

148 2267 287 2299 Plinium
306 2268 348 2298 ll.
365 2267 407 2298 N.
426 2268 512 2298 xviii.
526 2279 554 2306 4.
578 2267 758 2304 audiamus,
771 2266 813 2297 rei

144 2310 369 2341 frumentariae
390 2311 587 2341 cur-ationem
611 2310 730 2340 aediles
750 2320 815 2339 sus-

144 2359 313 2394 ceperunt;
348 2359 488 2393 potesta-⁴
518 2359 624 2383 tamen
656 2353 813 2392 quaedam

144 2396 394 2427 extraordinaria
437 2397 611 2436 aliquando
652 2396 815 2435 praesecto

144 2439 337 2470 demandata
352 2444 409 2470 est.
435 2439 570 2470 Niebhr.
587 2439 605 2470 i.
624 2449 654 2478 p.
673 2440 742 2478 589.

189 2489 207 2522 7
230 2483 448 2513 stlerculornm
468 2483 649 2521 collefyirtm]
683 2481 749 2517 Qui
774 2481 814 2511 ad

145 2524 256 2555 nedem
282 2524 431 2555 Mercurii
455 2524 548 2555 certis
568 2524 679 2554 diebus
701 2534 813 2554 eonve-

146 2565 287 2602 nit-bant,
306 2569 390 2598 unde
412 2573 445 2598 et
467 2567 618 2598 dicuntur
633 2568 814 2598 Δίον-συνία-

146 2610 190 2639 les
206 2609 245 2639 cf.
262 2609 330 2641 Cic.
347 2613 414 2646 Qu.
434 2611 518 2641 Frat.
536 2610 566 2640 ii.
585 2619 612 2649 5.

190 2654 208 2680 8
233 2652 395 2683 sollennia
408 2664 468 2693 pro
484 2654 633 2693 pontifice
649 2676 657 2683 .
674 2675 681 2683 .
700 2676 707 2682 .
725 2676 732 2683 .
747 2663 813 2682 sum-

144 2695 267 2734 m‘prrovl
297 2695 480 2730 Celebrate,
497 2700 662 2735 praesente
678 2699 709 2725 et
727 2705 812 2734 prue-

146 2743 242 2767 eunte
261 2737 421 2776 pontifico,
433 2739 589 2777 ‹puwdam
607 2748 694 2767 saera
709 2737 813 2776 aii-pi-

145 2781 267 2810 candnc
291 2779 363 2810 huic
386 2780 510 2819 collegii
535 2785 745 2810 mercatorum
770 2779 813 2809 in-

144 2822 313 2853 stitutioni.
363 2823 491 2862 Nempe
512 2833 570 2862 pro
593 2824 740 2862 pontifico*
764 2821 814 2851 hic

144 2865 291 2899 sumitur.
307 2866 577 2905 qnemmlnuulum
592 2866 656 2895 fere
670 2865 755 2904 apud
778 2866 813 2895 Λ.

145 2908 233 2939 (3011.
252 2919 301 2938 xv.
320 2917 368 2947 27.
383 2920 442 2947 pro
456 2909 592 2947 mlle-5110.
642 2908 691 2938 lm
707 2913 815 2939 censet

148 2951 272 2986 nonius.
292 2951 430 2982 Exi-reu.
452 2951 534 2982 iiiut.
549 2951 587 2981 de
605 2951 715 2990 pontif.
731 2960 814 2981 max.

860 1679 888 1706 4.
914 1669 1019 1699 Cnlzv.

903 1722 922 1752 9
946 1712 1051 1741 l’rimi
1062 1712 1122 1752 pili
1138 1713 1334 1750 centurioni]
1356 1714 1533 1753 I’rn‘mipili

859 1755 1003 1785 centurio
1026 1759 1092 1784 erat
1117 1754 1261 1785 centurio
1285 1755 1377 1794 primi
1395 1755 1531 1786 Triario-

859 1807 927 1827 rum
959 1797 1087 1833 ordinis,
1113 1797 1258 1837 adeoque
1289 1798 1410 1837 primus
1435 1799 1533 1830 totius

860 1839 992 1878 legionis
1007 1839 1160 1871 centurio.
1208 1840 1315 1871 Huius
1334 1852 1449 1881 magna
1464 1847 1532 1873 erat

859 1882 1009 1919 dignatio.
1049 1883 1182 1914 Consilii
1199 1884 1359 1924 particeps
1375 1889 1451 1916 erat.
1489 1886 1531 1915 Α-

857 1925 964 1965 quilae
991 1930 1057 1956 emt
1090 1926 1296 1966 praepositus
1355 1927 1533 1958 Dicebatur

860 1968 952 2008 primi
968 1968 1023 2008 pili
1041 1969 1196 2005 centurio,
1208 1969 1295 2009 quasi
1310 1970 1453 2001 centurio
1471 1971 1530 2010 pri—

858 2011 900 2040 mi
918 2010 1037 2041 ordinis
1055 2011 1251 2042 l'ilanorum.
1297 2012 1411 2043 Triarii
1433 2014 1531 2051 enim,

858 2053 932 2092 quia
948 2054 1125 2093 antiquitus
1149 2055 1310 2093 proprium
1329 2055 1468 2094 ipsorum
1486 2061 1530 2086 te-

860 2096 926 2126 lum
960 2096 1060 2135 pilum
1088 2102 1166 2133 erat,
1195 2097 1295 2127 l’ilani
1326 2099 1531 2133 vocabantur.

859 2143 940 2168 teste
969 2139 1058 2170 Varr.
1083 2151 1111 2177 4.
1140 2139 1179 2169 de
1206 2139 1311 2177 lingna
1340 2139 1410 2171 Lat.
1456 2141 1530 2172 vid.

859 2181 928 2212 infr.
948 2181 1010 2212 viii.
1027 2184 1055 2212 8.
1094 2182 1305 2212 Observatum
1323 2188 1370 2212 est
1385 2193 1404 2213 a
1422 2183 1531 2223 Lipsio

859 2224 942 2254 hane
968 2223 1211 2254 vetustissimam
1236 2236 1302 2254 exse
1331 2225 1423 2255 huius
1449 2226 1529 2256 ordi-

859 2266 906 2297 nis
923 2267 1129 2297 mentionem.
1179 2267 1251 2297 vid.
1272 2267 1356 2307 Lips.
1374 2269 1414 2298 ‹le
1433 2269 1529 2300 Milit.

862 2311 956 2340 Rom.
981 2310 1011 2340 ii.
1035 2310 1109 2340 dial.
1133 2313 1161 2341 8.
1186 2311 1290 2341 Cam.
1339 2311 1528 2342 Admiratio-

860 2363 931 2382 nem
950 2358 1055 2382 movet
1076 2353 1436 2392 Nil-buinio,quomodo
1453 2355 1528 2385 Lae-

859 2395 952 2431 torio,
969 2400 1002 2425 ut
1018 2395 1070 2435 qui
1094 2397 1234 2435 plebeius
1257 2402 1350 2430 esset,
1371 2396 1529 2427 dedicatio

857 2438 946 2468 aedis
968 2450 986 2468 a
1008 2439 1135 2478 populo.
1157 2450 1197 2468 μς.
1220 2439 1360 2477 patribus
1383 2439 1528 2469 eurintim

859 2481 1052 2516 eom'oeatis,
1079 2481 1247 2510 cnmmism
1273 2481 1322 2512 nit.
1351 2481 1484 2513 Niebhr.
1509 2482 1528 2514 i.

861 2534 889 2563 p.
909 2526 979 2564 589.

907 2576 915 2596 1
949 2568 1065 2606 Is'tn'que'
1079 2567 1240 2596 normulam
1258 2568 1355 2605 aller}
1385 2566 1529 2598 Maxime

859 2610 1025 2639 consulum
1043 2609 1133 2642 niter.
1151 2620 1266 2648 nempe
1286 2610 1427 2649 Appius:
1454 2621 1527 2640 uum

859 2651 1011 2682 Servilius
1042 2651 1170 2681 mollius
1195 2652 1421 2682 contumelium
1452 2653 1527 2684 fere-

860 2695 922 2725 bat.
947 2696 1051 2724 Fam.

907 2748 918 2767 2
945 2738 1130 2774 Libertatis-1
1160 2737 1249 2767 llaec
1267 2748 1325 2767 vox
1345 2737 1468 2769 ridetur
1484 2749 1525 2769 re-

858 2780 1003 2809 necanda.
1061 2779 1211 2810 'i‘erntatur
1242 2780 1422 2811 Gronovius
1456 2792 1526 2812 etun

858 2823 967 2852 nbi-sue
993 2833 1012 2851 a
1043 2823 1235 2853 nwnmmnin
1264 2823 1465 2858 Florentinis,
1490 2835 1526 2854 ae

859 2876 934 2895 mirre
964 2876 1001 2895 ea
1029 2866 1154 2896 sublata
1179 2876 1289 2897 seimus
1314 2872 1360 2898 est
1389 2878 1525 2898 commo-

859 2907 936 2938 dior.
961 2909 1066 2938 (flam.
