<?xml version="1.0" encoding="UTF-8"?>
<!DOCTYPE html PUBLIC "-//W3C//DTD XHTML 1.0 Transitional//EN"
    "http://www.w3.org/TR/xhtml1/DTD/xhtml1-transitional.dtd">
<html xmlns="http://www.w3.org/1999/xhtml" xml:lang="en" lang="en">
 <head>
  <title>
</title>
<meta http-equiv="Content-Type" content="text/html;charset=utf-8" />
  <meta name='ocr-system' content='tesseract 3.04.00' />
  <meta name='ocr-capabilities' content='ocr_page ocr_carea ocr_par ocr_line ocrx_word'/>
</head>
<body>
  <div class='ocr_page' id='page_1' title='image "./historiarumli01livyuoft_0104.png"; bbox 0 0 1934 3211; ppageno 0'>
   <div class='ocr_carea' id='block_1_1' title="bbox 387 183 1262 226">
    <p class='ocr_par' dir='ltr' id='par_1_1' title="bbox 387 183 1262 226">
     <span class='ocr_line' id='line_1_1' title="bbox 387 183 1262 226; baseline 0.001 -1"><span class='ocrx_word' id='word_1_1' title='bbox 387 187 438 225; x_wconf 83' lang='lat'>92</span> <span class='ocrx_word' id='word_1_2' title='bbox 842 195 850 198; x_wconf 83' lang='lat'><strong>·</strong></span> <span class='ocrx_word' id='word_1_3' title='bbox 896 183 1042 226; x_wconf 91' lang='grc' dir='ltr'><strong>ΤΙΤΙ</strong></span> <span class='ocrx_word' id='word_1_4' title='bbox 1083 184 1262 226; x_wconf 82' lang='lat' dir='ltr'><strong>LIVII</strong></span> 
     </span>
    </p>
   </div>
   <div class='ocr_carea' id='block_1_2' title="bbox 165 271 1808 1821">
    <p class='ocr_par' dir='ltr' id='par_1_2' title="bbox 165 271 1804 501">
     <span class='ocr_line' id='line_1_2' title="bbox 167 271 1804 338; baseline 0.003 -30"><span class='ocrx_word' id='word_1_5' title='bbox 167 278 210 308; x_wconf 99' lang='lat' dir='ltr'>L.</span> <span class='ocrx_word' id='word_1_6' title='bbox 229 278 266 308; x_wconf 69' lang='lat' dir='ltr'>t.</span> <span class='ocrx_word' id='word_1_7' title='bbox 286 288 358 317; x_wconf 79' lang='lat'>253</span> <span class='ocrx_word' id='word_1_8' title='bbox 383 286 461 312; x_wconf 86' lang='lat' dir='ltr'>nec</span> <span class='ocrx_word' id='word_1_9' title='bbox 490 271 644 327; x_wconf 90' lang='lat' dir='ltr'>quibus</span> <span class='ocrx_word' id='word_1_10' title='bbox 674 272 927 323; x_wconf 83' lang='lat' dir='ltr'>consulibus,</span> <span class='ocrx_word' id='word_1_11' title='bbox 950 273 1048 328; x_wconf 88' lang='lat' dir='ltr'>quia</span> <span class='ocrx_word' id='word_1_12' title='bbox 1076 289 1129 314; x_wconf 82' lang='lat' dir='ltr'>ex</span> <span class='ocrx_word' id='word_1_13' title='bbox 1154 273 1334 314; x_wconf 82' lang='lat' dir='ltr'>factione</span> <span class='ocrx_word' id='word_1_14' title='bbox 1363 272 1595 338; x_wconf 79' lang='lat' dir='ltr'>Tarquinia</span> <span class='ocrx_word' id='word_1_15' title='bbox 1620 282 1770 322; x_wconf 81' lang='lat' dir='ltr'>essent,</span> <span class='ocrx_word' id='word_1_16' title='bbox 1787 285 1804 318; x_wconf 89' lang='lat'><strong>7</strong></span> 
     </span>
     <span class='ocr_line' id='line_1_3' title="bbox 166 322 1772 396; baseline 0.006 -35"><span class='ocrx_word' id='word_1_17' title='bbox 166 322 204 350; x_wconf 81' lang='lat' dir='ltr'><strong>A</strong></span> <span class='ocrx_word' id='word_1_18' title='bbox 229 322 266 351; x_wconf 75' lang='lat' dir='ltr'>C..</span> <span class='ocrx_word' id='word_1_19' title='bbox 285 331 357 362; x_wconf 83' lang='lat'>499·</span> <span class='ocrx_word' id='word_1_20' title='bbox 383 328 449 385; x_wconf 85' lang='lat' dir='ltr'>(id</span> <span class='ocrx_word' id='word_1_21' title='bbox 481 345 649 385; x_wconf 90' lang='lat' dir='ltr'>quoque</span> <span class='ocrx_word' id='word_1_22' title='bbox 681 330 794 371; x_wconf 89' lang='lat' dir='ltr'>enim</span> <span class='ocrx_word' id='word_1_23' title='bbox 827 330 1024 387; x_wconf 83' lang='lat' dir='ltr'><strong>traditur)</strong></span> <span class='ocrx_word' id='word_1_24' title='bbox 1053 346 1200 396; x_wconf 78' lang='lat' dir='ltr'>palum</span> <span class='ocrx_word' id='word_1_25' title='bbox 1231 330 1436 372; x_wconf 90' lang='lat' dir='ltr'>creditum</span> <span class='ocrx_word' id='word_1_26' title='bbox 1472 330 1537 380; x_wconf 91' lang='lat' dir='ltr'>sit,</span> <span class='ocrx_word' id='word_1_27' title='bbox 1569 345 1647 371; x_wconf 92' lang='lat' dir='ltr'>nec</span> <span class='ocrx_word' id='word_1_28' title='bbox 1678 329 1772 385; x_wconf 83' lang='lat' dir='ltr'>quis</span> 
     </span>
     <span class='ocr_line' id='line_1_4' title="bbox 167 387 1773 444; baseline 0.004 -23"><span class='ocrx_word' id='word_1_29' title='bbox 167 392 294 422; x_wconf 78' lang='lat' dir='ltr'>Primus</span> <span class='ocrx_word' id='word_1_30' title='bbox 383 387 565 442; x_wconf 88' lang='lat' dir='ltr'>primum</span> <span class='ocrx_word' id='word_1_31' title='bbox 578 387 761 429; x_wconf 88' lang='lat' dir='ltr'>dictator</span> <span class='ocrx_word' id='word_1_32' title='bbox 773 396 935 429; x_wconf 80' lang='lat' dir='ltr'>creatus</span> <span class='ocrx_word' id='word_1_33' title='bbox 951 389 1015 437; x_wconf 90' lang='lat' dir='ltr'>sit,</span> <span class='ocrx_word' id='word_1_34' title='bbox 1034 389 1131 429; x_wconf 89' lang='lat' dir='ltr'>satis</span> <span class='ocrx_word' id='word_1_35' title='bbox 1147 397 1318 429; x_wconf 88' lang='lat' dir='ltr'>constat.</span> <span class='ocrx_word' id='word_1_36' title='bbox 1381 388 1514 444; x_wconf 87' lang='lat' dir='ltr'><strong>Apud</strong></span> <span class='ocrx_word' id='word_1_37' title='bbox 1528 387 1773 428; x_wconf 90' lang='lat' dir='ltr'>veterrimos</span> 
     </span>
     <span class='ocr_line' id='line_1_5' title="bbox 165 435 1772 501; baseline 0.001 -16"><span class='ocrx_word' id='word_1_38' title='bbox 165 435 239 465; x_wconf 53' lang='lat' dir='ltr'>dm</span> <span class='ocrx_word' id='word_1_39' title='bbox 243 440 311 466; x_wconf 49' lang='grc' dir='ltr'>ΜΓ·</span> <span class='ocrx_word' id='word_1_40' title='bbox 386 453 524 485; x_wconf 90' lang='lat' dir='ltr'>tamen</span> <span class='ocrx_word' id='word_1_41' title='bbox 538 454 726 486; x_wconf 82' lang='lat' dir='ltr'>auctores</span> <span class='ocrx_word' id='word_1_42' title='bbox 743 445 793 485; x_wconf 94' lang='lat' dir='ltr'>T.</span> <span class='ocrx_word' id='word_1_43' title='bbox 814 445 1004 486; x_wconf 83' lang='lat' dir='ltr'>Lartium</span> <span class='ocrx_word' id='word_1_44' title='bbox 1017 446 1264 487; x_wconf 86' lang='lat' dir='ltr'>dictatorem</span> <span class='ocrx_word' id='word_1_45' title='bbox 1276 446 1471 501; x_wconf 87' lang='lat' dir='ltr'>primum,</span> <span class='ocrx_word' id='word_1_46' title='bbox 1489 444 1558 501; x_wconf 86' lang='lat' dir='ltr'>Sp.</span> <span class='ocrx_word' id='word_1_47' title='bbox 1581 444 1772 486; x_wconf 84' lang='lat' dir='ltr'>Cassium</span> 
     </span>
    </p>

    <p class='ocr_par' dir='ltr' id='par_1_3' title="bbox 383 502 1806 954">
     <span class='ocr_line' id='line_1_6' title="bbox 383 502 1806 566; baseline 0 -24"><span class='ocrx_word' id='word_1_48' title='bbox 383 502 628 558; x_wconf 83' lang='lat' dir='ltr'>magistrum</span> <span class='ocrx_word' id='word_1_49' title='bbox 659 503 863 558; x_wconf 86' lang='lat' dir='ltr'>equitum,</span> <span class='ocrx_word' id='word_1_50' title='bbox 891 512 1050 544; x_wconf 86' lang='lat' dir='ltr'>creatos</span> <span class='ocrx_word' id='word_1_51' title='bbox 1075 503 1256 544; x_wconf 90' lang='lat' dir='ltr'>invenio.</span> <span class='ocrx_word' id='word_1_52' title='bbox 1323 502 1575 543; x_wconf 81' lang='lat' dir='ltr'>Consulares</span> <span class='ocrx_word' id='word_1_53' title='bbox 1604 502 1768 558; x_wconf 85' lang='lat' dir='ltr'>legere:</span> <span class='ocrx_word' id='word_1_54' title='bbox 1784 535 1806 566; x_wconf 86' lang='lat'>9</span> 
     </span>
     <span class='ocr_line' id='line_1_7' title="bbox 384 558 1773 615; baseline -0.001 -15"><span class='ocrx_word' id='word_1_55' title='bbox 384 559 442 600; x_wconf 85' lang='lat' dir='ltr'>ita</span> <span class='ocrx_word' id='word_1_56' title='bbox 466 560 535 600; x_wconf 88' lang='lat' dir='ltr'>lex</span> <span class='ocrx_word' id='word_1_57' title='bbox 560 560 743 610; x_wconf 89' lang='lat' dir='ltr'>iubebat,</span> <span class='ocrx_word' id='word_1_58' title='bbox 774 559 826 601; x_wconf 89' lang='lat' dir='ltr'>de</span> <span class='ocrx_word' id='word_1_59' title='bbox 855 560 1058 601; x_wconf 79' lang='lat' dir='ltr'>dictatore</span> <span class='ocrx_word' id='word_1_60' title='bbox 1089 560 1269 601; x_wconf 89' lang='lat' dir='ltr'>creando</span> <span class='ocrx_word' id='word_1_61' title='bbox 1294 560 1387 600; x_wconf 72' lang='lat' dir='ltr'>lata.</span> <span class='ocrx_word' id='word_1_62' title='bbox 1451 559 1515 601; x_wconf 89' lang='lat' dir='ltr'>Eo</span> <span class='ocrx_word' id='word_1_63' title='bbox 1541 560 1672 615; x_wconf 85' lang='lat' dir='ltr'>magis</span> <span class='ocrx_word' id='word_1_64' title='bbox 1700 558 1773 600; x_wconf 90' lang='lat' dir='ltr'>ad-</span> 
     </span>
     <span class='ocr_line' id='line_1_8' title="bbox 384 616 1802 681; baseline -0.001 -23"><span class='ocrx_word' id='word_1_65' title='bbox 384 617 526 666; x_wconf 90' lang='lat' dir='ltr'>ducor,</span> <span class='ocrx_word' id='word_1_66' title='bbox 560 626 608 658; x_wconf 92' lang='lat' dir='ltr'>ut</span> <span class='ocrx_word' id='word_1_67' title='bbox 648 618 829 666; x_wconf 86' lang='lat' dir='ltr'>credam,</span> <span class='ocrx_word' id='word_1_68' title='bbox 867 617 1070 666; x_wconf 82' lang='lat' dir='ltr'>Laitium,</span> <span class='ocrx_word' id='word_1_69' title='bbox 1105 617 1178 673; x_wconf 83' lang='lat' dir='ltr'>qui</span> <span class='ocrx_word' id='word_1_70' title='bbox 1218 616 1443 658; x_wconf 87' lang='lat' dir='ltr'>consularis</span> <span class='ocrx_word' id='word_1_71' title='bbox 1483 625 1583 666; x_wconf 89' lang='lat' dir='ltr'>erat,</span> <span class='ocrx_word' id='word_1_72' title='bbox 1619 616 1802 681; x_wconf 88' lang='lat' dir='ltr'>potius,1</span> 
     </span>
     <span class='ocr_line' id='line_1_9' title="bbox 385 673 1774 738; baseline -0.001 -22"><span class='ocrx_word' id='word_1_73' title='bbox 385 690 559 730; x_wconf 90' lang='lat' dir='ltr'>quam</span> <span class='ocrx_word' id='word_1_74' title='bbox 540 674 613 715; x_wconf 86' lang='lat' dir='ltr'>M&#39;.</span> <span class='ocrx_word' id='word_1_75' title='bbox 641 674 870 724; x_wconf 73' lang='lat' dir='ltr'>Valerium,</span> <span class='ocrx_word' id='word_1_76' title='bbox 894 674 956 715; x_wconf 92' lang='lat' dir='ltr'>M.</span> <span class='ocrx_word' id='word_1_77' title='bbox 983 674 1130 723; x_wconf 89' lang='lat' dir='ltr'>filium,</span> <span class='ocrx_word' id='word_1_78' title='bbox 1160 673 1303 715; x_wconf 90' lang='lat' dir='ltr'>Volesi</span> <span class='ocrx_word' id='word_1_79' title='bbox 1328 682 1540 738; x_wconf 82' lang='lat' dir='ltr'>nepotem,</span> <span class='ocrx_word' id='word_1_80' title='bbox 1567 673 1640 729; x_wconf 91' lang='lat' dir='ltr'>qui</span> <span class='ocrx_word' id='word_1_81' title='bbox 1667 688 1774 714; x_wconf 92' lang='lat' dir='ltr'>non-</span> 
     </span>
     <span class='ocr_line' id='line_1_10' title="bbox 384 730 1774 787; baseline -0.001 -15"><span class='ocrx_word' id='word_1_82' title='bbox 384 732 486 773; x_wconf 90' lang='lat' dir='ltr'>dum</span> <span class='ocrx_word' id='word_1_83' title='bbox 517 732 663 773; x_wconf 81' lang='lat' dir='ltr'>consul</span> <span class='ocrx_word' id='word_1_84' title='bbox 689 732 792 773; x_wconf 87' lang='lat' dir='ltr'>fuer</span> <span class='ocrx_word' id='word_1_85' title='bbox 782 742 836 781; x_wconf 70' lang='lat' dir='ltr'>it</span> <span class='ocrx_word' id='word_1_86' title='bbox 866 732 1171 773; x_wconf 82' lang='lat' dir='ltr'>moderatorem</span> <span class='ocrx_word' id='word_1_87' title='bbox 1196 741 1239 773; x_wconf 92' lang='lat' dir='ltr'>et</span> <span class='ocrx_word' id='word_1_88' title='bbox 1266 732 1510 787; x_wconf 81' lang='lat' dir='ltr'>magistrum</span> <span class='ocrx_word' id='word_1_89' title='bbox 1535 730 1774 772; x_wconf 90' lang='lat' dir='ltr'>consulibus</span> 
     </span>
     <span class='ocr_line' id='line_1_11' title="bbox 385 788 1774 845; baseline -0.001 -15"><span class='ocrx_word' id='word_1_90' title='bbox 385 789 631 845; x_wconf 90' lang='lat' dir='ltr'>appositum.</span> <span class='ocrx_word' id='word_1_91' title='bbox 698 789 797 838; x_wconf 81' lang='lat' dir='ltr'>Qui,</span> <span class='ocrx_word' id='word_1_92' title='bbox 820 789 855 829; x_wconf 90' lang='lat' dir='ltr'>si</span> <span class='ocrx_word' id='word_1_93' title='bbox 882 789 1063 830; x_wconf 83' lang='lat' dir='ltr'>maxime</span> <span class='ocrx_word' id='word_1_94' title='bbox 1086 804 1139 830; x_wconf 81' lang='lat' dir='ltr'>ex</span> <span class='ocrx_word' id='word_1_95' title='bbox 1171 805 1219 831; x_wconf 91' lang='lat' dir='ltr'>ea</span> <span class='ocrx_word' id='word_1_96' title='bbox 1239 789 1395 830; x_wconf 83' lang='lat' dir='ltr'>familia</span> <span class='ocrx_word' id='word_1_97' title='bbox 1418 788 1502 845; x_wconf 82' lang='lat' dir='ltr'>legi</span> <span class='ocrx_word' id='word_1_98' title='bbox 1526 788 1774 830; x_wconf 88' lang='lat' dir='ltr'>dictatorem</span> 
     </span>
     <span class='ocr_line' id='line_1_12' title="bbox 384 845 1774 903; baseline 0 -17"><span class='ocrx_word' id='word_1_99' title='bbox 384 847 554 895; x_wconf 86' lang='lat' dir='ltr'>vellent,</span> <span class='ocrx_word' id='word_1_100' title='bbox 573 855 734 901; x_wconf 87' lang='lat' dir='ltr'>patrem</span> <span class='ocrx_word' id='word_1_101' title='bbox 747 845 880 888; x_wconf 90' lang='lat' dir='ltr'>multo</span> <span class='ocrx_word' id='word_1_102' title='bbox 896 847 1035 902; x_wconf 88' lang='lat' dir='ltr'>potius</span> <span class='ocrx_word' id='word_1_103' title='bbox 1050 846 1112 888; x_wconf 88' lang='grc' dir='ltr'>Μ.</span> <span class='ocrx_word' id='word_1_104' title='bbox 1136 846 1366 897; x_wconf 88' lang='lat' dir='ltr'>Valerium,</span> <span class='ocrx_word' id='word_1_105' title='bbox 1385 854 1592 903; x_wconf 86' lang='lat' dir='ltr'>spectatae</span> <span class='ocrx_word' id='word_1_106' title='bbox 1610 845 1774 887; x_wconf 89' lang='lat' dir='ltr'>virtutis</span> 
     </span>
     <span class='ocr_line' id='line_1_13' title="bbox 385 903 1109 960; baseline 0 -15"><span class='ocrx_word' id='word_1_107' title='bbox 385 913 427 945; x_wconf 93' lang='lat' dir='ltr'>et</span> <span class='ocrx_word' id='word_1_108' title='bbox 447 903 708 945; x_wconf 87' lang='lat' dir='ltr'>consularem</span> <span class='ocrx_word' id='word_1_109' title='bbox 728 904 877 954; x_wconf 87' lang='lat' dir='ltr'>virum,</span> <span class='ocrx_word' id='word_1_110' title='bbox 901 904 1109 960; x_wconf 85' lang='lat' dir='ltr'>legissent.</span> 
     </span>
    </p>

    <p class='ocr_par' dir='ltr' id='par_1_4' title="bbox 386 960 1780 1821">
     <span class='ocr_line' id='line_1_14' title="bbox 445 960 1774 1026; baseline 0 -25"><span class='ocrx_word' id='word_1_111' title='bbox 445 960 600 1002; x_wconf 88' lang='lat' dir='ltr'>Creato</span> <span class='ocrx_word' id='word_1_112' title='bbox 637 961 840 1003; x_wconf 86' lang='lat' dir='ltr'>dictatore</span> <span class='ocrx_word' id='word_1_113' title='bbox 875 962 1058 1018; x_wconf 89' lang='lat' dir='ltr'>primum</span> <span class='ocrx_word' id='word_1_114' title='bbox 1100 961 1274 1012; x_wconf 87' lang='lat' dir='ltr'>Romae,</span> <span class='ocrx_word' id='word_1_115' title='bbox 1311 970 1534 1018; x_wconf 84' lang='lat' dir='ltr'>postquam</span> <span class='ocrx_word' id='word_1_116' title='bbox 1573 960 1774 1026; x_wconf 87' lang='lat' dir='ltr'>praeferri</span> 
     </span>
     <span class='ocr_line' id='line_1_15' title="bbox 386 1018 1805 1075; baseline 0 -16"><span class='ocrx_word' id='word_1_117' title='bbox 386 1033 550 1059; x_wconf 90' lang='lat' dir='ltr'>secures</span> <span class='ocrx_word' id='word_1_118' title='bbox 570 1018 780 1068; x_wconf 91' lang='lat' dir='ltr'>viderunt,</span> <span class='ocrx_word' id='word_1_119' title='bbox 803 1034 978 1075; x_wconf 85' lang='lat' dir='ltr'>magnus</span> <span class='ocrx_word' id='word_1_120' title='bbox 1005 1019 1174 1075; x_wconf 84' lang='lat' dir='ltr'>plebem</span> <span class='ocrx_word' id='word_1_121' title='bbox 1202 1028 1338 1060; x_wconf 89' lang='lat' dir='ltr'>metus</span> <span class='ocrx_word' id='word_1_122' title='bbox 1366 1019 1546 1069; x_wconf 87' lang='lat' dir='ltr'>incessit,</span> <span class='ocrx_word' id='word_1_123' title='bbox 1569 1027 1616 1060; x_wconf 92' lang='lat' dir='ltr'>ut</span> <span class='ocrx_word' id='word_1_124' title='bbox 1635 1018 1805 1059; x_wconf 82' lang='lat' dir='ltr'>inten-2</span> 
     </span>
     <span class='ocr_line' id='line_1_16' title="bbox 388 1054 1776 1132; baseline 0 -16"><span class='ocrx_word' id='word_1_125' title='bbox 388 1076 512 1117; x_wconf 90' lang='lat' dir='ltr'>tiores</span> <span class='ocrx_word' id='word_1_126' title='bbox 532 1084 672 1117; x_wconf 88' lang='lat' dir='ltr'>essent</span> <span class='ocrx_word' id='word_1_127' title='bbox 692 1076 746 1117; x_wconf 92' lang='lat' dir='ltr'>ad</span> <span class='ocrx_word' id='word_1_128' title='bbox 766 1054 897 1118; x_wconf 67' lang='lat' dir='ltr'>dictoD</span> <span class='ocrx_word' id='word_1_129' title='bbox 900 1077 1144 1132; x_wconf 91' lang='lat' dir='ltr'>parendum.</span> <span class='ocrx_word' id='word_1_130' title='bbox 1209 1076 1362 1132; x_wconf 87' lang='lat' dir='ltr'>Neque</span> <span class='ocrx_word' id='word_1_131' title='bbox 1384 1077 1510 1127; x_wconf 87' lang='lat' dir='ltr'>enim,</span> <span class='ocrx_word' id='word_1_132' title='bbox 1533 1085 1580 1117; x_wconf 92' lang='lat' dir='ltr'>ut</span> <span class='ocrx_word' id='word_1_133' title='bbox 1610 1076 1656 1117; x_wconf 91' lang='lat' dir='ltr'>in</span> <span class='ocrx_word' id='word_1_134' title='bbox 1676 1091 1776 1117; x_wconf 92' lang='lat' dir='ltr'>con-</span> 
     </span>
     <span class='ocr_line' id='line_1_17' title="bbox 386 1133 1774 1199; baseline 0.001 -26"><span class='ocrx_word' id='word_1_135' title='bbox 386 1133 559 1182; x_wconf 80' lang='lat' dir='ltr'>sulibuS,</span> <span class='ocrx_word' id='word_1_136' title='bbox 583 1134 655 1198; x_wconf 76' lang='lat' dir='ltr'>qui</span> <span class='ocrx_word' id='word_1_137' title='bbox 683 1134 773 1190; x_wconf 89' lang='lat' dir='ltr'>pari</span> <span class='ocrx_word' id='word_1_138' title='bbox 798 1143 1002 1190; x_wconf 85' lang='lat' dir='ltr'>potestate</span> <span class='ocrx_word' id='word_1_139' title='bbox 1029 1143 1179 1183; x_wconf 86' lang='lat' dir='ltr'>essent,</span> <span class='ocrx_word' id='word_1_140' title='bbox 1202 1134 1370 1175; x_wconf 88' lang='lat' dir='ltr'>alterius</span> <span class='ocrx_word' id='word_1_141' title='bbox 1394 1134 1609 1199; x_wconf 79' lang='lat' dir='ltr'>auxilium,</span> <span class='ocrx_word' id='word_1_142' title='bbox 1635 1148 1774 1189; x_wconf 92' lang='lat' dir='ltr'>neque</span> 
     </span>
     <span class='ocr_line' id='line_1_18' title="bbox 386 1190 1775 1257; baseline -0.001 -25"><span class='ocrx_word' id='word_1_143' title='bbox 386 1191 624 1247; x_wconf 87' lang='lat' dir='ltr'>provocatio</span> <span class='ocrx_word' id='word_1_144' title='bbox 646 1200 754 1240; x_wconf 71' lang='lat' dir='ltr'>erat,</span> <span class='ocrx_word' id='word_1_145' title='bbox 786 1207 925 1257; x_wconf 41' lang='lat' dir='ltr'>nequ-e</span> <span class='ocrx_word' id='word_1_146' title='bbox 947 1191 1079 1232; x_wconf 90' lang='lat' dir='ltr'>ullum</span> <span class='ocrx_word' id='word_1_147' title='bbox 1100 1207 1290 1247; x_wconf 85' lang='lat' dir='ltr'>usquam,</span> <span class='ocrx_word' id='word_1_148' title='bbox 1307 1191 1386 1232; x_wconf 91' lang='lat' dir='ltr'>nisi</span> <span class='ocrx_word' id='word_1_149' title='bbox 1407 1192 1451 1231; x_wconf 90' lang='lat' dir='ltr'>in</span> <span class='ocrx_word' id='word_1_150' title='bbox 1468 1206 1567 1232; x_wconf 89' lang='lat' dir='ltr'>cura</span> <span class='ocrx_word' id='word_1_151' title='bbox 1585 1190 1775 1247; x_wconf 86' lang='lat' dir='ltr'>parendi,</span> 
     </span>
     <span class='ocr_line' id='line_1_19' title="bbox 387 1248 1808 1305; baseline 0 -16"><span class='ocrx_word' id='word_1_152' title='bbox 387 1248 602 1290; x_wconf 85' lang='lat' dir='ltr'>auxilium.</span> <span class='ocrx_word' id='word_1_153' title='bbox 669 1248 835 1291; x_wconf 87' lang='lat' dir='ltr'>Sabinis</span> <span class='ocrx_word' id='word_1_154' title='bbox 852 1250 977 1290; x_wconf 88' lang='lat' dir='ltr'>etiam</span> <span class='ocrx_word' id='word_1_155' title='bbox 995 1259 1157 1290; x_wconf 89' lang='lat' dir='ltr'>creatus</span> <span class='ocrx_word' id='word_1_156' title='bbox 1181 1249 1341 1290; x_wconf 81' lang='lat' dir='ltr'>Rornae</span> <span class='ocrx_word' id='word_1_157' title='bbox 1355 1248 1533 1290; x_wconf 89' lang='lat' dir='ltr'>dictator</span> <span class='ocrx_word' id='word_1_158' title='bbox 1545 1248 1616 1305; x_wconf 87' lang='lat' dir='ltr'>(eo</span> <span class='ocrx_word' id='word_1_159' title='bbox 1632 1248 1808 1304; x_wconf 80' lang='lat' dir='ltr'>magis,3</span> 
     </span>
     <span class='ocr_line' id='line_1_20' title="bbox 388 1305 1774 1362; baseline -0.001 -15"><span class='ocrx_word' id='word_1_160' title='bbox 388 1306 503 1362; x_wconf 88' lang='lat' dir='ltr'>quod</span> <span class='ocrx_word' id='word_1_161' title='bbox 542 1315 714 1362; x_wconf 90' lang='lat' dir='ltr'>propter</span> <span class='ocrx_word' id='word_1_162' title='bbox 753 1322 796 1347; x_wconf 90' lang='lat' dir='ltr'>se</span> <span class='ocrx_word' id='word_1_163' title='bbox 839 1315 1024 1348; x_wconf 87' lang='lat' dir='ltr'>creatum</span> <span class='ocrx_word' id='word_1_164' title='bbox 1065 1305 1351 1362; x_wconf 87' lang='lat' dir='ltr'>crediderant)</span> <span class='ocrx_word' id='word_1_165' title='bbox 1391 1315 1550 1347; x_wconf 89' lang='lat' dir='ltr'>metum</span> <span class='ocrx_word' id='word_1_166' title='bbox 1590 1305 1774 1347; x_wconf 88' lang='lat' dir='ltr'>incussit.</span> 
     </span>
     <span class='ocr_line' id='line_1_21' title="bbox 388 1363 1777 1420; baseline 0 -16"><span class='ocrx_word' id='word_1_167' title='bbox 388 1363 538 1419; x_wconf 88' lang='lat' dir='ltr'>Itaque</span> <span class='ocrx_word' id='word_1_168' title='bbox 560 1363 719 1419; x_wconf 81' lang='lat' dir='ltr'>legatos</span> <span class='ocrx_word' id='word_1_169' title='bbox 739 1364 791 1405; x_wconf 91' lang='lat' dir='ltr'>de</span> <span class='ocrx_word' id='word_1_170' title='bbox 814 1379 915 1420; x_wconf 86' lang='lat' dir='ltr'>pace</span> <span class='ocrx_word' id='word_1_171' title='bbox 945 1365 1140 1405; x_wconf 89' lang='lat' dir='ltr'>mittunt:</span> <span class='ocrx_word' id='word_1_172' title='bbox 1175 1365 1342 1420; x_wconf 79' lang='lat' dir='ltr'>quibUS,</span> <span class='ocrx_word' id='word_1_173' title='bbox 1365 1364 1580 1406; x_wconf 89' lang='lat' dir='ltr'>orantibus</span> <span class='ocrx_word' id='word_1_174' title='bbox 1601 1363 1777 1404; x_wconf 83' lang='lat' dir='ltr'>dictato-</span> 
     </span>
     <span class='ocr_line' id='line_1_22' title="bbox 388 1421 1779 1477; baseline -0.001 -15"><span class='ocrx_word' id='word_1_175' title='bbox 388 1436 476 1462; x_wconf 91' lang='lat' dir='ltr'>rem</span> <span class='ocrx_word' id='word_1_176' title='bbox 497 1430 787 1477; x_wconf 87' lang='lat' dir='ltr'>senatumque,</span> <span class='ocrx_word' id='word_1_177' title='bbox 810 1431 857 1462; x_wconf 91' lang='lat' dir='ltr'>ut</span> <span class='ocrx_word' id='word_1_178' title='bbox 877 1422 1043 1463; x_wconf 90' lang='lat' dir='ltr'>veniam</span> <span class='ocrx_word' id='word_1_179' title='bbox 1071 1422 1219 1463; x_wconf 90' lang='lat' dir='ltr'>erroris</span> <span class='ocrx_word' id='word_1_180' title='bbox 1240 1422 1482 1463; x_wconf 89' lang='lat' dir='ltr'>hominibus</span> <span class='ocrx_word' id='word_1_181' title='bbox 1503 1421 1779 1463; x_wconf 90' lang='lat' dir='ltr'>adolescenti-</span> 
     </span>
     <span class='ocr_line' id='line_1_23' title="bbox 387 1478 1777 1535; baseline 0 -15"><span class='ocrx_word' id='word_1_182' title='bbox 387 1481 467 1520; x_wconf 91' lang='lat' dir='ltr'>bus</span> <span class='ocrx_word' id='word_1_183' title='bbox 508 1478 670 1528; x_wconf 89' lang='lat' dir='ltr'>darent,</span> <span class='ocrx_word' id='word_1_184' title='bbox 712 1494 980 1535; x_wconf 88' lang='lat' dir='ltr'>responsum:</span> <span class='ocrx_word' id='word_1_185' title='bbox 1035 1479 1226 1535; x_wconf 84' lang='lat' dir='ltr'>‘Ignosci</span> <span class='ocrx_word' id='word_1_186' title='bbox 1268 1479 1604 1521; x_wconf 88' lang='lat' dir='ltr'>adolescentibus</span> <span class='ocrx_word' id='word_1_187' title='bbox 1643 1493 1777 1535; x_wconf 90' lang='lat' dir='ltr'>posse,</span> 
     </span>
     <span class='ocr_line' id='line_1_24' title="bbox 390 1536 1778 1592; baseline 0 -15"><span class='ocrx_word' id='word_1_188' title='bbox 390 1542 402 1560; x_wconf 83' lang='lat'>‘</span> <span class='ocrx_word' id='word_1_189' title='bbox 418 1536 588 1578; x_wconf 86' lang='lat' dir='ltr'>senibus</span> <span class='ocrx_word' id='word_1_190' title='bbox 613 1551 699 1577; x_wconf 88' lang='lat' dir='ltr'>non</span> <span class='ocrx_word' id='word_1_191' title='bbox 723 1551 856 1592; x_wconf 88' lang='lat' dir='ltr'>posse,</span> <span class='ocrx_word' id='word_1_192' title='bbox 880 1537 952 1592; x_wconf 90' lang='lat' dir='ltr'>qui</span> <span class='ocrx_word' id='word_1_193' title='bbox 981 1536 1092 1579; x_wconf 91' lang='lat' dir='ltr'>bella</span> <span class='ocrx_word' id='word_1_194' title='bbox 1121 1552 1174 1578; x_wconf 83' lang='lat' dir='ltr'>ex</span> <span class='ocrx_word' id='word_1_195' title='bbox 1202 1536 1320 1578; x_wconf 86' lang='lat' dir='ltr'>bellis</span> <span class='ocrx_word' id='word_1_196' title='bbox 1347 1537 1559 1577; x_wconf 88' lang='lat' dir='ltr'>sererent.&#39;</span> <span class='ocrx_word' id='word_1_197' title='bbox 1618 1536 1778 1577; x_wconf 93' lang='lat' dir='ltr'>Actum</span> 
     </span>
     <span class='ocr_line' id='line_1_25' title="bbox 389 1593 1778 1650; baseline 0 -16"><span class='ocrx_word' id='word_1_198' title='bbox 389 1602 530 1634; x_wconf 89' lang='lat' dir='ltr'>tamen</span> <span class='ocrx_word' id='word_1_199' title='bbox 551 1602 613 1634; x_wconf 92' lang='lat' dir='ltr'>est</span> <span class='ocrx_word' id='word_1_200' title='bbox 633 1594 685 1634; x_wconf 91' lang='lat' dir='ltr'>de</span> <span class='ocrx_word' id='word_1_201' title='bbox 719 1609 847 1650; x_wconf 87' lang='lat' dir='ltr'>pace.</span> <span class='ocrx_word' id='word_1_202' title='bbox 882 1594 1185 1650; x_wconf 85' lang='lat' dir='ltr'>impetrataque</span> <span class='ocrx_word' id='word_1_203' title='bbox 1209 1594 1328 1643; x_wconf 85' lang='lat' dir='ltr'>foret,</span> <span class='ocrx_word' id='word_1_204' title='bbox 1354 1594 1400 1643; x_wconf 83' lang='lat' dir='ltr'>si,</span> <span class='ocrx_word' id='word_1_205' title='bbox 1423 1593 1575 1649; x_wconf 92' lang='lat' dir='ltr'>quod</span> <span class='ocrx_word' id='word_1_206' title='bbox 1565 1608 1778 1649; x_wconf 81' lang='lat' dir='ltr'>impensae</span> 
     </span>
     <span class='ocr_line' id='line_1_26' title="bbox 386 1650 1780 1707; baseline -0.001 -15"><span class='ocrx_word' id='word_1_207' title='bbox 386 1651 566 1692; x_wconf 89' lang='lat' dir='ltr'>factum</span> <span class='ocrx_word' id='word_1_208' title='bbox 557 1666 600 1691; x_wconf 87' lang='grc'>111</span> <span class='ocrx_word' id='word_1_209' title='bbox 623 1651 782 1693; x_wconf 87' lang='lat' dir='ltr'>bellum</span> <span class='ocrx_word' id='word_1_210' title='bbox 803 1660 904 1701; x_wconf 88' lang='lat' dir='ltr'>erat,</span> <span class='ocrx_word' id='word_1_211' title='bbox 918 1660 1125 1707; x_wconf 86' lang='lat' dir='ltr'>praestare</span> <span class='ocrx_word' id='word_1_212' title='bbox 1151 1650 1296 1693; x_wconf 87' lang='lat' dir='ltr'>Sabini</span> <span class='ocrx_word' id='word_1_213' title='bbox 1313 1651 1376 1707; x_wconf 82' lang='lat' dir='ltr'>(id</span> <span class='ocrx_word' id='word_1_214' title='bbox 1398 1651 1510 1692; x_wconf 91' lang='lat' dir='ltr'>enim</span> <span class='ocrx_word' id='word_1_215' title='bbox 1523 1650 1780 1707; x_wconf 90' lang='lat' dir='ltr'>postulatum</span> 
     </span>
     <span class='ocr_line' id='line_1_27' title="bbox 388 1708 1779 1764; baseline 0.001 -15"><span class='ocrx_word' id='word_1_216' title='bbox 388 1708 497 1764; x_wconf 87' lang='lat' dir='ltr'>erat)</span> <span class='ocrx_word' id='word_1_217' title='bbox 528 1709 572 1749; x_wconf 90' lang='lat' dir='ltr'>in</span> <span class='ocrx_word' id='word_1_218' title='bbox 603 1709 789 1749; x_wconf 89' lang='lat' dir='ltr'>animum</span> <span class='ocrx_word' id='word_1_219' title='bbox 820 1709 1095 1750; x_wconf 83' lang='lat' dir='ltr'>induxissent.</span> <span class='ocrx_word' id='word_1_220' title='bbox 1159 1708 1327 1749; x_wconf 88' lang='lat' dir='ltr'>Bellum</span> <span class='ocrx_word' id='word_1_221' title='bbox 1357 1708 1591 1750; x_wconf 87' lang='lat' dir='ltr'>indictum:</span> <span class='ocrx_word' id='word_1_222' title='bbox 1632 1708 1779 1750; x_wconf 86' lang='lat' dir='ltr'>tacitae</span> 
     </span>
     <span class='ocr_line' id='line_1_28' title="bbox 388 1766 1176 1821; baseline 0 -14"><span class='ocrx_word' id='word_1_223' title='bbox 388 1766 574 1815; x_wconf 75' lang='lat' dir='ltr'>indutiae</span> <span class='ocrx_word' id='word_1_224' title='bbox 597 1767 788 1821; x_wconf 91' lang='lat' dir='ltr'>quietum</span> <span class='ocrx_word' id='word_1_225' title='bbox 811 1781 969 1807; x_wconf 88' lang='lat' dir='ltr'>annum</span> <span class='ocrx_word' id='word_1_226' title='bbox 990 1775 1176 1807; x_wconf 89' lang='lat' dir='ltr'>tenuere.</span> 
     </span>
    </p>
   </div>
   <div class='ocr_carea' id='block_1_3' title="bbox 389 1868 1070 2968">
    <p class='ocr_par' dir='ltr' id='par_1_5' title="bbox 389 1868 1066 2376">
     <span class='ocr_line' id='line_1_29' title="bbox 390 1868 1062 1908; baseline -0.001 -10"><span class='ocrx_word' id='word_1_227' title='bbox 390 1868 483 1908; x_wconf 86' lang='lat' dir='ltr'>primi</span> <span class='ocrx_word' id='word_1_228' title='bbox 509 1868 674 1899; x_wconf 84' lang='lat' dir='ltr'>dictatoris</span> <span class='ocrx_word' id='word_1_229' title='bbox 697 1868 892 1898; x_wconf 87' lang='lat' dir='ltr'>creationem</span> <span class='ocrx_word' id='word_1_230' title='bbox 915 1868 947 1898; x_wconf 87' lang='lat' dir='ltr'>in</span> <span class='ocrx_word' id='word_1_231' title='bbox 971 1878 1062 1907; x_wconf 90' lang='lat' dir='ltr'>quar-</span> 
     </span>
     <span class='ocr_line' id='line_1_30' title="bbox 389 1910 1063 1950; baseline -0.002 -9"><span class='ocrx_word' id='word_1_232' title='bbox 389 1916 458 1941; x_wconf 89' lang='lat' dir='ltr'>tum</span> <span class='ocrx_word' id='word_1_233' title='bbox 474 1911 590 1941; x_wconf 81' lang='lat' dir='ltr'>abhinc</span> <span class='ocrx_word' id='word_1_234' title='bbox 606 1921 727 1941; x_wconf 86' lang='lat' dir='ltr'>annum</span> <span class='ocrx_word' id='word_1_235' title='bbox 740 1910 853 1947; x_wconf 85' lang='lat' dir='ltr'>reiicit,</span> <span class='ocrx_word' id='word_1_236' title='bbox 865 1921 927 1950; x_wconf 89' lang='lat' dir='ltr'>quo</span> <span class='ocrx_word' id='word_1_237' title='bbox 939 1910 977 1941; x_wconf 95' lang='lat' dir='ltr'>T.</span> <span class='ocrx_word' id='word_1_238' title='bbox 988 1911 1063 1940; x_wconf 85' lang='lat' dir='ltr'>Lar·</span> 
     </span>
     <span class='ocr_line' id='line_1_31' title="bbox 389 1953 1059 1989; baseline -0.001 -5"><span class='ocrx_word' id='word_1_239' title='bbox 389 1954 452 1984; x_wconf 83' lang='lat' dir='ltr'>tius</span> <span class='ocrx_word' id='word_1_240' title='bbox 475 1954 590 1984; x_wconf 88' lang='lat' dir='ltr'>iterum</span> <span class='ocrx_word' id='word_1_241' title='bbox 610 1954 721 1984; x_wconf 89' lang='lat' dir='ltr'>consul</span> <span class='ocrx_word' id='word_1_242' title='bbox 737 1953 799 1983; x_wconf 87' lang='lat' dir='ltr'>fuit</span> <span class='ocrx_word' id='word_1_243' title='bbox 815 1963 888 1983; x_wconf 90' lang='lat' dir='ltr'>cum</span> <span class='ocrx_word' id='word_1_244' title='bbox 906 1953 950 1989; x_wconf 82' lang='lat' dir='ltr'>Q.</span> <span class='ocrx_word' id='word_1_245' title='bbox 966 1953 1059 1984; x_wconf 87' lang='lat' dir='ltr'>Cloe-</span> 
     </span>
     <span class='ocr_line' id='line_1_32' title="bbox 390 1996 1061 2036; baseline -0.002 -10"><span class='ocrx_word' id='word_1_246' title='bbox 390 1996 433 2026; x_wconf 87' lang='lat' dir='ltr'>lio</span> <span class='ocrx_word' id='word_1_247' title='bbox 447 2008 454 2027; x_wconf 89' lang='lat'>:</span> <span class='ocrx_word' id='word_1_248' title='bbox 494 2007 595 2035; x_wconf 86' lang='lat' dir='ltr'>eaque</span> <span class='ocrx_word' id='word_1_249' title='bbox 632 1996 827 2036; x_wconf 87' lang='lat' dir='ltr'>probabilior</span> <span class='ocrx_word' id='word_1_250' title='bbox 863 1996 972 2035; x_wconf 90' lang='lat' dir='ltr'>opinio</span> <span class='ocrx_word' id='word_1_251' title='bbox 1005 2000 1061 2026; x_wconf 88' lang='lat' dir='ltr'>est.</span> 
     </span>
     <span class='ocr_line' id='line_1_33' title="bbox 391 2038 1062 2078; baseline -0.002 -9"><span class='ocrx_word' id='word_1_252' title='bbox 391 2039 476 2069; x_wconf 88' lang='lat' dir='ltr'>Vide</span> <span class='ocrx_word' id='word_1_253' title='bbox 493 2049 588 2078; x_wconf 89' lang='lat' dir='ltr'>super</span> <span class='ocrx_word' id='word_1_254' title='bbox 603 2039 701 2069; x_wconf 89' lang='lat' dir='ltr'>totius</span> <span class='ocrx_word' id='word_1_255' title='bbox 723 2038 818 2068; x_wconf 81' lang='lat' dir='ltr'>huius</span> <span class='ocrx_word' id='word_1_256' title='bbox 840 2038 983 2068; x_wconf 81' lang='lat' dir='ltr'>sexennii</span> <span class='ocrx_word' id='word_1_257' title='bbox 1002 2038 1062 2068; x_wconf 92' lang='lat' dir='ltr'>his-</span> 
     </span>
     <span class='ocr_line' id='line_1_34' title="bbox 390 2081 1063 2120; baseline -0.001 -9"><span class='ocrx_word' id='word_1_258' title='bbox 390 2082 482 2119; x_wconf 74' lang='lat' dir='ltr'>toria,</span> <span class='ocrx_word' id='word_1_259' title='bbox 498 2086 529 2111; x_wconf 85' lang='lat' dir='ltr'>et</span> <span class='ocrx_word' id='word_1_260' title='bbox 545 2091 649 2111; x_wconf 91' lang='lat' dir='ltr'>rerum</span> <span class='ocrx_word' id='word_1_261' title='bbox 667 2091 724 2120; x_wconf 88' lang='lat' dir='ltr'>per</span> <span class='ocrx_word' id='word_1_262' title='bbox 737 2081 820 2110; x_wconf 88' lang='lat' dir='ltr'>illud</span> <span class='ocrx_word' id='word_1_263' title='bbox 839 2085 1000 2120; x_wconf 85' lang='lat' dir='ltr'>gestarum</span> <span class='ocrx_word' id='word_1_264' title='bbox 1017 2091 1063 2110; x_wconf 93' lang='lat' dir='ltr'>or-</span> 
     </span>
     <span class='ocr_line' id='line_1_35' title="bbox 390 2123 1065 2161; baseline 0 -7"><span class='ocrx_word' id='word_1_265' title='bbox 390 2124 476 2161; x_wconf 81' lang='lat' dir='ltr'>dine,</span> <span class='ocrx_word' id='word_1_266' title='bbox 494 2124 728 2154; x_wconf 79' lang='lat' dir='ltr'>observationes</span> <span class='ocrx_word' id='word_1_267' title='bbox 750 2123 924 2153; x_wconf 85' lang='lat' dir='ltr'>doctissimi</span> <span class='ocrx_word' id='word_1_268' title='bbox 942 2123 998 2153; x_wconf 79' lang='lat' dir='ltr'>viri</span> <span class='ocrx_word' id='word_1_269' title='bbox 1013 2125 1065 2154; x_wconf 83' lang='lat' dir='ltr'>De</span> 
     </span>
     <span class='ocr_line' id='line_1_36' title="bbox 390 2166 1065 2205; baseline 0 -9"><span class='ocrx_word' id='word_1_270' title='bbox 390 2168 422 2196; x_wconf 83' lang='lat' dir='ltr'>la</span> <span class='ocrx_word' id='word_1_271' title='bbox 447 2168 554 2198; x_wconf 74' lang='lat' dir='ltr'>Carne</span> <span class='ocrx_word' id='word_1_272' title='bbox 576 2166 610 2196; x_wconf 87' lang='lat' dir='ltr'>in</span> <span class='ocrx_word' id='word_1_273' title='bbox 633 2166 871 2196; x_wconf 85' lang='lat' dir='ltr'>commentariis</span> <span class='ocrx_word' id='word_1_274' title='bbox 893 2166 997 2205; x_wconf 84' lang='lat' dir='ltr'>regiae</span> <span class='ocrx_word' id='word_1_275' title='bbox 1019 2166 1065 2196; x_wconf 88' lang='lat' dir='ltr'>in-</span> 
     </span>
     <span class='ocr_line' id='line_1_37' title="bbox 390 2208 1066 2249; baseline 0 -10"><span class='ocrx_word' id='word_1_276' title='bbox 390 2209 598 2249; x_wconf 78' lang='lat' dir='ltr'>scriptionum</span> <span class='ocrx_word' id='word_1_277' title='bbox 615 2216 646 2239; x_wconf 84' lang='lat' dir='ltr'>et</span> <span class='ocrx_word' id='word_1_278' title='bbox 663 2209 841 2238; x_wconf 84' lang='lat' dir='ltr'>litterarum</span> <span class='ocrx_word' id='word_1_279' title='bbox 859 2208 1066 2246; x_wconf 86' lang='lat' dir='ltr'>Academiae,</span> 
     </span>
     <span class='ocr_line' id='line_1_38' title="bbox 391 2251 1066 2283; baseline 0 -2"><span class='ocrx_word' id='word_1_280' title='bbox 391 2257 479 2282; x_wconf 86' lang='lat' dir='ltr'>tomo</span> <span class='ocrx_word' id='word_1_281' title='bbox 502 2252 564 2282; x_wconf 84' lang='lat' dir='ltr'>viii.</span> <span class='ocrx_word' id='word_1_282' title='bbox 592 2252 697 2283; x_wconf 80' lang='lat' dir='ltr'>CREv.</span> <span class='ocrx_word' id='word_1_283' title='bbox 740 2251 863 2281; x_wconf 89' lang='lat' dir='ltr'>Decem</span> <span class='ocrx_word' id='word_1_284' title='bbox 888 2251 952 2281; x_wconf 89' lang='lat' dir='ltr'>fere</span> <span class='ocrx_word' id='word_1_285' title='bbox 975 2251 1066 2281; x_wconf 81' lang='lat' dir='ltr'>annis</span> 
     </span>
     <span class='ocr_line' id='line_1_39' title="bbox 392 2293 1065 2334; baseline 0.001 -10"><span class='ocrx_word' id='word_1_286' title='bbox 392 2298 463 2333; x_wconf 87' lang='lat' dir='ltr'>post</span> <span class='ocrx_word' id='word_1_287' title='bbox 480 2295 598 2334; x_wconf 90' lang='lat' dir='ltr'>primos</span> <span class='ocrx_word' id='word_1_288' title='bbox 615 2294 770 2324; x_wconf 88' lang='lat' dir='ltr'>consules.</span> <span class='ocrx_word' id='word_1_289' title='bbox 801 2293 870 2325; x_wconf 80' lang='lat' dir='ltr'>Cic.</span> <span class='ocrx_word' id='word_1_290' title='bbox 884 2294 924 2324; x_wconf 86' lang='lat' dir='ltr'>de</span> <span class='ocrx_word' id='word_1_291' title='bbox 938 2294 1021 2333; x_wconf 88' lang='lat' dir='ltr'>Rep.</span> <span class='ocrx_word' id='word_1_292' title='bbox 1033 2293 1065 2325; x_wconf 88' lang='lat' dir='ltr'>ii.</span> 
     </span>
     <span class='ocr_line' id='line_1_40' title="bbox 396 2347 445 2376; baseline 0.041 -10"><span class='ocrx_word' id='word_1_293' title='bbox 396 2347 445 2376; x_wconf 73' lang='lat'>23.</span> 
     </span>
    </p>

    <p class='ocr_par' dir='ltr' id='par_1_6' title="bbox 391 2379 1070 2884">
     <span class='ocr_line' id='line_1_41' title="bbox 438 2379 1067 2420; baseline -0.005 -10"><span class='ocrx_word' id='word_1_294' title='bbox 438 2388 453 2419; x_wconf 85' lang='lat'><em>7</em></span> <span class='ocrx_word' id='word_1_295' title='bbox 474 2382 544 2410; x_wconf 79' lang='lat' dir='ltr'>Nec</span> <span class='ocrx_word' id='word_1_296' title='bbox 558 2381 674 2420; x_wconf 58' lang='lat' dir='ltr'>quibus</span> <span class='ocrx_word' id='word_1_297' title='bbox 689 2379 870 2409; x_wconf 78' lang='lat' dir='ltr'>consulibus</span> <span class='ocrx_word' id='word_1_298' title='bbox 883 2402 890 2408; x_wconf 95' lang='lat'>.</span> <span class='ocrx_word' id='word_1_299' title='bbox 905 2401 912 2408; x_wconf 94' lang='lat'>.</span> <span class='ocrx_word' id='word_1_300' title='bbox 926 2402 933 2408; x_wconf 93' lang='lat'>.</span> <span class='ocrx_word' id='word_1_301' title='bbox 947 2389 1067 2417; x_wconf 80' lang='lat' dir='ltr'>parum</span> 
     </span>
     <span class='ocr_line' id='line_1_42' title="bbox 391 2420 1065 2459; baseline -0.001 -8"><span class='ocrx_word' id='word_1_302' title='bbox 391 2423 546 2453; x_wconf 72' lang='lat' dir='ltr'>creditum</span> <span class='ocrx_word' id='word_1_303' title='bbox 559 2423 616 2459; x_wconf 80' lang='lat' dir='ltr'>sit]</span> <span class='ocrx_word' id='word_1_304' title='bbox 637 2432 678 2452; x_wconf 84' lang='lat' dir='ltr'>sc.</span> <span class='ocrx_word' id='word_1_305' title='bbox 692 2421 788 2451; x_wconf 86' lang='lat' dir='ltr'>Fides</span> <span class='ocrx_word' id='word_1_306' title='bbox 801 2431 863 2450; x_wconf 88' lang='lat' dir='ltr'>non</span> <span class='ocrx_word' id='word_1_307' title='bbox 877 2420 988 2450; x_wconf 83' lang='lat' dir='ltr'>habita</span> <span class='ocrx_word' id='word_1_308' title='bbox 998 2421 1065 2451; x_wconf 88' lang='lat' dir='ltr'>fue-</span> 
     </span>
     <span class='ocr_line' id='line_1_43' title="bbox 392 2463 1063 2504; baseline -0.001 -10"><span class='ocrx_word' id='word_1_309' title='bbox 392 2465 443 2499; x_wconf 78' lang='lat' dir='ltr'>rit.¹</span> <span class='ocrx_word' id='word_1_310' title='bbox 457 2465 531 2504; x_wconf 85' lang='lat' dir='ltr'>quia</span> <span class='ocrx_word' id='word_1_311' title='bbox 544 2475 583 2495; x_wconf 82' lang='lat' dir='ltr'>ex</span> <span class='ocrx_word' id='word_1_312' title='bbox 596 2464 773 2503; x_wconf 84' lang='lat' dir='ltr'>Tarquinia</span> <span class='ocrx_word' id='word_1_313' title='bbox 789 2463 928 2494; x_wconf 85' lang='lat' dir='ltr'>factione</span> <span class='ocrx_word' id='word_1_314' title='bbox 944 2468 1063 2493; x_wconf 84' lang='lat' dir='ltr'>essent:</span> 
     </span>
     <span class='ocr_line' id='line_1_44' title="bbox 392 2505 1068 2537; baseline -0.001 -1"><span class='ocrx_word' id='word_1_315' title='bbox 392 2507 475 2537; x_wconf 77' lang='lat' dir='ltr'>hane</span> <span class='ocrx_word' id='word_1_316' title='bbox 492 2517 598 2537; x_wconf 73' lang='lat' dir='ltr'>veram</span> <span class='ocrx_word' id='word_1_317' title='bbox 616 2517 744 2537; x_wconf 84' lang='lat' dir='ltr'>causam</span> <span class='ocrx_word' id='word_1_318' title='bbox 761 2505 924 2536; x_wconf 83' lang='lat' dir='ltr'>dictatoris</span> <span class='ocrx_word' id='word_1_319' title='bbox 940 2506 1068 2536; x_wconf 85' lang='lat' dir='ltr'>creandi</span> 
     </span>
     <span class='ocr_line' id='line_1_45' title="bbox 393 2548 1067 2580; baseline 0 -2"><span class='ocrx_word' id='word_1_320' title='bbox 393 2550 489 2579; x_wconf 82' lang='lat' dir='ltr'>fuisse</span> <span class='ocrx_word' id='word_1_321' title='bbox 514 2550 698 2580; x_wconf 83' lang='lat' dir='ltr'>existimant</span> <span class='ocrx_word' id='word_1_322' title='bbox 719 2548 902 2579; x_wconf 84' lang='lat' dir='ltr'>Amoldius.</span> <span class='ocrx_word' id='word_1_323' title='bbox 921 2549 962 2578; x_wconf 82' lang='lat' dir='ltr'>R.</span> <span class='ocrx_word' id='word_1_324' title='bbox 981 2548 1067 2578; x_wconf 88' lang='lat' dir='ltr'>Hist.</span> 
     </span>
     <span class='ocr_line' id='line_1_46' title="bbox 394 2591 1065 2631; baseline -0.001 -10"><span class='ocrx_word' id='word_1_325' title='bbox 394 2596 424 2621; x_wconf 82' lang='lat' dir='ltr'>et</span> <span class='ocrx_word' id='word_1_326' title='bbox 441 2592 666 2622; x_wconf 54' lang='lat' dir='ltr'>XVachsmuth.</span> <span class='ocrx_word' id='word_1_327' title='bbox 681 2602 713 2631; x_wconf 90' lang='lat' dir='ltr'>p.</span> <span class='ocrx_word' id='word_1_328' title='bbox 726 2601 795 2630; x_wconf 82' lang='lat'>272.</span> <span class='ocrx_word' id='word_1_329' title='bbox 836 2591 901 2620; x_wconf 85' lang='lat' dir='ltr'>Hic</span> <span class='ocrx_word' id='word_1_330' title='bbox 916 2591 974 2621; x_wconf 73' lang='grc' dir='ltr'>Μ’.</span> <span class='ocrx_word' id='word_1_331' title='bbox 988 2591 1065 2620; x_wconf 82' lang='grc' dir='ltr'>Τ111-</span> 
     </span>
     <span class='ocr_line' id='line_1_47' title="bbox 396 2633 1067 2673; baseline 0 -10"><span class='ocrx_word' id='word_1_332' title='bbox 396 2634 473 2663; x_wconf 88' lang='lat' dir='ltr'>lium</span> <span class='ocrx_word' id='word_1_333' title='bbox 487 2645 612 2673; x_wconf 80' lang='lat' dir='ltr'>quoque</span> <span class='ocrx_word' id='word_1_334' title='bbox 626 2635 790 2664; x_wconf 86' lang='lat' dir='ltr'>consulem</span> <span class='ocrx_word' id='word_1_335' title='bbox 807 2633 968 2672; x_wconf 87' lang='lat' dir='ltr'>sequentis</span> <span class='ocrx_word' id='word_1_336' title='bbox 979 2633 1067 2670; x_wconf 84' lang='lat' dir='ltr'>anni,</span> 
     </span>
     <span class='ocr_line' id='line_1_48' title="bbox 395 2675 1067 2716; baseline 0 -11"><span class='ocrx_word' id='word_1_337' title='bbox 395 2687 412 2705; x_wconf 78' lang='lat' dir='ltr'>c</span> <span class='ocrx_word' id='word_1_338' title='bbox 431 2677 572 2714; x_wconf 81' lang='lat' dir='ltr'>partibus</span> <span class='ocrx_word' id='word_1_339' title='bbox 588 2676 874 2716; x_wconf 84' lang='lat' dir='ltr'>Tarquiniensibus</span> <span class='ocrx_word' id='word_1_340' title='bbox 890 2675 986 2706; x_wconf 84' lang='lat' dir='ltr'>fuisse</span> <span class='ocrx_word' id='word_1_341' title='bbox 1003 2686 1067 2706; x_wconf 89' lang='lat' dir='ltr'>cre-</span> 
     </span>
     <span class='ocr_line' id='line_1_49' title="bbox 395 2718 1069 2756; baseline 0.002 -10"><span class='ocrx_word' id='word_1_342' title='bbox 395 2718 454 2753; x_wconf 76' lang='lat' dir='ltr'>dit,</span> <span class='ocrx_word' id='word_1_343' title='bbox 478 2719 562 2756; x_wconf 82' lang='lat' dir='ltr'>quod</span> <span class='ocrx_word' id='word_1_344' title='bbox 589 2719 766 2749; x_wconf 86' lang='lat' dir='ltr'>coniuratio</span> <span class='ocrx_word' id='word_1_345' title='bbox 789 2719 891 2748; x_wconf 84' lang='lat' dir='ltr'>altera</span> <span class='ocrx_word' id='word_1_346' title='bbox 913 2722 1069 2755; x_wconf 82' lang='lat' dir='ltr'>narratur,</span> 
     </span>
     <span class='ocr_line' id='line_1_50' title="bbox 396 2760 1066 2799; baseline 0.002 -10"><span class='ocrx_word' id='word_1_347' title='bbox 396 2764 427 2789; x_wconf 79' lang='lat' dir='ltr'>et</span> <span class='ocrx_word' id='word_1_348' title='bbox 445 2760 475 2790; x_wconf 78' lang='lat' dir='ltr'>S.</span> <span class='ocrx_word' id='word_1_349' title='bbox 493 2761 653 2799; x_wconf 71' lang='lat' dir='ltr'>Sulpicius</span> <span class='ocrx_word' id='word_1_350' title='bbox 669 2762 864 2791; x_wconf 85' lang='lat' dir='ltr'>circumacto</span> <span class='ocrx_word' id='word_1_351' title='bbox 884 2771 981 2797; x_wconf 83' lang='lat' dir='ltr'>anno,</span> <span class='ocrx_word' id='word_1_352' title='bbox 997 2765 1066 2791; x_wconf 87' lang='lat' dir='ltr'>tan-</span> 
     </span>
     <span class='ocr_line' id='line_1_51' title="bbox 396 2803 1070 2842; baseline 0.006 -12"><span class='ocrx_word' id='word_1_353' title='bbox 396 2812 491 2840; x_wconf 84' lang='lat' dir='ltr'>quam</span> <span class='ocrx_word' id='word_1_354' title='bbox 520 2803 641 2842; x_wconf 76' lang='lat' dir='ltr'>collega</span> <span class='ocrx_word' id='word_1_355' title='bbox 669 2814 771 2834; x_wconf 83' lang='lat' dir='ltr'>noxae</span> <span class='ocrx_word' id='word_1_356' title='bbox 795 2804 959 2840; x_wconf 73' lang='lat' dir='ltr'>damnam,</span> <span class='ocrx_word' id='word_1_357' title='bbox 982 2804 1070 2834; x_wconf 85' lang='lat' dir='ltr'>solus</span> 
     </span>
     <span class='ocr_line' id='line_1_52' title="bbox 397 2843 1007 2884; baseline 0.005 -12"><span class='ocrx_word' id='word_1_358' title='bbox 397 2843 614 2881; x_wconf 71' lang='lat' dir='ltr'>magistratum</span> <span class='ocrx_word' id='word_1_359' title='bbox 631 2847 769 2883; x_wconf 75' lang='lat' dir='ltr'>gerebat.</span> <span class='ocrx_word' id='word_1_360' title='bbox 796 2846 893 2876; x_wconf 88' lang='lat' dir='ltr'>Dion.</span> <span class='ocrx_word' id='word_1_361' title='bbox 912 2856 939 2875; x_wconf 82' lang='lat' dir='ltr'>v.</span> <span class='ocrx_word' id='word_1_362' title='bbox 959 2854 1007 2884; x_wconf 84' lang='lat'>57.</span> 
     </span>
    </p>

    <p class='ocr_par' dir='ltr' id='par_1_7' title="bbox 398 2887 1067 2968">
     <span class='ocr_line' id='line_1_53' title="bbox 440 2887 1064 2927; baseline 0.002 -11"><span class='ocrx_word' id='word_1_363' title='bbox 440 2888 458 2916; x_wconf 81' lang='lat'>8</span> <span class='ocrx_word' id='word_1_364' title='bbox 481 2887 676 2925; x_wconf 64' lang='lat' dir='ltr'>Alayistrnm</span> <span class='ocrx_word' id='word_1_365' title='bbox 704 2889 864 2926; x_wconf 75' lang='lat' dir='ltr'>equitum]</span> <span class='ocrx_word' id='word_1_366' title='bbox 907 2888 1064 2927; x_wconf 80' lang='lat' dir='ltr'>Pompon.</span> 
     </span>
     <span class='ocr_line' id='line_1_54' title="bbox 398 2928 1067 2968; baseline 0.001 -9"><span class='ocrx_word' id='word_1_367' title='bbox 398 2930 451 2960; x_wconf 85' lang='lat' dir='ltr'>Or.</span> <span class='ocrx_word' id='word_1_368' title='bbox 476 2928 547 2959; x_wconf 86' lang='lat' dir='ltr'>Jur.</span> <span class='ocrx_word' id='word_1_369' title='bbox 572 2929 588 2966; x_wconf 71' lang='grc' dir='ltr'><strong>ξ</strong></span> <span class='ocrx_word' id='word_1_370' title='bbox 615 2938 661 2968; x_wconf 89' lang='grc'>19.</span> <span class='ocrx_word' id='word_1_371' title='bbox 685 2931 704 2944; x_wconf 69' lang='lat'>⁴¹·</span> <span class='ocrx_word' id='word_1_372' title='bbox 720 2929 762 2959; x_wconf 84' lang='lat' dir='ltr'>Et</span> <span class='ocrx_word' id='word_1_373' title='bbox 787 2929 836 2959; x_wconf 85' lang='lat' dir='ltr'>his</span> <span class='ocrx_word' id='word_1_374' title='bbox 859 2930 1067 2960; x_wconf 73' lang='lat' dir='ltr'>dictatoribus</span> 
     </span>
    </p>
   </div>
   <div class='ocr_carea' id='block_1_4' title="bbox 1106 1867 1782 2928">
    <p class='ocr_par' dir='ltr' id='par_1_8' title="bbox 1106 1867 1782 2163">
     <span class='ocr_line' id='line_1_55' title="bbox 1106 1867 1781 1908; baseline 0.001 -10"><span class='ocrx_word' id='word_1_375' title='bbox 1106 1867 1247 1907; x_wconf 84' lang='lat' dir='ltr'>magistri</span> <span class='ocrx_word' id='word_1_376' title='bbox 1277 1868 1421 1907; x_wconf 88' lang='lat' dir='ltr'>equitum</span> <span class='ocrx_word' id='word_1_377' title='bbox 1451 1867 1710 1908; x_wconf 86' lang='lat' dir='ltr'>iniungebantur,</span> <span class='ocrx_word' id='word_1_378' title='bbox 1735 1867 1781 1899; x_wconf 84' lang='lat' dir='ltr'>sic</span> 
     </span>
     <span class='ocr_line' id='line_1_56' title="bbox 1107 1911 1782 1951; baseline 0 -10"><span class='ocrx_word' id='word_1_379' title='bbox 1107 1911 1268 1950; x_wconf 85' lang='lat' dir='ltr'>quomodo</span> <span class='ocrx_word' id='word_1_380' title='bbox 1298 1911 1424 1951; x_wconf 86' lang='lat' dir='ltr'>regibus</span> <span class='ocrx_word' id='word_1_381' title='bbox 1449 1911 1568 1940; x_wconf 86' lang='lat' dir='ltr'>tribuni</span> <span class='ocrx_word' id='word_1_382' title='bbox 1595 1911 1782 1942; x_wconf 41' lang='lat' dir='ltr'>Celerum?</span> 
     </span>
     <span class='ocr_line' id='line_1_57' title="bbox 1107 1953 1780 1994; baseline 0.002 -12"><span class='ocrx_word' id='word_1_383' title='bbox 1107 1953 1242 1984; x_wconf 89' lang='lat' dir='ltr'>Niebhr.</span> <span class='ocrx_word' id='word_1_384' title='bbox 1259 1953 1278 1984; x_wconf 93' lang='lat' dir='ltr'>i.</span> <span class='ocrx_word' id='word_1_385' title='bbox 1297 1964 1328 1993; x_wconf 89' lang='lat' dir='ltr'>p.</span> <span class='ocrx_word' id='word_1_386' title='bbox 1346 1963 1406 1994; x_wconf 81' lang='lat'>559</span> <span class='ocrx_word' id='word_1_387' title='bbox 1422 1953 1612 1993; x_wconf 83' lang='lat' dir='ltr'>suspicatur,</span> <span class='ocrx_word' id='word_1_388' title='bbox 1628 1954 1780 1993; x_wconf 73' lang='lat' dir='ltr'>quemad-</span> 
     </span>
     <span class='ocr_line' id='line_1_58' title="bbox 1106 1995 1781 2036; baseline 0.001 -11"><span class='ocrx_word' id='word_1_389' title='bbox 1106 1997 1239 2026; x_wconf 88' lang='lat' dir='ltr'>modum</span> <span class='ocrx_word' id='word_1_390' title='bbox 1269 1997 1456 2036; x_wconf 61' lang='lat' dir='ltr'>magistrum</span> <span class='ocrx_word' id='word_1_391' title='bbox 1487 1995 1600 2035; x_wconf 85' lang='lat' dir='ltr'>populi</span> <span class='ocrx_word' id='word_1_392' title='bbox 1625 2006 1781 2026; x_wconf 82' lang='lat' dir='ltr'>consensu</span> 
     </span>
     <span class='ocr_line' id='line_1_59' title="bbox 1108 2038 1782 2078; baseline 0.001 -10"><span class='ocrx_word' id='word_1_393' title='bbox 1108 2038 1325 2078; x_wconf 79' lang='lat' dir='ltr'>patriciorum,</span> <span class='ocrx_word' id='word_1_394' title='bbox 1341 2049 1383 2069; x_wconf 86' lang='lat' dir='ltr'>sc.</span> <span class='ocrx_word' id='word_1_395' title='bbox 1399 2049 1454 2069; x_wconf 57' lang='grc' dir='ltr'>εει</span> <span class='ocrx_word' id='word_1_396' title='bbox 1468 2039 1713 2078; x_wconf 58' lang='lat' dir='ltr'>suffrqqiorum,</span> <span class='ocrx_word' id='word_1_397' title='bbox 1735 2038 1782 2069; x_wconf 76' lang='lat' dir='ltr'>ita</span> 
     </span>
     <span class='ocr_line' id='line_1_60' title="bbox 1107 2081 1781 2121; baseline 0.003 -11"><span class='ocrx_word' id='word_1_398' title='bbox 1107 2081 1293 2120; x_wconf 83' lang='lat' dir='ltr'>magistrum</span> <span class='ocrx_word' id='word_1_399' title='bbox 1331 2081 1475 2119; x_wconf 83' lang='lat' dir='ltr'>equitum</span> <span class='ocrx_word' id='word_1_400' title='bbox 1511 2081 1598 2111; x_wconf 84' lang='lat' dir='ltr'>iussu</span> <span class='ocrx_word' id='word_1_401' title='bbox 1635 2082 1781 2121; x_wconf 88' lang='lat' dir='ltr'>equitum</span> 
     </span>
     <span class='ocr_line' id='line_1_61' title="bbox 1110 2123 1590 2163; baseline 0.002 -10"><span class='ocrx_word' id='word_1_402' title='bbox 1110 2124 1308 2163; x_wconf 88' lang='lat' dir='ltr'>plebeiorum</span> <span class='ocrx_word' id='word_1_403' title='bbox 1326 2127 1469 2153; x_wconf 86' lang='lat' dir='ltr'>creatum</span> <span class='ocrx_word' id='word_1_404' title='bbox 1484 2123 1590 2154; x_wconf 83' lang='lat' dir='ltr'>fuisse.</span> 
     </span>
    </p>

    <p class='ocr_par' dir='ltr' id='par_1_9' title="bbox 1109 2166 1782 2334">
     <span class='ocr_line' id='line_1_62' title="bbox 1152 2166 1781 2207; baseline 0.002 -11"><span class='ocrx_word' id='word_1_405' title='bbox 1152 2176 1171 2207; x_wconf 81' lang='lat'>9</span> <span class='ocrx_word' id='word_1_406' title='bbox 1196 2167 1386 2197; x_wconf 79' lang='lat' dir='ltr'>Consulares</span> <span class='ocrx_word' id='word_1_407' title='bbox 1401 2167 1520 2206; x_wconf 64' lang='lat' dir='ltr'>legere]</span> <span class='ocrx_word' id='word_1_408' title='bbox 1553 2166 1630 2197; x_wconf 92' lang='lat' dir='ltr'>Non</span> <span class='ocrx_word' id='word_1_409' title='bbox 1652 2176 1781 2197; x_wconf 81' lang='lat' dir='ltr'>accusa-</span> 
     </span>
     <span class='ocr_line' id='line_1_63' title="bbox 1109 2208 1782 2240; baseline 0 -1"><span class='ocrx_word' id='word_1_410' title='bbox 1109 2209 1175 2239; x_wconf 92' lang='lat' dir='ltr'>tivo</span> <span class='ocrx_word' id='word_1_411' title='bbox 1191 2210 1246 2239; x_wconf 89' lang='lat' dir='ltr'>sed</span> <span class='ocrx_word' id='word_1_412' title='bbox 1262 2209 1459 2239; x_wconf 81' lang='lat' dir='ltr'>nominativo</span> <span class='ocrx_word' id='word_1_413' title='bbox 1475 2208 1578 2239; x_wconf 82' lang='lat' dir='ltr'>dictos</span> <span class='ocrx_word' id='word_1_414' title='bbox 1591 2219 1658 2239; x_wconf 86' lang='lat' dir='ltr'>esse</span> <span class='ocrx_word' id='word_1_415' title='bbox 1673 2212 1782 2240; x_wconf 75' lang='lat' dir='ltr'>censet</span> 
     </span>
     <span class='ocr_line' id='line_1_64' title="bbox 1111 2251 1781 2291; baseline 0 -9"><span class='ocrx_word' id='word_1_416' title='bbox 1111 2251 1212 2282; x_wconf 88' lang='lat' dir='ltr'>Drak.</span> <span class='ocrx_word' id='word_1_417' title='bbox 1240 2262 1312 2282; x_wconf 80' lang='lat' dir='ltr'>eam</span> <span class='ocrx_word' id='word_1_418' title='bbox 1339 2251 1531 2281; x_wconf 84' lang='lat' dir='ltr'>sententiam</span> <span class='ocrx_word' id='word_1_419' title='bbox 1561 2251 1706 2291; x_wconf 78' lang='lat' dir='ltr'>pluribus</span> <span class='ocrx_word' id='word_1_420' title='bbox 1733 2261 1781 2282; x_wconf 86' lang='lat' dir='ltr'>ar-</span> 
     </span>
     <span class='ocr_line' id='line_1_65' title="bbox 1109 2293 1535 2334; baseline -0.002 -10"><span class='ocrx_word' id='word_1_421' title='bbox 1109 2294 1269 2334; x_wconf 84' lang='lat' dir='ltr'>gumentis</span> <span class='ocrx_word' id='word_1_422' title='bbox 1283 2293 1401 2324; x_wconf 83' lang='lat' dir='ltr'>refellit</span> <span class='ocrx_word' id='word_1_423' title='bbox 1417 2293 1535 2324; x_wconf 86' lang='lat' dir='ltr'>Stroth.</span> 
     </span>
    </p>

    <p class='ocr_par' dir='ltr' id='par_1_10' title="bbox 1109 2336 1782 2578">
     <span class='ocr_line' id='line_1_66' title="bbox 1156 2336 1782 2376; baseline -0.002 -10"><span class='ocrx_word' id='word_1_424' title='bbox 1156 2346 1168 2366; x_wconf 91' lang='lat'>1</span> <span class='ocrx_word' id='word_1_425' title='bbox 1194 2337 1358 2374; x_wconf 79' lang='lat' dir='ltr'>Lartium]</span> <span class='ocrx_word' id='word_1_426' title='bbox 1385 2336 1682 2366; x_wconf 82' lang='lat' dir='ltr'>Titum-Marcium</span> <span class='ocrx_word' id='word_1_427' title='bbox 1705 2336 1782 2376; x_wconf 85' lang='lat' dir='ltr'>legi—</span> 
     </span>
     <span class='ocr_line' id='line_1_67' title="bbox 1109 2377 1781 2418; baseline 0.001 -10"><span class='ocrx_word' id='word_1_428' title='bbox 1109 2389 1181 2408; x_wconf 87' lang='lat' dir='ltr'>mus</span> <span class='ocrx_word' id='word_1_429' title='bbox 1203 2389 1254 2418; x_wconf 88' lang='lat' dir='ltr'>ap.</span> <span class='ocrx_word' id='word_1_430' title='bbox 1273 2378 1354 2417; x_wconf 72' lang='lat' dir='ltr'>Lyd.</span> <span class='ocrx_word' id='word_1_431' title='bbox 1372 2379 1412 2408; x_wconf 90' lang='lat' dir='ltr'>de</span> <span class='ocrx_word' id='word_1_432' title='bbox 1427 2378 1515 2417; x_wconf 86' lang='lat' dir='ltr'>Mag.</span> <span class='ocrx_word' id='word_1_433' title='bbox 1536 2378 1556 2409; x_wconf 90' lang='lat' dir='ltr'>i.</span> <span class='ocrx_word' id='word_1_434' title='bbox 1575 2385 1624 2417; x_wconf 84' lang='lat'>37.</span> <span class='ocrx_word' id='word_1_435' title='bbox 1647 2378 1687 2409; x_wconf 91' lang='lat' dir='ltr'>T.</span> <span class='ocrx_word' id='word_1_436' title='bbox 1703 2377 1781 2409; x_wconf 87' lang='lat' dir='ltr'>Lar-</span> 
     </span>
     <span class='ocr_line' id='line_1_68' title="bbox 1110 2420 1780 2460; baseline 0.003 -9"><span class='ocrx_word' id='word_1_437' title='bbox 1110 2421 1204 2451; x_wconf 89' lang='lat' dir='ltr'>cium.</span> <span class='ocrx_word' id='word_1_438' title='bbox 1221 2431 1272 2460; x_wconf 85' lang='lat' dir='ltr'>ap.</span> <span class='ocrx_word' id='word_1_439' title='bbox 1291 2421 1358 2452; x_wconf 86' lang='lat' dir='ltr'>Cic.</span> <span class='ocrx_word' id='word_1_440' title='bbox 1373 2421 1413 2451; x_wconf 90' lang='lat' dir='ltr'>de</span> <span class='ocrx_word' id='word_1_441' title='bbox 1430 2421 1513 2460; x_wconf 86' lang='lat' dir='ltr'>Rep.</span> <span class='ocrx_word' id='word_1_442' title='bbox 1526 2420 1558 2451; x_wconf 91' lang='lat' dir='ltr'>ii.</span> <span class='ocrx_word' id='word_1_443' title='bbox 1573 2430 1621 2460; x_wconf 81' lang='lat'>32.</span> <span class='ocrx_word' id='word_1_444' title='bbox 1640 2420 1738 2453; x_wconf 90' lang='lat' dir='ltr'>Dion.</span> <span class='ocrx_word' id='word_1_445' title='bbox 1752 2432 1780 2453; x_wconf 90' lang='lat' dir='ltr'>v.</span> 
     </span>
     <span class='ocr_line' id='line_1_69' title="bbox 1113 2463 1781 2502; baseline 0.001 -8"><span class='ocrx_word' id='word_1_446' title='bbox 1113 2474 1160 2502; x_wconf 84' lang='lat'>72.</span> <span class='ocrx_word' id='word_1_447' title='bbox 1193 2464 1251 2494; x_wconf 85' lang='grc' dir='ltr'>Μ’.</span> <span class='ocrx_word' id='word_1_448' title='bbox 1278 2463 1445 2493; x_wconf 80' lang='lat' dir='ltr'>Valerium</span> <span class='ocrx_word' id='word_1_449' title='bbox 1475 2463 1562 2502; x_wconf 87' lang='lat' dir='ltr'>apud</span> <span class='ocrx_word' id='word_1_450' title='bbox 1592 2463 1724 2494; x_wconf 88' lang='lat' dir='ltr'>Festum</span> <span class='ocrx_word' id='word_1_451' title='bbox 1751 2474 1781 2496; x_wconf 83' lang='lat' dir='ltr'>v.</span> 
     </span>
     <span class='ocr_line' id='line_1_70' title="bbox 1114 2505 1782 2545; baseline 0.003 -9"><span class='ocrx_word' id='word_1_452' title='bbox 1114 2507 1186 2545; x_wconf 83' lang='lat' dir='ltr'>Opt.</span> <span class='ocrx_word' id='word_1_453' title='bbox 1209 2507 1287 2536; x_wconf 62' lang='lat' dir='ltr'>Lem.</span> <span class='ocrx_word' id='word_1_454' title='bbox 1315 2506 1425 2536; x_wconf 86' lang='lat' dir='ltr'>Lartio</span> <span class='ocrx_word' id='word_1_455' title='bbox 1451 2505 1561 2535; x_wconf 83' lang='lat' dir='ltr'>favent</span> <span class='ocrx_word' id='word_1_456' title='bbox 1588 2505 1725 2537; x_wconf 87' lang='lat' dir='ltr'>Niebhr.</span> <span class='ocrx_word' id='word_1_457' title='bbox 1748 2511 1782 2538; x_wconf 82' lang='lat' dir='ltr'>et</span> 
     </span>
     <span class='ocr_line' id='line_1_71' title="bbox 1114 2548 1282 2578; baseline -0.006 0"><span class='ocrx_word' id='word_1_458' title='bbox 1114 2548 1282 2578; x_wconf 80' lang='lat' dir='ltr'>Wachsm.</span> 
     </span>
    </p>

    <p class='ocr_par' dir='ltr' id='par_1_11' title="bbox 1112 2591 1782 2705">
     <span class='ocr_line' id='line_1_72' title="bbox 1153 2591 1778 2630; baseline 0.005 -10"><span class='ocrx_word' id='word_1_459' title='bbox 1153 2601 1170 2620; x_wconf 74' lang='lat'><strong>2</strong></span> <span class='ocrx_word' id='word_1_460' title='bbox 1194 2592 1340 2629; x_wconf 56' lang='grc' dir='ltr'>[Νη-911713</span> <span class='ocrx_word' id='word_1_461' title='bbox 1364 2591 1483 2630; x_wconf 81' lang='lat' dir='ltr'>plebem</span> <span class='ocrx_word' id='word_1_462' title='bbox 1509 2595 1610 2621; x_wconf 72' lang='lat' dir='ltr'>‘metus</span> <span class='ocrx_word' id='word_1_463' title='bbox 1633 2592 1778 2630; x_wconf 72' lang='lat' dir='ltr'>incessit]</span> 
     </span>
     <span class='ocr_line' id='line_1_73' title="bbox 1113 2633 1782 2673; baseline 0.003 -10"><span class='ocrx_word' id='word_1_464' title='bbox 1113 2633 1162 2663; x_wconf 90' lang='lat' dir='ltr'>Eo</span> <span class='ocrx_word' id='word_1_465' title='bbox 1186 2634 1271 2672; x_wconf 86' lang='lat' dir='ltr'>quod</span> <span class='ocrx_word' id='word_1_466' title='bbox 1299 2633 1384 2673; x_wconf 83' lang='lat' dir='ltr'>leges</span> <span class='ocrx_word' id='word_1_467' title='bbox 1410 2633 1560 2663; x_wconf 82' lang='lat' dir='ltr'>Valen&#39;ae</span> <span class='ocrx_word' id='word_1_468' title='bbox 1583 2633 1648 2664; x_wconf 89' lang='lat' dir='ltr'>iam</span> <span class='ocrx_word' id='word_1_469' title='bbox 1673 2634 1782 2666; x_wconf 82' lang='lat' dir='ltr'>irritae</span> 
     </span>
     <span class='ocr_line' id='line_1_74' title="bbox 1112 2680 1224 2705; baseline 0 0"><span class='ocrx_word' id='word_1_470' title='bbox 1112 2680 1224 2705; x_wconf 86' lang='lat' dir='ltr'>essent.</span> 
     </span>
    </p>

    <p class='ocr_par' dir='ltr' id='par_1_12' title="bbox 1111 2718 1782 2928">
     <span class='ocr_line' id='line_1_75' title="bbox 1157 2718 1782 2758; baseline 0.002 -9"><span class='ocrx_word' id='word_1_471' title='bbox 1157 2728 1174 2757; x_wconf 83' lang='lat'>3</span> <span class='ocrx_word' id='word_1_472' title='bbox 1197 2719 1249 2749; x_wconf 84' lang='lat' dir='ltr'>Eo</span> <span class='ocrx_word' id='word_1_473' title='bbox 1261 2719 1362 2757; x_wconf 62' lang='lat' dir='ltr'>massis</span> <span class='ocrx_word' id='word_1_474' title='bbox 1377 2720 1460 2758; x_wconf 73' lang='lat' dir='ltr'>quod</span> <span class='ocrx_word' id='word_1_475' title='bbox 1475 2722 1609 2758; x_wconf 80' lang='lat' dir='ltr'>propter</span> <span class='ocrx_word' id='word_1_476' title='bbox 1623 2719 1672 2757; x_wconf 83' lang='lat' dir='ltr'>se]</span> <span class='ocrx_word' id='word_1_477' title='bbox 1702 2718 1782 2750; x_wconf 88' lang='lat' dir='ltr'>Suh-</span> 
     </span>
     <span class='ocr_line' id='line_1_76' title="bbox 1111 2760 1780 2800; baseline 0.001 -10"><span class='ocrx_word' id='word_1_478' title='bbox 1111 2761 1177 2790; x_wconf 87' lang='lat' dir='ltr'>olet</span> <span class='ocrx_word' id='word_1_479' title='bbox 1214 2760 1265 2790; x_wconf 89' lang='lat' dir='ltr'>hic</span> <span class='ocrx_word' id='word_1_480' title='bbox 1303 2761 1437 2800; x_wconf 80' lang='lat' dir='ltr'>aliquid,</span> <span class='ocrx_word' id='word_1_481' title='bbox 1472 2761 1558 2800; x_wconf 88' lang='lat' dir='ltr'>quod</span> <span class='ocrx_word' id='word_1_482' title='bbox 1592 2761 1780 2791; x_wconf 83' lang='lat' dir='ltr'>dictatorem</span> 
     </span>
     <span class='ocr_line' id='line_1_77' title="bbox 1112 2803 1780 2842; baseline 0 -9"><span class='ocrx_word' id='word_1_483' title='bbox 1112 2803 1189 2833; x_wconf 84' lang='lat' dir='ltr'>belli</span> <span class='ocrx_word' id='word_1_484' title='bbox 1215 2803 1347 2841; x_wconf 74' lang='lat' dir='ltr'>gerundi</span> <span class='ocrx_word' id='word_1_485' title='bbox 1375 2814 1471 2833; x_wconf 83' lang='lat' dir='ltr'>causa</span> <span class='ocrx_word' id='word_1_486' title='bbox 1497 2807 1638 2833; x_wconf 87' lang='lat' dir='ltr'>creatum</span> <span class='ocrx_word' id='word_1_487' title='bbox 1667 2803 1780 2842; x_wconf 85' lang='lat' dir='ltr'>arguit.</span> 
     </span>
     <span class='ocr_line' id='line_1_78' title="bbox 1114 2827 1781 2885; baseline 0 -10"><span class='ocrx_word' id='word_1_488' title='bbox 1114 2846 1152 2876; x_wconf 83' lang='lat' dir='ltr'>cf.</span> <span class='ocrx_word' id='word_1_489' title='bbox 1168 2827 1302 2876; x_wconf 73' lang='lat' dir='ltr'>Niebhi.</span> <span class='ocrx_word' id='word_1_490' title='bbox 1320 2856 1350 2884; x_wconf 90' lang='lat' dir='ltr'>p.</span> <span class='ocrx_word' id='word_1_491' title='bbox 1369 2856 1440 2885; x_wconf 80' lang='lat'>553,</span> <span class='ocrx_word' id='word_1_492' title='bbox 1456 2850 1488 2876; x_wconf 91' lang='lat' dir='ltr'>et</span> <span class='ocrx_word' id='word_1_493' title='bbox 1505 2845 1638 2876; x_wconf 84' lang='lat' dir='ltr'>Niebhr.</span> <span class='ocrx_word' id='word_1_494' title='bbox 1657 2845 1745 2885; x_wconf 88' lang='lat' dir='ltr'>Epit.</span> <span class='ocrx_word' id='word_1_495' title='bbox 1761 2856 1781 2876; x_wconf 85' lang='lat' dir='ltr'>a</span> 
     </span>
     <span class='ocr_line' id='line_1_79' title="bbox 1111 2888 1557 2928; baseline 0 -9"><span class='ocrx_word' id='word_1_496' title='bbox 1111 2888 1252 2919; x_wconf 84' lang='lat' dir='ltr'>Twissio.</span> <span class='ocrx_word' id='word_1_497' title='bbox 1270 2889 1420 2928; x_wconf 81' lang='lat' dir='ltr'>Append.</span> <span class='ocrx_word' id='word_1_498' title='bbox 1438 2898 1468 2928; x_wconf 87' lang='lat' dir='ltr'>p.</span> <span class='ocrx_word' id='word_1_499' title='bbox 1488 2897 1557 2928; x_wconf 79' lang='lat'>355.</span> 
     </span>
    </p>
   </div>
  </div>
 </body>
</html>
