1934 3211
163 276 206 306 U.
224 276 261 307 C.
281 285 351 316 255.

161 319 199 348 A.
225 320 262 350 O.
280 328 351 360 497.

382 181 433 219 94
892 177 1039 218 ΤΙΤΙ
1082 176 1259 218 LIVII

380 266 548 308 adortus
570 266 800 323 transfigit:
835 281 912 309 nec
938 268 1167 323 quicquam
1189 267 1342 323 equitis
1363 266 1536 308 vulnere
1558 281 1668 322 equo
1701 281 1766 307 re-

381 324 556 374 tardato,
594 325 869 367 moribundus
911 324 1140 374 Romanus,
1174 324 1411 366 labentibus
1451 339 1576 380 super
1615 339 1765 380 corpus

380 383 517 432 armis,
540 382 594 423 ad
621 391 773 424 teriam
794 383 982 424 defluxit.
1046 382 1240 423 Dictator
1266 382 1520 431 Postumius,
1543 390 1766 438 postquam

380 440 577 481 cecidisse
592 440 717 481 talem
732 440 880 490 virum,
899 440 1063 482 exsules
1076 440 1269 481 ferociter
1282 440 1408 480 citato
1425 439 1591 495 agmine
1609 439 1764 489 invehi,

379 513 475 539 suos
509 497 721 554 pelculsos
755 498 903 539 cedere
938 497 1253 546 animadvertit3
1296 475 1475 538 cohortiO
1491 512 1602 546 suae,
1639 512 1766 552 quam

379 555 585 596 delectam
625 571 796 596 manum
836 555 1031 611 piaesidii
1071 569 1194 595 causa
1229 554 1338 595 circa
1377 570 1419 595 se
1461 554 1652 603 habebat,
1694 554 1767 595 dat

379 613 558 669 signum,
596 621 654 661 ut,
687 628 813 668 quem
849 627 1018 653 suorum
1052 611 1283 667 fugientem
1315 611 1508 660 viderint,
1539 626 1615 667 pro
1647 611 1765 652 hoste

377 671 569 711 habeant.
618 670 683 711 Ita
704 679 819 711 metu
840 669 1011 725 ancipiti
1032 669 1139 710 versi
1160 684 1184 709 a
1202 669 1299 724 fuga
1322 668 1534 709 Romani
1524 684 1568 709 1n
1588 668 1764 719 hostem,

377 738 420 769 et
437 729 628 769 1051111111
649 728 769 768 acics.
835 726 998 767 Coh01s
1018 726 1233 767 dictatoris
1250 736 1339 767 111111
1360 727 1541 782 primum
1558 725 1766 782 pioelium

377 786 493 826 iniit:
537 785 708 840 integris
742 784 983 840 corporibus
1015 784 1247 839 animisque
1278 784 1405 824 105505
1436 783 1571 824 adorti
1601 783 1765 825 exsules

376 844 571 884 caedunt.
635 842 702 884 Ibi
724 841 804 882 alia
824 842 934 882 inter
954 856 1144 897 proceres
1166 850 1307 882 coorta
1326 856 1479 897 pugna.
1533 840 1765 897 Imperator

377 901 566 949 Latinus,
592 900 663 941 ubi
689 900 905 940 cohortem
927 899 1117 940 exsulum
1144 915 1168 940 a
1188 899 1388 940 dictatore
1419 899 1613 939 Romano
1633 913 1763 964 prope

377 958 704 998 cilcumventam
737 957 854 1006 vidit,
887 972 940 998 ex
977 957 1232 998 subsidiariis
1262 956 1497 1013 manipulos
1530 956 1690 1021 aliquot
1719 957 1765 997 in

377 1015 497 1071 piimz
487 1030 552 1056 (1111
593 1015 725 1056 aciem
758 1029 900 1055 secum
932 1014 1051 1070 rapit.
1115 1014 1207 1055 Hos
1248 1029 1415 1071 agmine
1457 1014 1674 1055 venientes
1710 1013 1761 1055 T.

378 1072 625 1113 Henninius
646 1072 806 1128 legatus
827 1072 1100 1128 conspicatus,
1123 1072 1316 1127 interque
1333 1087 1403 1113 eos
1423 1072 1630 1128 insignem
1650 1079 1764 1113 veste

376 1130 584 1186 armisque
603 1129 843 1170 Mamilium
864 1129 1084 1178 noscitans,
1105 1138 1221 1170 tanto
1237 1129 1277 1169 vi
1294 1130 1462 1179 maiore,
1481 1144 1606 1185 quam
1623 1128 1764 1194 paullo

375 1196 471 1229 ante
494 1188 690 1244 magister
719 1187 922 1243 equitum,
945 1202 1042 1228 cum
1072 1186 1255 1227 hostium
1283 1187 1390 1228 duce
1422 1186 1628 1242 proelium
1655 1186 1762 1236 iniit,

376 1254 422 1286 ut
443 1255 485 1286 01
506 1261 591 1286 1100
612 1245 699 1286 10111
722 1245 969 1286 transfixum
990 1259 1065 1300 per
1092 1244 1199 1285 latus
1221 1244 1422 1285 occiderit
1448 1243 1699 1293 Mamilium,
1722 1253 1764 1285 et

375 1303 462 1359 ipse
485 1303 595 1344 inter
615 1302 881 1359 spoliandum
899 1317 1048 1358 corpus
1069 1301 1198 1343 hostis
1217 1311 1366 1343 veruto
1386 1316 1617 1358 percussus,
1632 1316 1764 1357 quum

374 1362 507 1402 victor
528 1361 571 1401 in
600 1370 732 1401 castra
752 1368 859 1401 esset
878 1359 1043 1409 relatus,
1066 1360 1176 1400 inter
1202 1360 1381 1416 primam
1405 1360 1663 1401 curationem
1691 1374 1764 1400 ex-

376 1418 602 1474 spiraverit.
666 1417 779 1458 Tum
801 1417 854 1458 ad
875 1417 1038 1473 equites
1060 1417 1236 1458 dictator
1257 1417 1433 1467 advolat,
1457 1417 1680 1466 obtestans,
1703 1425 1762 1466 ut,

374 1475 481 1517 fesso
503 1476 585 1516 iam
603 1475 758 1531 pedite,
777 1474 1034 1516 descendant
1054 1490 1107 1515 ex
1125 1475 1256 1530 equiS,
1275 1483 1317 1516 et
1332 1490 1517 1530 pugnam
1534 1482 1761 1530 capessant.
1777 1477 1797 1510 6

376 1533 505 1574 Dicto
527 1548 701 1589 paruere
719 1548 728 1572 t
762 1532 961 1573 desiliunt
982 1547 1036 1572 ex
1057 1532 1188 1587 equiS,
1211 1532 1429 1588 provolant
1449 1533 1493 1572 in
1508 1532 1704 1588 primum,
1722 1541 1765 1573 et

375 1606 451 1646 pro
473 1590 754 1646 antesignanis
774 1604 937 1645 parmas
963 1589 1177 1630 obiiciunt.
1242 1589 1413 1645 Recipit
1437 1589 1651 1645 extemplo
1675 1589 1764 1630 ani·
1779 1598 1795 1628 7

376 1663 491 1689 mum
513 1648 715 1704 pedestris
741 1647 861 1696 acies,
884 1655 1104 1703 postquam
1125 1647 1352 1688 iuventutis
1373 1661 1564 1703 proceres
1585 1655 1764 1703 aequato

374 1721 528 1761 genere
565 1721 729 1761 pugnae
763 1720 903 1746 secum
945 1713 1106 1760 partem
1145 1705 1321 1760 periculi
1356 1705 1608 1746 sustinentes
1643 1704 1760 1745 vidit.

376 1763 489 1804 Tum
520 1764 690 1804 demum
719 1762 887 1818 impulsi
917 1762 1073 1811 Latini,
1103 1762 1375 1818 perculsaque
1400 1762 1617 1803 inclinavit
1641 1762 1761 1803 acies.

377 1820 525 1876 Equiti
550 1820 707 1861 admoti
738 1820 849 1876 equi,
872 1828 920 1860 ut
946 1820 1141 1876 persequi
1167 1819 1330 1860 hostem
1357 1830 1518 1876 posset:
1553 1828 1695 1861 secuta
1721 1828 1765 1861 et

374 1878 578 1934 pedestris
609 1878 728 1919 acics.
791 1877 869 1927 Ibi,
895 1877 1001 1918 nihil
1031 1892 1109 1918 nec
1140 1877 1305 1918 divinae
1333 1892 1412 1918 nec
1440 1877 1647 1918 humanae
1673 1877 1764 1934 opis

375 1936 553 1977 dictator
582 1935 931 1991 praetermittens,
961 1934 1109 1976 aedem
1143 1934 1308 1976 Castori
1338 1935 1496 1976 vovisse
1526 1934 1682 1975 fertur:
1715 1946 1794 1976 acss

373 1993 663 2049 pronuntiasse
705 1993 827 2033 militi
867 1993 1064 2048 praemia,
1102 1993 1175 2048 qui
1215 1992 1385 2048 primus,
1427 1992 1500 2047 qui
1540 1991 1762 2042 secundus,

375 2059 508 2091 castra
543 2051 724 2091 hostium
757 2050 970 2091 intrasset:
1006 2057 1228 2105 tantusque
1262 2049 1383 2090 ardor
1412 2049 1503 2099 fuit,
1536 2058 1583 2090 ut
1614 2049 1763 2091 eodem

375 2108 547 2164 impetu,
583 2123 667 2163 quo
707 2107 902 2148 fuderant
942 2107 1117 2157 hostem,
1157 2107 1340 2148 Romani
1380 2115 1512 2149 castra
1551 2115 1760 2163 caperent.

416 2252 435 2283 6
458 2255 661 2285 Descendant
677 2264 717 2284 ew
732 2254 837 2293 equis]
877 2252 967 2288 Quid
991 2252 1044 2291 igi-

372 2300 424 2326 tur
439 2300 516 2326 tunc
532 2297 647 2335 agebat
659 2295 820 2334 equitatus
834 2294 1022 2325 Latinorum
1032 2298 1045 2325 Ρ

374 2339 477 2369 Recte
494 2340 639 2369 observat
656 2338 801 2369 Clericus
816 2337 931 2367 mirum
949 2337 1046 2367 videri

373 2382 499 2419 debere,
526 2382 611 2421 quod
642 2380 753 2410 multis
791 2380 905 2419 pugnis
937 2380 1047 2410 Livius

372 2424 553 2454 fiictitatum
581 2427 748 2460 memorat,
771 2427 806 2453 ut
829 2422 952 2461 equites
979 2422 1043 2452 Ro-

373 2467 458 2496 mani
486 2467 716 2497 descenderent
742 2476 782 2495 ex
809 2465 918 2504 equis:
955 2465 1043 2503 quasi

373 2509 496 2539 hostilis
512 2509 672 2548 equitatus
686 2511 743 2538 aut
758 2508 866 2537 nullus
882 2510 974 2544 essct,
988 2511 1045 2537 aut

373 2554 499 2590 torpore
510 2552 649 2591 quodam
663 2551 795 2581 defixus.
816 2550 921 2581 CREV.
961 2549 1045 2580 Fieri

373 2597 479 2623 tamen
496 2597 602 2633 potest
617 2597 652 2623 ut
668 2597 751 2623 terra
766 2592 922 2632 equitatui
940 2592 1045 2622 minus

373 2637 542 2666 commoda
556 2636 661 2666 fuerit.

411 2686 427 2716 7
438 2680 463 2707 A
472 2679 686 2718 ntesiynam's]
695 2678 912 2717 Antesiynani
925 2677 945 2707 ii
959 2680 1043 2714 sunt,

374 2719 427 2757 qui
464 2724 539 2750 ante
575 2721 664 2759 signa
706 2720 738 2751 in
781 2721 850 2751 acie
887 2720 1043 2750 locantur.

375 2762 493 2791 Probat
532 2762 659 2801 Lipsius
693 2764 732 2793 dc
766 2763 838 2793 Mil.
874 2763 970 2793 Rom.
1002 2761 1043 2793 iv.

374 2813 401 2842 3.
432 2804 710 2842 antesignanorum
748 2806 878 2835 nomine
908 2804 1043 2844 intelligi

372 2849 473 2875 totam
500 2846 634 2884 primum
661 2848 775 2884 aciem,
798 2848 863 2877 sive
888 2847 1044 2877 Hastatos

372 2888 556 2927 legionum:
588 2898 650 2917 non
676 2890 761 2926 quod
789 2889 808 2919 ii
836 2893 909 2920 ante
937 2889 1044 2919 omnia

373 2931 460 2969 signa
484 2934 599 2965 essent,
622 2930 774 2967 siquidem
800 2942 856 2960 51111
884 2931 1043 2965 habuere:

1089 2253 1144 2282 sed
1176 2252 1251 2291 quia
1280 2255 1354 2282 ante
1393 2251 1566 2291 praecipua
1600 2250 1762 2291 legionum

1089 2295 1188 2334 signa..
1205 2304 1286 2333 quae
1308 2294 1431 2333 longius
1453 2295 1493 2324 ab
1515 2294 1606 2324 hoste
1621 2303 1761 2325 remove-

1090 2338 1214 2367 bantur.
1238 2337 1342 2368 Cnssv.
1389 2337 1451 2367 Sed
1468 2336 1610 2366 oratione
1625 2341 1760 2375 προληπ-’

1090 2378 1160 2419 τίκῃ
1178 2379 1278 2409 utitur
1295 2378 1415 2415 Livius,
1431 2388 1487 2418 pro
1507 2379 1622 2418 primis
1642 2380 1760 2409 ordini-

1088 2423 1154 2452 bus.
1176 2421 1385 2461 Antesignani
1396 2431 1451 2451 5011
1461 2420 1639 2460 antepilani
1650 2424 1761 2460 postea

1088 2468 1178 2494 erant
1203 2465 1321 2494 hastati
1346 2468 1377 2494 et
1401 2465 1578 2503 principes,
1604 2464 1658 2503 qui
1684 2467 1760 2494 ante

1088 2507 1177 2546 signa
1192 2507 1329 2536 stabant.
1355 2505 1393 2536 cf.
1411 2505 1486 2536 xxii.
1505 2514 1532 2545 5.

1132 2552 1150 2579 8
1175 2550 1315 2586 Castori]
1346 2548 1390 2578 Et
1415 2547 1551 2578 Polluci.
1577 2549 1662 2579 Flor.
1685 2548 1706 2579 i.
1730 2559 1759 2580 2.

1088 2591 1176 2622 Suet.
1193 2592 1320 2622 Caesar.
1342 2601 1388 2621 10.
1414 2591 1453 2621 cf.
1468 2590 1535 2622 Cic.
1549 2591 1589 2621 de
1603 2591 1646 2622 N.
1660 2591 1758 2622 Deor.

1088 2634 1130 2665 iii.
1163 2645 1191 2673 5.
1249 2634 1347 2664 Nunc
1381 2633 1519 2673 primum
1554 2633 1625 2664 libri
1656 2633 1758 2674 Sibyl-

1087 2676 1145 2706 lini
1175 2676 1265 2713 aditi,
1296 2680 1393 2716 atque
1423 2676 1559 2713 Cereris,
1583 2675 1701 2714 Liberi,
1726 2680 1759 2707 et

1088 2719 1223 2750 Liberae
1256 2719 1352 2749 aedes
1383 2718 1508 2749 Graeco
1540 2718 1602 2749 ritu
1632 2719 1757 2750 dedica—

1088 2766 1150 2792 tae.
1190 2761 1278 2791 Hinc
1294 2761 1410 2792 sensim
1425 2762 1561 2792 Etrusca
1576 2760 1757 2801 superstitio

1089 2804 1286 2835 Graecorum
1317 2803 1485 2834 numinum
1515 2803 1616 2834 cultui
1649 2804 1756 2834 locum

1088 2847 1185 2877 dedit.
1211 2847 1295 2877 Plin.
1314 2847 1358 2877 H.
1374 2846 1417 2877 N.
1431 2857 1527 2877 xxxv.
1546 2855 1590 2876 12.
1615 2845 1682 2877 Cic.
1699 2854 1756 2884 pro

1089 2889 1182 2920 Balb.
1201 2899 1248 2927 24.
1275 2889 1442 2920 VVachsm.
1464 2899 1493 2928 p.
1511 2887 1580 2919 262.
