1934 3211
563 172 688 214 LIB.
722 171 799 213 VI.
848 172 994 213 CAP.
1027 175 1094 213 33.
1450 175 1532 214 383

129 263 184 305 ad
210 262 464 320 praesidium
493 262 635 309 urbis;
668 261 860 310 alterum,
890 261 978 315 qui,
1001 262 1035 301 si
1063 261 1137 316 qui
1162 260 1261 302 alibi
1290 270 1428 302 motus
1456 278 1530 303 ex·
1547 275 1590 306 U.
1608 275 1645 306 (ἓ.
1664 276 1737 315 378.

129 321 312 369 stitisset,
334 319 388 360 ad
407 318 546 359 subita
564 317 665 359 belli
687 317 797 358 mitti
821 326 962 373 posset
978 333 989 366 3
1022 318 1196 358 tertium
1217 317 1342 373 longe
1363 319 1531 360 validis-
1545 319 1584 348 A.
1609 319 1646 349 C·
1665 327 1737 357 374-

129 378 281 419 simum
312 376 360 417 P.
386 374 585 429 Valerius
619 383 662 416 et
699 374 748 416 L.
774 374 984 415 Aemilius
1017 373 1070 415 ad
1110 373 1320 415 Satricum
1356 375 1528 417 duxere.

131 433 218 476 Ubi
234 448 367 489 quum
382 432 515 474 aciem
532 433 780 474 instructam
793 432 977 473 hostium
999 431 1092 473 loco
1106 446 1242 487 aequo
1260 431 1530 482 invenissent,

128 489 342 546 extemplo
362 499 622 546 pugnatum:
656 499 712 539 et,
730 498 778 530 ut
799 489 990 530 nondum
1004 489 1102 530 satis
1123 488 1277 530 claram
1299 489 1529 539 victoriam,
1547 503 1658 533 Volsci
1676 508 1707 533 et

127 548 186 590 sic
206 562 429 604 prosperae
450 547 539 604 spei
564 562 751 603 pugnam
773 547 908 588 imber
932 546 1176 603 ingentibus
1202 545 1397 602 procellis
1417 546 1533 588 fusus
1547 545 1653 575 Latini
1670 545 1741 576 fusi.

127 605 310 647 diremit.
372 605 548 646 Postero
569 605 638 646 die
665 605 816 646 iterata
835 619 1001 660 pugna:
1037 613 1078 645 et
1107 603 1369 659 aliquamdiu
1397 619 1533 660 aequa

126 663 282 704 virtute
297 662 550 718 fortunaque
572 662 751 703 Latinae
769 662 951 703 maxime
969 661 1168 717 legiones,
1191 661 1317 717 longa
1331 661 1531 703 societate

128 719 322 762 militiam
360 720 598 761 Romanam
634 719 822 768 edoctae,
854 720 1077 760 restabant.
1142 718 1287 774 Eques
1322 719 1532 760 immissus

128 777 298 820 ordines
323 777 530 826 turbavit3
564 777 740 818 turbatis
767 777 887 833 signa
907 777 1101 833 peditum
1129 776 1269 817 illata:
1304 784 1531 832 quantum-

128 850 212 892 que
235 834 430 877 Romana
450 849 493 876 se
515 835 676 876 invexit
697 835 818 884 acies,
842 843 1005 875 tantum
1027 834 1167 875 hostes
1187 834 1320 890 gradu
1343 833 1527 875 demoti:

129 902 172 934 et
193 901 241 934 ut
261 892 391 934 semel
421 892 638 934 inclinavit
659 907 814 948 pugna,
838 892 921 932 iam
952 891 1227 933 intolerabilis
1257 891 1448 932 Romana
1472 891 1531 932 vis

129 959 230 992 erat.
294 949 393 991 Fusi
423 949 564 991 hostes
589 965 721 1006 quum
758 949 979 999 Satricum,
1009 949 1125 1005 quod
1153 949 1238 990 duo
1270 948 1401 989 millia
1431 948 1530 990 inde

130 1008 286 1057 aberat,
318 1023 404 1049 non
438 1017 583 1056 castra,
617 1016 825 1063 peterent,
860 1007 911 1048 ab
949 1007 1141 1063 equitatu
1176 1007 1358 1047 maxime
1395 1006 1528 1047 caesi:

129 1074 264 1107 castra
292 1080 340 1106 ca
373 1075 415 1106 ta
443 1064 704 1121 direptaque.
769 1065 839 1106 Ab
873 1064 1035 1106 Satrico
1066 1073 1203 1114 nocte,
1233 1079 1341 1120 quae
1372 1063 1532 1120 proelio

129 1122 322 1221 Rroxima
341 1080 433 1172 fuit,
449 1122 571 1178 fugae
593 1122 719 1163 simili
736 1122 902 1178 agmine
925 1131 1077 1178 petunt
1100 1122 1299 1163 Antium:
1335 1130 1377 1162 et
1398 1136 1531 1177 quum

175 1195 352 1222 omanus
380 1180 589 1221 exercitus
620 1195 750 1236 prope
777 1180 961 1236 vestigiis
990 1188 1249 1235 sequeretur,
1272 1179 1366 1235 plus
1389 1187 1530 1220 tamen

130 1237 269 1285 timor,
302 1253 430 1294 quam
462 1237 534 1287 ira,
561 1237 785 1278 celeritatis
817 1237 974 1278 habuit.
1037 1237 1160 1278 Prius
1192 1237 1333 1293 itaque
1365 1236 1534 1277 moenia

131 1295 338 1337 intravere
361 1295 513 1344 hostes,
536 1310 662 1351 quam
694 1295 913 1336 Romanus
941 1303 1130 1336 extrema
1155 1294 1333 1349 agminis
1361 1309 1531 1349 carpere

130 1362 202 1394 aut
224 1353 377 1394 morari
396 1362 547 1409 posset.
612 1352 717 1393 Inde
740 1352 900 1408 aliquot
917 1352 1006 1394 dies
1023 1352 1224 1393 vastando
1246 1367 1345 1408 agro
1366 1352 1533 1392 absum-

130 1410 207 1467 pti,
230 1426 308 1452 nec
328 1410 532 1452 Romanis
553 1410 650 1451 satis
672 1410 884 1451 instructis
906 1419 1108 1466 apparatu
1124 1409 1274 1451 bellico
1291 1409 1344 1450 ad
1366 1408 1533 1449 moenia

130 1468 425 1524 aggredienda,
447 1483 526 1509 nec
549 1467 628 1508 illis
649 1467 702 1508 ad
723 1467 990 1508 subeundum
1012 1482 1179 1523 pugnae
1201 1481 1354 1508 casum.

192 1525 355 1568 Seditio
392 1537 481 1566 tum
518 1526 628 1566 inter
662 1525 858 1566 Antiates
892 1524 1153 1580 Latinosque
1190 1534 1359 1572 coorta3
1399 1538 1531 1579 quum

103 1596 119 1629 7
134 1584 342 1633 Antiates,
365 1583 462 1624 victi
486 1582 603 1624 malis
629 1582 876 1638 subactique
901 1581 1025 1631 bello,
1049 1582 1093 1622 in
1115 1597 1200 1637 quo
1222 1592 1265 1622 et
1288 1581 1376 1622 nati
1399 1589 1530 1630 crant,

131 1650 175 1683 et
195 1650 514 1689 consenuerant,
532 1639 792 1681 deditionem
815 1648 1051 1696 spectarent
1067 1655 1076 1688 3
1106 1639 1282 1680 Latinos
1298 1654 1350 1680 ex
1368 1638 1534 1679 diutina

130 1713 232 1755 pace
261 1713 369 1739 nova
396 1698 578 1739 defectio
607 1697 845 1738 recentibus
877 1697 1014 1738 adhuc
1046 1697 1196 1738 animis
1226 1697 1448 1737 ferociores
1479 1696 1533 1737 ad

130 1755 484 1813 perseverandum
526 1755 570 1796 in
611 1754 721 1796 bello
762 1755 928 1796 faceret.
1008 1754 1123 1795 Finis
1163 1754 1403 1796 certaminis
1438 1754 1530 1803 fuit,

99 1822 353 1870 8postquam
389 1813 578 1869 utrisque
615 1813 821 1869 apparuit,
856 1812 962 1853 nihil
998 1827 1074 1869 per
1109 1812 1260 1853 alteros
1293 1821 1414 1859 stare,
1447 1827 1532 1867 quo

130 1871 270 1913 minus
298 1871 467 1927 incepta
492 1879 857 1927 persequerentur.
922 1870 1063 1911 Latini
1090 1870 1264 1927 profecti
1288 1885 1313 1910 a
1333 1869 1531 1910 societate

130 1929 256 1994 pacis,
275 1938 321 1970 ut
342 1929 554 1977 rebantur,
574 1928 820 1969 inhonestae
838 1944 927 1969 sese
946 1927 1276 1969 vindicaverunt.
1324 1927 1531 1975 Antiates,

98 1986 410 2030 9mcommodis
431 1986 596 2026 arbitris
621 1985 863 2026 salutarium
886 1985 1155 2026 consiliorum
1178 1985 1361 2033 remotis,
1386 1985 1531 2025 urbem

131 2058 336 2099 agrosque
363 2043 566 2083 Romanis
591 2042 765 2082 dedunt.
833 2041 899 2082 Ira
923 2050 965 2082 ct
991 2042 1125 2082 rabies
1148 2041 1410 2089 Latinorum,
1433 2041 1533 2095 quia

131 2115 211 2142 nec
236 2101 449 2141 Romanos
480 2099 590 2140 bello
622 2099 801 2147 laedere,
829 2114 906 2139 nec
930 2098 1104 2138 Volscos
1130 2099 1172 2138 in
1198 2098 1322 2138 armis
1350 2098 1530 2138 retinere

190 2166 368 2206 merant,
395 2172 445 2197 eo
474 2156 625 2212 erupit,
654 2166 698 2196 ut
733 2156 938 2196 Satricum
970 2156 1129 2204 urbem,
1153 2170 1259 2210 quae
1290 2164 1532 2210 receptacu-

150 2230 220 2256 um
243 2215 424 2271 primum
448 2214 497 2253 iis
519 2212 714 2254 adversae
733 2228 898 2269 pugnae
915 2213 1062 2262 fuerat,
1083 2213 1168 2269 igni
1187 2221 1528 2253 concremarent:

133 2287 211 2313 nec
239 2271 354 2313 aliud
383 2281 539 2312 tectum
570 2271 659 2311 cius
689 2271 894 2326 superfuit
926 2271 1052 2319 urbis,
1075 2285 1205 2326 quum
1236 2270 1345 2310 faces
1376 2270 1532 2325 pariter

131 2330 256 2371 sacris
289 2329 557 2386 profanisque
596 2329 827 2377 inficerent,
862 2344 988 2384 quam
1024 2329 1165 2369 matris
1199 2326 1391 2368 Matutae
1427 2337 1532 2368 teur-

132 2387 260 2444 plum.
326 2386 430 2428 Inde
468 2402 538 2427 eos
580 2401 656 2427 nec
694 2401 768 2426 sua
804 2386 961 2440 religim
1000 2401 1078 2426 nec
1115 2384 1368 2426 verecundia
1403 2384 1529 2424 deum

131 2445 310 2486 arcuisse
332 2444 498 2493 (licitur,
521 2443 594 2484 sed
616 2459 695 2484 vox
724 2443 944 2491 horrenda,
967 2443 1081 2484 edita
1108 2442 1263 2498 templu
1286 2457 1381 2483 cuin
1406 2442 1532 2482 tristi-

177 2583 193 2614 7
219 2575 259 2605 ln
282 2585 344 2615 quo
369 2580 399 2605 et
427 2576 494 2604 nuti
521 2579 626 2609 rrmtl,
649 2579 678 2605 v!
701 2585 804 2604 ronse·
852 2584 913 2603 nuu
932 2584 969 2602 cx
987 2573 1121 2603 ulterius
1144 2572 1240 2612 purtis
1256 2572 1386 2602 arbitria
1404 2578 1527 2604 sentcn-

132 2619 290 2655 nuermu]
322 2618 434 2647 Annus
449 2617 511 2646 ium
529 2617 673 2647 ‹lt-einum
694 2617 805 2646 tertius
851 2616 959 2655 tiuque
978 2616 1126 2655 pendere.
1151 2617 1292 2645 stasmi.
1344 2615 1402 2644 Vc}
1423 2617 1529 2654 potius

133 2660 209 2690 belli
226 2661 399 2697 agebatur:
425 2660 546 2699 quippe
563 2659 592 2689 in
616 2660 802 2689 Vols-corun·
850 2659 968 2688 ultr-ros
989 2658 1122 2688 iuiuiiuc
1145 2658 1207 2687 illis
1229 2658 1461 2696 impediunt-uto
1481 2671 1526 2689 es-

133 2702 451 2741 n11n11·r1›,‹lequil›u.·⁴
468 2707 573 2731 nunu-r
587 2712 672 2741 supr.
690 2712 714 2732 2.
733 2702 802 2731 scri-
851 2713 895 2735 ικυ,
911 2701 976 2730 nive
993 2701 1096 2735 nudis,
1113 2701 1229 2730 ultr-ros
1250 2700 1383 2730 mininie
1405 2711 1524 2732 niumm

133 2745 190 2781 bit,
214 2745 297 2775 baud
323 2745 419 2774 dubie
443 2748 530 2774 crant
558 2743 725 2774 Autiuten:
750 2744 804 2773 ned
852 2744 1066 2782 inu-rpu1wrc,
1076 2754 1139 2782 quo
1157 2743 1262 2772 miuus
1279 2742 1407 2782 inceptu
1425 2754 1526 2783 penw-

136 2787 245 2818 1,i=ius
276 2787 326 2817 hic
353 2787 392 2817 ml
420 2788 688 2826 ‚vo-phanfflwimum
717 2788 805 2816 illum
852 2791 1036 2825 querentur.
1061 2787 1099 2816 cs.
1117 2795 1203 2824 supr.
1218 2785 1247 2815 ii.
1268 2795 1316 2824 31.
1334 2785 1403 2817 infr.
1424 2787 1486 2818 viii.
1501 2798 1526 2820 2.

131 2831 204 2860 hem
225 2841 348 2860 animm
372 2829 499 2869 respit-it
514 2839 520 2858 :
547 2829 587 2857 «le
604 2839 667 2867 qun
684 2829 722 2859 cs.
742 2834 804 2859 unt.
888 2840 907 2869 ι)
925 2829 1131 2858 [mammam.-
1141 2829 1290 2866 nrbo'tru'sl
1308 2828 1430 2859 Latinis
1441 2840 1527 2861 nem-

131 2883 216 2912 gups,
236 2883 261 2903 2.
855 2881 904 2910 pc,
922 2872 1134 2906 ituvtnmnmlu's,
1151 2871 1180 2901 b.
1195 2882 1221 2901 e.
1237 2871 1379 2901 molestis
1394 2877 1424 2902 vt
1442 2873 1527 2903 utili-

175 2917 194 2944 8
210 2916 307 2946 Nihil
320 2926 378 2954 μην
394 2915 509 2943 ulit-rus
525 2916 626 2951 stara-1
648 2914 712 2944 lue.
735 2914 806 2944 ΙΙυι-
852 2914 971 2943 unibus
990 2914 1167 2944 Antiatium
1185 2914 1436 2946 ndu-mantibus.

1611 1528 1678 1565 33.
