1934 3211
203 259 245 290 U.
263 259 301 290 C.
320 260 391 299 378.

199 303 239 332 A.
264 302 302 333 C.
320 310 391 341 374.

199 344 381 374 Tusculum

199 396 219 416 a
236 386 361 417 Latinis

200 432 343 468 captum.

204 1009 232 1038 A
252 1005 410 1038 Romanis
422 1007 577 1040 terrere
606 1013 692 1039 una
722 1013 769 1039 ac
799 1013 962 1054 pavere.

203 1054 380 1089 receptum.

281 1861 348 1898 34.

931 165 1080 206 TITI
1122 164 1299 206 LIVII

417 258 496 298 bus
529 257 666 307 minis,
692 257 737 298 ni
770 256 973 298 nefandos
1006 257 1124 310 ignes
1155 255 1303 311 procul
1333 254 1518 296 delubris
1550 253 1814 295 amovissent.

418 314 618 356 Incensos
648 330 699 356 ea
727 314 841 355 rabie
872 314 1053 368 impetus
1075 311 1309 353 Tusculum
1338 311 1446 361 tulit,
1469 313 1522 353 ob
1544 311 1661 361 iram,
1684 310 1815 367 quod,

418 372 583 413 deserto
616 370 831 412 communi
867 369 1045 411 concilio
1076 369 1339 419 Latinorum,
1372 384 1459 410 non
1493 369 1540 409 in
1575 368 1818 409 societatem

418 428 545 470 modo
587 428 838 477 Romanam,
875 427 949 468 sed
990 427 1117 468 etiam
1156 427 1201 467 in
1242 426 1467 476 civitatem,
1505 441 1547 467 se
1589 425 1815 466 dedissent.

418 486 668 527 Patentibus
698 485 829 541 portis
860 499 992 540 quum
1023 484 1247 539 improviso
1278 483 1537 532 incidissent,
1565 482 1702 539 primo
1733 481 1818 522 cla-

419 559 534 585 more
564 542 768 598 oppidum
798 549 963 597 praeter
991 556 1129 581 arcem
1162 549 1331 596 captum
1359 549 1432 581 est.
1496 540 1547 581 In
1577 555 1715 580 arcem
1743 554 1819 594 op-

419 600 565 656 pidani
611 600 801 654 refugere
844 613 940 638 cum
983 597 1232 652 coniugibus
1273 613 1320 638 ac
1364 597 1518 647 liberis,
1560 597 1818 652 nuntiosque

422 657 617 706 Romam,
656 656 729 711 qui
771 655 993 696 certiorem
1033 654 1086 694 de
1128 669 1202 694 suo
1243 669 1340 694 casu
1387 662 1578 695 senatum
1617 654 1817 702 facerent,

420 715 582 755 misere.
648 712 779 753 Haud
805 712 986 767 segnius,
1009 726 1136 766 quam
1158 711 1241 751 fide
1267 711 1414 766 populi
1436 711 1621 752 Romani
1642 711 1820 766 dignum

420 771 512 819 fuit,
549 769 759 811 exercitus
795 768 1030 810 Tusculum
1070 768 1232 809 ductus.
1296 767 1345 808 L.
1378 767 1604 816 Quinctius
1644 776 1687 809 et
1729 767 1816 809 Ser.
1836 785 1848 806 1

425 827 636 883 Sulpicius
657 826 816 867 tribuni
838 825 1020 866 militum
1042 825 1213 866 duxere.
1281 823 1454 865 Clausas
1475 833 1613 880 portas
1629 823 1819 874 Tusculi,

422 884 682 940 Latinosque
723 883 848 924 simul
888 882 1171 924 obsidentium
1212 890 1337 937 atque
1379 883 1640 923 obsessorum
1679 882 1819 924 animo

421 941 520 982 hinc
542 941 710 982 moenia
731 940 907 981 Tusculi
934 940 1042 981 tueri
1062 939 1221 989 vident,
1245 939 1360 980 illinc
1387 954 1526 980 arcem
1551 954 1818 995 oppugnare3

1026 997 1250 1038 Adventus
1274 996 1564 1037 Romanorum
1589 1004 1822 1038 mutaverat

422 1056 641 1112 utriusque
670 1056 800 1112 partis
829 1055 1000 1096 animos.
1066 1054 1328 1095 Tusculanos
1359 1069 1413 1095 ex
1441 1053 1604 1110 ingenti
1631 1062 1750 1095 metu
1775 1054 1821 1095 in

422 1129 628 1155 summam
657 1113 926 1162 alacritatem,
951 1112 1125 1153 Latinos
1156 1127 1209 1153 ex
1240 1127 1370 1168 prope
1399 1120 1513 1152 certa
1538 1111 1695 1152 fiducia
1721 1125 1822 1152 mox

423 1170 652 1228 capiendae
676 1171 791 1220 arcis,
811 1170 1012 1225 quoniam
1034 1169 1190 1225 oppido
1210 1169 1459 1225 potirentur,
1483 1168 1527 1209 in
1548 1169 1745 1225 exiguam
1767 1167 1820 1209 de

423 1245 466 1270 se
492 1229 591 1285 ipsis
616 1243 733 1284 spem
754 1236 944 1269 verterat.
1009 1227 1192 1268 Tollitur
1212 1242 1265 1267 ex
1290 1241 1383 1268 arce
1405 1226 1561 1268 clamor
1585 1227 1636 1268 ab
1659 1226 1820 1267 Tuscu-

423 1287 552 1327 lanis:
602 1285 812 1341 excipitur
852 1285 1069 1340 aliquanto
1111 1285 1265 1325 maiore
1303 1285 1354 1325 ab
1390 1284 1578 1326 exercitu
1612 1283 1820 1324 Romano.

426 1344 654 1399 Utrimque
691 1351 896 1399 urgentur
929 1342 1099 1383 Latini:
1145 1357 1223 1383 nec
1256 1341 1438 1397 impetus
1472 1340 1821 1389 Tusculanorum,

425 1400 740 1442 decurrentium
772 1416 824 1441 ex
853 1400 1065 1456 superiore
1095 1399 1199 1449 loco,
1223 1399 1456 1440 sustinent:
1490 1414 1569 1440 nec
1593 1398 1821 1447 Romanos,

425 1458 653 1499 subeuntes
690 1458 857 1499 moenia
898 1457 1202 1513 molientesque
1240 1457 1380 1498 obices
1420 1465 1648 1513 portarum,
1682 1470 1822 1497 arcere

425 1524 611 1571 possunt.
679 1514 808 1555 Scalis
829 1515 944 1570 prius
966 1515 1132 1555 moenia
1154 1523 1300 1570 capta3
1334 1514 1433 1555 inde
1455 1514 1626 1555 effracta
1646 1513 1824 1555 claustra

426 1581 666 1628 portarum:
701 1580 743 1612 et
771 1587 903 1626 quum
932 1587 1084 1627 anceps
1116 1572 1245 1612 hostis
1278 1580 1320 1613 et
1353 1588 1377 1612 a
1407 1572 1543 1612 fronte
1577 1579 1620 1612 et
1651 1587 1675 1612 a
1705 1579 1823 1626 tergo

427 1637 622 1685 urgeret3
656 1644 734 1669 nec
763 1628 816 1668 ad
843 1644 1028 1684 pugnam
1057 1629 1142 1669 ulla
1161 1629 1234 1678 vis,
1258 1644 1337 1670 nec
1363 1629 1416 1669 ad
1436 1629 1578 1684 fugam
1603 1628 1685 1669 loci
1706 1628 1824 1684 quic-

428 1701 555 1742 quam
583 1694 844 1742 superesset3
877 1685 921 1724 in
954 1685 1095 1725 medio
1128 1686 1236 1726 caesi
1269 1686 1322 1726 ad
1350 1701 1483 1726 unum
1516 1700 1672 1726 omnes.
1737 1685 1824 1725 Re-

428 1751 627 1799 cuperato
661 1743 712 1784 ab
747 1742 935 1783 hostibus
969 1742 1167 1791 Tusculo,
1203 1743 1412 1783 exercitus
1447 1742 1629 1782 Romam
1662 1750 1724 1783 est
1759 1757 1824 1783 rc-

429 1801 592 1841 ductus.

492 1857 663 1906 Quanto
688 1857 819 1913 magis
843 1857 1050 1913 prosperis
1076 1872 1126 1897 co
1155 1872 1265 1897 anno
1293 1856 1411 1897 bellis
1438 1856 1664 1912 tranquilla
1684 1856 1826 1898 omnia

429 1915 527 1956 foris
558 1923 688 1963 erant,
714 1923 829 1956 tanto
859 1915 902 1954 in
936 1915 1037 1955 urbe
1064 1914 1124 1954 vis
1149 1914 1323 1954 Patrum
1357 1914 1401 1953 in
1431 1913 1521 1955 dies
1548 1913 1824 1970 miseriaeque

430 1972 567 2028 plebis
587 1973 830 2013 crescebant
845 1988 855 2020 ;
889 1986 1021 2026 quum
1049 1986 1099 2012 eo
1126 1971 1229 2026 ipso,
1253 1971 1368 2026 quod
1396 1986 1574 2016 necesse,
1592 1980 1681 2012 erat
1708 1971 1824 2019 solvi,
1840 1987 1856 2007 2

429 2029 604 2070 facultas
640 2028 828 2069 solvendi
864 2028 1152 2084 impediretur.
1215 2027 1378 2084 Itaque,
1409 2043 1541 2084 quum
1573 2029 1657 2069 iam
1692 2044 1746 2070 ex
1781 2043 1825 2069 re

430 2086 537 2127 nihil
567 2086 657 2126 dari
688 2094 839 2141 posset,
862 2086 972 2126 fama
1002 2095 1045 2126 et
1077 2101 1262 2141 corpore,
1290 2085 1463 2126 iudicati
1495 2094 1621 2141 atque
1655 2085 1860 2135 addicti,3

430 2144 706 2185 creditoribus
743 2143 1062 2192 satisfaciebant,
1096 2158 1317 2198 poenaque
1354 2143 1399 2183 in
1431 2143 1567 2184 vicem
1601 2143 1703 2184 fidei
1739 2158 1860 2185 ces-4

431 2213 549 2242 serat.
596 2200 720 2242 Adeo
742 2215 841 2256 ergo
866 2201 1069 2241 obnoxios
1090 2200 1384 2241 summiserant
1404 2200 1565 2241 animos
1586 2215 1671 2241 non
1693 2200 1828 2241 infimi

431 2258 579 2307 solum,
614 2258 688 2299 sed
720 2258 931 2313 principes
965 2257 1091 2298 etiam
1124 2257 1270 2313 plebis,
1304 2267 1352 2298 ut
1384 2273 1471 2298 non
1504 2258 1630 2299 modo
1665 2257 1720 2298 ad
1754 2257 1828 2298 tri-

432 2317 638 2357 bunatum
663 2315 846 2356 militum
875 2315 986 2355 inter
1010 2315 1205 2370 patricios
1233 2314 1477 2371 petendum,
1501 2315 1616 2370 quod
1638 2322 1753 2355 tanta
1772 2314 1826 2364 vi,

419 171 503 208 384

479 2443 490 2463 1
510 2434 684 2463 Eoeercitus
700 2433 889 2470 Tusculum]
908 2442 949 2462 so.
961 2433 1108 2463 Seniores
1153 2443 1171 2462 a
1194 2435 1339 2471 praetore
1358 2432 1514 2469 addictus,
1535 2431 1567 2462 h.
1584 2442 1611 2462 e.
1628 2431 1709 2462 liber
1730 2431 1829 2462 alicui

432 2475 485 2514 qui
510 2476 549 2505 ad
575 2475 679 2505 subita
695 2474 772 2504 belli
789 2474 965 2504 ministeria
982 2478 1108 2513 praesto
1152 2474 1315 2513 mancipio
1346 2474 1440 2504 (latus
1466 2477 1524 2512 est,
1550 2475 1706 2505 iudicium
1733 2478 1828 2514 turpe

432 2522 532 2548 erant.
1152 2516 1290 2553 subibat,
1304 2520 1335 2546 et
1347 2518 1452 2555 cupite
1465 2517 1647 2548 deminutus
1659 2520 1741 2547 erat:
1762 2527 1827 2548 cor-

481 2570 497 2590 2
524 2560 615 2597 Quod
640 2570 765 2591 necesse
791 2563 861 2590 erat
886 2560 982 2597 solvi]
1019 2558 1108 2590 Hinc
1149 2558 1322 2598 pore,quia
1338 2558 1407 2597 ipse
1422 2559 1547 2589 debitor
1558 2559 1745 2599 familiaque
1760 2558 1828 2589 eius

432 2606 652 2642 opportunum
677 2606 807 2641 tempus
830 2606 1016 2641 exspectare
1043 2611 1107 2631 non
1153 2601 1185 2631 in
1202 2601 1387 2631 servitutem
1406 2601 1554 2632 creditori
1570 2601 1813 2632 addicebantur.

433 2648 593 2684 poterant,
609 2645 664 2674 sed
681 2645 803 2674 solvere
824 2643 930 2674 alieno
951 2654 1008 2674 suo
1028 2647 1107 2673 tem-
1196 2655 1215 2681 4
1231 2645 1404 2684 Poenaque
1421 2646 1454 2674 in
1471 2645 1657 2684 vicemfidet'
1671 2645 1824 2682 cesserat]

434 2697 510 2725 pore
523 2686 626 2717 coacti
639 2690 738 2717 erant.
757 2686 897 2717 Sraorfl.
929 2686 1007 2725 Ipsa
1023 2686 1108 2716 enim
1155 2686 1194 2716 In
1220 2687 1328 2716 locum
1351 2686 1520 2716 solutionis
1543 2696 1648 2726 poena
1670 2696 1825 2718 successe-

433 2729 606 2759 necessitas
624 2729 769 2759 solvendi
787 2728 977 2759 facultatem
999 2728 1108 2767 aequis

434 2771 670 2801 conditionibus
719 2771 890 2810 pecuniam
936 2770 1108 2810 quaerendi

434 2815 559 2842 tantum
591 2823 655 2843 non
682 2813 813 2843 omnino
841 2814 1017 2843 cultoribus
1043 2812 1108 2853 agri

434 2853 563 2885 ademit.

480 2905 496 2934 3
513 2897 613 2925 Fama
630 2902 659 2927 et
675 2900 822 2936 corpore]
847 2900 957 2935 Fama,
971 2898 1045 2937 quia
1056 2897 1108 2936 qui

1153 2732 1210 2759 rat.
1245 2729 1417 2759 Debitores
1429 2739 1528 2768 quum
1545 2729 1642 2759 fidem
1659 2727 1827 2759 solutionis

1154 2775 1315 2810 praestare
1339 2781 1403 2801 non
1429 2774 1569 2810 possent,
1589 2781 1695 2811 poena
1714 2780 1734 2801 a
1756 2770 1827 2809 lege

1154 2813 1276 2843 indicta
1322 2813 1532 2844 creditoribus
1577 2811 1825 2844 satisfaciebant.

1155 2856 1262 2887 Cruzv.
