1934 3211
365 207 449 246 454
876 202 1024 244 TITI
1066 201 1241 243 LIVII

150 298 194 329 U.
211 299 249 330 C.
266 307 339 339 415·
369 301 550 351 ‘aequas
580 294 780 350 utrisque,
808 294 1007 350 quoniam
1035 294 1142 335 vires
1173 309 1342 349 quoque
1373 293 1543 349 aequari
1571 292 1651 333 diis
1680 291 1759 332 im-

148 341 188 372 A·
212 342 249 373 C·
269 351 340 382 337·
370 351 640 393 ‘mortalibus
674 351 842 407 placuit.
908 350 1139 392 Consulem
1180 351 1356 392 alterum
1395 350 1544 400 Roma,
1581 350 1759 391 alterum

370 416 451 450 ‘ex
491 409 615 450 Latio
655 409 785 449 creari
826 417 1015 464 oportet:
1068 417 1236 449 senatus
1280 416 1441 464 partem
1486 421 1664 463 aequam
1706 421 1760 447 ex

370 472 381 490 ⁶
397 475 573 522 utraque
601 474 726 522 gente
755 480 869 506 esse:
904 480 1036 505 unum
1064 465 1280 521 populum,
1302 480 1431 506 unam
1458 463 1760 520 rempublicam

370 523 512 564 ‘fieri:
552 531 607 572 et,
640 531 687 563 ut
719 522 884 578 imperii
916 522 1063 562 eadem
1093 522 1211 562 sedes
1241 522 1305 571 sit,
1338 521 1535 577 idemque
1567 520 1761 562 omnibus

371 586 382 603 ⁶
398 595 566 629 nomen,
590 579 790 635 quoniam
821 579 872 619 ab
898 578 1096 619 alterutra
1123 586 1239 633 parte
1268 578 1443 619 concedi
1470 593 1639 618 necesse
1668 585 1758 625 est3

371 643 383 660 ‘
398 637 514 692 quod
539 637 724 691 utrisque
750 636 857 675 bene
878 643 1024 683 vertat,
1047 635 1100 675 sit
1129 635 1233 675 haec
1261 650 1358 675 sane
1386 634 1521 689 patria
1546 634 1696 689 potior,
1719 641 1762 674 et

372 693 583 734 ‘Romani
620 707 764 732 omnes
801 692 1024 732 vocemur.'
1083 690 1206 731 Forte
1243 691 1301 731 ita
1335 691 1499 740 accidit,
1537 699 1584 731 ut
1617 705 1762 746 parem

370 751 547 791 ferociae
568 749 693 789 huius
714 756 757 788 et
781 748 964 788 Romani
986 747 1200 788 consulem
1223 747 1274 788 T.
1295 747 1506 788 Manlium
1533 747 1759 788 haberent:

371 807 445 862 qui
475 806 581 846 adeo
611 820 697 845 non
734 805 871 845 tenuit
905 805 1021 853 iram,
1059 812 1119 854 ut,
1156 805 1190 845 si
1227 812 1344 845 tanta
1373 804 1586 845 dementia
1616 804 1795 845 Patres8

371 863 625 918 conscriptos
647 862 836 917 cepisset,
859 870 906 902 ut
926 862 977 902 ab
1002 861 1147 902 Setino
1174 862 1345 902 homine
1373 861 1486 917 leges
1510 861 1762 917 acciperent,

368 920 509 975 gladio
531 920 717 960 cinctum
738 919 782 959 in
803 928 994 960 senatum
1010 928 1236 959 venturum
1257 934 1299 960 se
1317 934 1418 968 esse,
1435 918 1574 974 palam
1591 918 1762 966 diceret,

370 986 424 1026 et,
449 991 745 1032 quemcunque
777 976 822 1016 in
853 976 967 1017 curia
997 976 1199 1017 Latinum
1226 976 1409 1026 vidisset,
1438 991 1512 1016 sua
1541 990 1670 1016 manu
1699 975 1764 1016 in-

371 1042 687 1089 terempturum.
752 1032 821 1082 Et,
844 1048 1067 1074 conversus
1088 1033 1141 1073 ad
1162 1033 1431 1074 simulacrum
1452 1032 1576 1083 Iovis,
1607 1039 1617 1056 ‘
1631 1032 1763 1082 Audi,

373 1097 383 1115 ⁶
401 1090 575 1146 Iupiter,
597 1090 702 1131 haec
723 1090 904 1140 scelera,'
924 1090 1076 1146 inquit,
1101 1096 1112 1114 ‘
1128 1090 1283 1139 audite,
1306 1090 1377 1131 Ius
1399 1090 1574 1146 Fasque.
1636 1089 1765 1130 Pere-

373 1149 540 1204 ‘grinos
573 1146 764 1188 consules
797 1156 839 1188 et
871 1147 1140 1203 peregrinum
1173 1156 1364 1188 senatum
1394 1147 1439 1187 in
1470 1156 1556 1197 tuo,
1589 1146 1764 1202 Iupiter,

373 1211 383 1228 ⁶
400 1213 601 1260 augurato
624 1204 793 1259 templo,
816 1213 962 1260 captus
989 1212 1115 1260 atque
1144 1204 1232 1260 ipse
1254 1219 1487 1260 oppressus,
1509 1204 1670 1245 visurus
1691 1204 1765 1245 es?

374 1269 383 1285 ‘
403 1261 617 1302 Haeccine
645 1261 817 1302 foedera
838 1261 990 1302 Tullus
1012 1261 1231 1302 Romanus
1258 1277 1332 1302 rex
1361 1276 1457 1302 cum
1480 1261 1669 1310 Albanis,
1691 1276 1797 1316 pa-9

373 1326 383 1341 ⁶
400 1319 532 1359 tribus
553 1319 710 1367 vestris,
734 1318 889 1368 Latini,
913 1318 1017 1359 haec
1039 1318 1088 1359 L.
1106 1318 1365 1374 Tarquinius
1385 1319 1598 1359 vobiscum
1621 1326 1766 1373 postea
1781 1335 1793 1356 1

372 1376 530 1416 ‘fecit‘?
604 1375 706 1416 Non
746 1375 862 1416 venit
902 1376 946 1415 in
987 1384 1174 1416 mentem
1214 1391 1357 1431 pugna
1396 1375 1509 1431 apud
1550 1374 1766 1430 Regillum

373 1432 570 1472 ‘lacum?
612 1432 720 1473 adeo
754 1441 797 1473 et
831 1432 1015 1473 cladium
1045 1441 1233 1473 veterum
1264 1442 1493 1473 vestrarum
1529 1441 1572 1473 et
1605 1431 1764 1473 benefi-

239 1492 275 1529 6.
374 1495 383 1512 ‘
402 1489 561 1529 ciorum
584 1488 820 1530 nostrorum
847 1504 945 1544 erga
964 1505 1036 1530 vos
1062 1489 1181 1530 obliti
1206 1490 1304 1530 estis
1319 1490 1356 1530 ‘?’
1418 1490 1564 1538 Quum
1585 1488 1767 1530 consulis

372 1560 518 1585 vocem
559 1546 780 1586 subsecuta
815 1546 989 1586 Patrum
1025 1547 1260 1602 indignatio
1296 1555 1415 1596 esset,
1452 1546 1644 1602 proditur
1677 1560 1766 1586 me-

373 1601 542 1650 moriae,
594 1602 789 1642 adversus
839 1604 1026 1643 crebram
1075 1603 1411 1658 implorationem
1463 1603 1618 1652 Deum,
1660 1617 1766 1658 quos

374 1666 499 1698 testes
519 1658 735 1698 foederum
761 1659 925 1713 saepius
952 1660 1200 1701 invocabant
1221 1660 1425 1709 consules,
1447 1675 1593 1700 vocem
1615 1659 1764 1708 Annii,

153 701 191 732 T.
206 700 324 732 Manlii

151 745 250 783 plena
266 744 311 773 in-

152 785 346 825 dignationis

151 828 325 867 responsio.

154 1720 295 1766 Legatus
374 1715 608 1770 spernentis
639 1715 813 1755 numina
844 1714 954 1755 Iovis
985 1715 1181 1764 Romani,
1205 1716 1400 1756 auditam.
1467 1716 1609 1764 Certe,
1632 1730 1766 1770 quum

154 1762 349 1834 ssatgffusavi
373 1782 606 1812 commotus
622 1772 683 1811 ira
699 1786 741 1811 se
759 1772 809 1811 ab
826 1771 1030 1812 vestibulo
1053 1771 1198 1827 templi
1220 1772 1346 1812 citato
1366 1772 1499 1827 gradu
1518 1773 1763 1827 proriperet,

153 1814 297 1885 s‘oiiitugr
373 1827 513 1883 lapsus
531 1843 608 1883 per
627 1828 792 1883 gradus,
816 1828 952 1883 capite
980 1828 1160 1883 graviter
1181 1829 1352 1877 offenso,
1375 1829 1580 1884 impactus
1601 1828 1686 1869 imo
1706 1828 1765 1869 ita
1778 1850 1796 1870 2

372 1894 435 1925 est
455 1900 567 1933 saxo,
591 1894 638 1925 ut
658 1885 875 1939 sopiretur.
925 1884 1222 1925 Exanimatum
1245 1890 1434 1925 auctores
1455 1885 1656 1940 quoniam
1677 1900 1764 1926 non

372 1956 516 1981 omnes
551 1951 661 1989 sunt,
694 1941 798 1981 mihi
829 1956 998 1996 quoque
1036 1941 1079 1980 in
1116 1942 1276 1982 incerto
1311 1942 1503 1982 relictum
1539 1942 1616 1982 sit:
1655 1942 1764 1983 sicut

370 1998 481 2039 inter
500 1997 718 2039 foederum
746 2006 962 2053 ruptorum
993 1998 1258 2039 testationem
1286 1998 1447 2053 ingenti
1473 1998 1635 2054 fragore
1658 1998 1764 2039 coeli

417 2131 436 2160 8
460 2131 495 2160 Si
520 2135 612 2160 tanta
636 2130 812 2167 clementia]
856 2129 946 2159 Hinc
973 2140 1045 2159 cum

373 2172 553 2202 Niebuhrio
578 2172 730 2211 suspicari
755 2171 830 2202 licet
851 2172 1005 2210 quosdam
1030 2183 1047 2202 e

1092 2130 1178 2160 haud
1192 2129 1288 2160 dubie
1298 2131 1446 2169 superior
1457 2130 1604 2160 Romana
1615 2141 1666 2161 res
1677 2135 1765 2162 erat:

1091 2176 1161 2201 tum
1180 2182 1252 2202 vero
1267 2183 1287 2202 a
1303 2172 1357 2211 Sp.
1374 2172 1485 2203 Cassio
1491 2173 1612 2210 foedus
1627 2183 1765 2213 aequum

372 2215 523 2244 Patribus
533 2214 730 2253 Conscriptis
742 2214 976 2253 postulationes
988 2214 1046 2244 La—

372 2256 513 2286 tinorum
529 2266 648 2296 aequas
669 2260 701 2286 et
724 2256 875 2286 honestas
890 2266 957 2286 esse
974 2266 1044 2286 cen—

372 2298 481 2328 suisse.

419 2350 438 2380 9
466 2341 615 2377 Albanis,
641 2342 793 2379 patribus
824 2341 951 2377 vestris]
994 2340 1047 2369 Ita

373 2382 503 2420 quidem
520 2382 618 2412 Dion.
636 2382 678 2412 iii.
697 2392 745 2421 34.
766 2382 897 2420 triginta
916 2382 1045 2411 Latino-

372 2434 443 2453 rum
460 2424 592 2463 oppida,
609 2434 701 2462 quae,
717 2424 817 2455 Tullo
835 2424 961 2454 Romae
981 2433 1046 2462 reg-

373 2469 482 2503 nante,
501 2466 670 2502 fiorebant,
689 2465 831 2495 colonias
848 2466 951 2495 Albae
975 2466 1045 2495 sub-

372 2508 471 2538 iectas
487 2507 585 2538 fuisse
600 2508 720 2543 scribit,
736 2508 790 2537 sed
806 2507 987 2537 Niebuhrio
1004 2507 1046 2537 vi-

373 2550 466 2579 detur
476 2549 597 2588 oppida
606 2549 735 2588 triginta
747 2549 934 2579 Latinorum
950 2549 1047 2588 prius,

373 2601 470 2629 quam
487 2592 573 2621 Alba
588 2592 717 2621 condita
732 2594 826 2626 esset,
841 2590 873 2620 in
893 2591 1045 2621 societate

373 2633 512 2670 quadam
535 2632 619 2663 inter
641 2643 673 2662 se
698 2632 872 2663 coniuncta
892 2632 1045 2670 extitisse,

373 2674 404 2704 ii.
421 2685 452 2713 p.
470 2684 519 2705 21.

424 2726 435 2745 1
462 2717 498 2746 L.
519 2717 733 2756 Tarquinius]
769 2716 808 2746 cf.
827 2716 921 2755 Supr.
945 2716 964 2746 i.
994 2724 1043 2755 52.

373 2757 553 2788 Niebuhrio
577 2759 684 2796 placet
706 2757 839 2788 Latinos
861 2758 999 2797 primum
1025 2769 1044 2788 a

373 2798 481 2827 Servio
494 2800 604 2829 Tullio
620 2800 651 2829 in
660 2801 779 2838 foedus
795 2810 867 2830 cum
887 2800 1045 2830 Romanis

372 2849 505 2877 aequum
522 2846 672 2879 acceptos
687 2851 773 2871 esse:
799 2841 915 2872 deinde
930 2852 950 2871 a
966 2842 1042 2872 Tar-

372 2880 481 2916 quinio
500 2881 608 2911 Prisco
627 2882 658 2912 in
676 2883 861 2913 societatem
878 2885 1044 2914 deterioris

372 2922 453 2950 iuris
470 2922 543 2951 dolo
560 2924 698 2960 quodam
721 2925 915 2962 compulsos,
934 2924 964 2954 in
981 2935 1043 2963 qua

1092 2224 1165 2244 cum
1191 2213 1316 2244 Latinis
1338 2218 1541 2251 renovatum,
1561 2224 1646 2254 supr.
1663 2215 1695 2245 ii.
1715 2225 1764 2254 33.

1091 2256 1181 2286 cuius
1206 2256 1442 2286 conditionibus
1468 2256 1543 2286 licet
1566 2266 1623 2295 per
1644 2257 1766 2287 multos

1089 2308 1190 2328 annos
1206 2298 1347 2328 Romani
1363 2297 1535 2335 stetissent,
1551 2302 1659 2328 tamen
1676 2299 1764 2330 haud

1091 2340 1199 2377 dubie,
1226 2350 1325 2378 quum
1356 2350 1405 2370 res
1435 2340 1605 2370 Romanae
1633 2340 1667 2370 in
1696 2341 1765 2371 dies

1091 2382 1261 2412 validiores
1284 2382 1409 2419 fierent,
1434 2392 1490 2421 per
1515 2381 1639 2420 aliquot
1663 2392 1764 2413 annos

1091 2427 1166 2454 ante
1190 2425 1301 2454 urbem
1324 2434 1344 2454 a
1365 2424 1470 2454 Gallis
1490 2427 1618 2463 captam
1640 2424 1764 2455 Latinis

1091 2465 1341 2504 imperitabant:
1373 2467 1459 2496 unde
1483 2465 1591 2496 evenit
1615 2469 1651 2496 ut
1676 2466 1763 2497 Lati-

1091 2517 1150 2537 nos
1166 2509 1315 2546 defecisse
1330 2512 1437 2538 narret
1454 2508 1566 2538 Livius
1579 2508 1619 2538 vi.
1633 2518 1660 2538 α.
1677 2512 1762 2548 post-

1091 2559 1128 2579 ea
1153 2560 1226 2579 vero
1247 2551 1367 2588 foedus
1393 2560 1531 2590 aequum
1553 2550 1672 2580 additis
1694 2550 1762 2589 qui-

1089 2592 1224 2621 busdam
1249 2591 1488 2621 conditionibus
1511 2591 1606 2621 tertio
1632 2602 1762 2622 renova-

1089 2636 1170 2667 tum,
1191 2632 1241 2663 vii.
1268 2643 1314 2663 12.
1372 2633 1448 2663 Hoc
1476 2636 1586 2663 autem
1616 2636 1763 2673 tempore

1089 2675 1233 2704 omnium
1255 2685 1360 2704 rerum
1379 2674 1564 2705 societatem
1582 2676 1763 2714 deposcunt

1089 2716 1209 2753 Latini,
1226 2717 1355 2755 quando
1376 2717 1532 2748 hactenus
1547 2717 1674 2748 foedere
1694 2728 1761 2748 mu-

1087 2763 1162 2789 tuae
1185 2760 1378 2797 defensionis
1396 2769 1500 2798 aequo
1515 2769 1587 2789 cum
1604 2759 1762 2790 Romanis

1089 2800 1188 2830 iuncti
1205 2805 1320 2831 essent.

1132 2852 1148 2872 2
1172 2844 1240 2873 Per
1256 2844 1396 2881 yradns]
1427 2843 1465 2874 cf.
1483 2843 1576 2882 Supr.
1593 2843 1612 2873 i.
1630 2843 1678 2881 48.
1713 2852 1758 2872 so-

1086 2886 1214 2923 piretur
1230 2895 1315 2923 supr.
1332 2884 1351 2914 i.
1370 2894 1418 2922 41.
