1934 3211
418 223 470 264 72
683 222 812 264 ΤΙΤΙ
843 223 996 265 LIVII
1028 223 1306 267 EPITOME
1337 224 1450 265 LIB.
1483 223 1540 265 II.

422 319 479 352 est
508 315 653 354 virtute
683 322 721 354 et
751 331 869 369 opera
898 316 940 356 C.
966 316 1132 365 sssarcii,
1158 318 1228 370 qui
1254 316 1298 355 ob
1326 317 1397 355 hoc
1425 315 1660 356 Coriolanus
1690 329 1806 355 voca-

424 377 488 410 tus
515 378 580 412 est.
651 373 714 412 Ti.
737 374 913 422 Atinius,
936 376 998 413 vir
1024 375 1069 413 de
1086 375 1209 427 plebe,
1238 388 1359 427 qzium
1392 375 1432 413 iu
1466 375 1550 412 visu
1582 373 1808 413 admonitus

424 436 531 477 esset,
561 436 606 469 ut
630 431 677 470 sle
703 432 936 485 quibusdam
963 432 1212 485 reliqionibus
1242 432 1300 470 ad
1327 438 1506 471 senatum
1531 431 1742 484 perferret,
1771 436 1809 470 et

426 487 661 540 neylexisset,
703 491 846 528 amisso
874 490 983 541 filio,
1032 490 1166 528 debilis
1193 490 1350 542 factus,
1384 495 1610 543 postquam,
1652 489 1806 528 delatus

425 544 482 582 ad
509 552 687 585 senatum
721 547 868 595 lectica,
902 548 1034 586 eadem
1067 547 1137 586 illa
1169 547 1425 594 indicaverat,
1461 561 1533 586 usu
1561 547 1711 600 pedum
1745 561 1807 586 re-

425 609 544 656 cepto,
571 604 727 643 (lomum
760 619 935 644 reversus
967 611 1032 644 est.
1103 604 1235 653 Quum
1272 604 1314 644 C.
1338 604 1526 643 Marcius
1558 604 1805 652 Coriolanus,

425 662 495 713 qui
526 662 566 700 in
599 662 776 701 exsilium
808 669 896 701 erat
918 663 1073 715 pulsus,
1108 662 1189 701 dusc
1228 661 1453 702 Volscorum
1472 661 1629 713 factus,
1663 663 1808 700 exerci-

425 723 507 757 tum
539 719 708 759 hostium
740 720 830 759 urbi
856 720 1008 759 Romae
1039 720 1282 767 admovisset,
1311 725 1349 759 et
1379 720 1489 758 missi
1519 719 1575 757 ad
1603 733 1691 759 eum
1715 720 1808 772 pri-

423 789 531 815 mum
568 777 697 830 leqscti,
727 783 866 830 postea
906 777 1122 816 sacerdotes
1149 778 1317 830 frustra
1356 777 1556 830 deprecati
1593 782 1728 825 essent,
1760 791 1808 816 ne

425 832 564 873 bellum
590 836 753 887 patriae
784 835 975 887 inferret;
1028 835 1190 874 Veturia
1223 841 1349 874 mater
1380 841 1418 873 et
1458 834 1668 874 Volumnia
1708 848 1807 874 uxor

424 891 734 943 impetraverunt
753 892 802 931 ab
823 906 876 940 e0,
900 898 945 931 ut
963 893 1162 931 recederet.
1214 892 1301 932 Lex
1327 893 1494 946 ayraria
1514 893 1693 945 primum
1722 892 1807 932 lata

424 953 489 987 est.
556 948 625 1002 Sp.
658 949 820 989 Cassius
841 950 1058 989 consularis
1085 951 1195 1003 reyni
1222 951 1382 989 crimine
1413 950 1627 989 damnatus
1653 955 1711 989 est
1740 964 1806 989 ne-

423 1011 619 1059 catusque.
674 1006 820 1060 Oppia,
843 1009 953 1060 virfso
981 1007 1159 1053 Vestalis,
1182 1008 1225 1047 ob
1247 1009 1433 1047 incestum
1451 1009 1540 1046 viva
1561 1007 1716 1061 defossa
1737 1013 1803 1048 est.

431 1062 564 1111 Quum
595 1065 715 1103 vicini
740 1065 864 1103 hostes
897 1065 1067 1104 Veientes
1094 1066 1327 1104 incommodi
1346 1067 1484 1118 melfis,
1511 1079 1629 1119 quam
1647 1079 1805 1119 graves,

422 1127 555 1169 essent,
570 1122 741 1173 fiimilia
762 1122 979 1161 Fabiorum
1001 1123 1044 1161 id
1065 1123 1204 1162 bellum
1219 1123 1433 1176 yerendum
1453 1123 1700 1176 depoposcit5
1732 1124 1807 1162 mi-

421 1178 546 1231 sitque
566 1180 606 1218 in
629 1180 672 1218 id
690 1185 875 1218 trecentos
895 1194 960 1217 sea·
979 1186 1167 1227 armatos,
1190 1181 1259 1233 qui
1284 1180 1339 1219 ad
1365 1180 1590 1220 Cremeram
1610 1181 1666 1219 ad
1684 1195 1806 1221 unum

422 1235 471 1273 ab
511 1236 683 1277 hostibus
723 1238 826 1276 caesi
863 1243 966 1284 sunt,
1010 1252 1086 1276 uno
1125 1237 1321 1290 impubere
1360 1238 1466 1277 (lomi
1503 1238 1646 1278 relicto.
1721 1238 1803 1292 Ap.

430 1292 624 1334 Claudius
645 1296 790 1343 consul,
812 1310 932 1348 quum
954 1295 1143 1334 (aloersus
1176 1294 1329 1334 Volscos
1350 1297 1597 1334 contumacia
1617 1298 1806 1337 exercitus

422 1351 524 1389 male
548 1359 774 1406 pussnatum
807 1359 913 1400 esset,
947 1353 1138 1392 decimum
1170 1367 1356 1406 quemque
1387 1353 1554 1392 militum
1572 1354 1688 1406 fuste
1709 1368 1808 1407 per-

423 1410 551 1448 cussit.
633 1411 714 1449 Bes
755 1417 964 1464 praeterea
1014 1411 1221 1450 aduersum
1274 1410 1440 1459 Volscos,
1481 1417 1518 1450 et
1555 1410 1725 1465 Aequos,
1770 1418 1809 1452 et

434 1465 615 1516 Veientes,
639 1475 675 1508 et
694 1469 896 1508 seditiones
917 1469 1018 1507 inter
1038 1468 1183 1508 Patres
1196 1468 1422 1523 plebemque
1442 1469 1618 1509 continet.
