1934 3211
381 189 467 228 460
901 184 1050 227 TITI
1086 183 1265 226 LIVII

169 287 210 318 U.
227 286 265 316 C.
283 294 355 325 415·
382 285 516 318 etatae
551 275 742 316 virtutis:
787 275 1020 316 secundum
1052 275 1242 324 rorarios,
1276 274 1415 314 minus
1449 272 1609 314 roboris
1640 279 1808 314 aetates

163 330 204 361 A.
228 329 266 360 C.
285 337 355 369 337·
382 334 612 389 factisque:
666 332 838 374 tertium
878 347 1088 383 accensos,
1130 332 1328 372 minimae
1369 330 1549 371 fiduciae
1589 342 1809 380 manum.9

384 391 449 433 Eo
479 399 523 432 et
553 391 599 430 in
630 398 884 446 postremam
917 390 1049 430 aciem
1081 389 1388 430 reiiciebantur.
1452 386 1540 428 Ubi
1569 386 1635 427 his
1665 384 1778 426 ordi-

381 449 505 490 nibus
526 447 736 489 exercitus
755 447 983 487 instructus
1003 455 1124 495 esset,
1142 446 1295 487 hastati
1316 445 1505 486 omnium
1525 443 1651 500 primi
1671 457 1779 499 pug-

381 521 482 546 nam
513 505 688 546 inibant.
754 502 798 544 Si
832 503 984 544 hastati
1018 503 1238 559 profligare
1274 502 1438 543 hostem
1472 516 1560 542 non
1594 507 1777 557 possent,
1794 518 1805 539 1

383 563 491 620 pede
520 576 661 618 presso
690 576 760 601 eos
786 560 1098 600 retrocedentes
1128 560 1173 599 in
1200 559 1418 600 intervalla
1442 558 1639 600 ordinum
1662 557 1779 613 prin-

384 621 498 676 cipes
533 618 802 674 recipiebant.
865 616 979 657 Tum
1013 617 1253 672 principum
1291 631 1436 672 pugna
1469 624 1582 665 erat;
1626 613 1779 655 hastati

385 677 680 732 sequebantur.
763 673 916 714 Triarii
961 674 1038 713 sub
1077 673 1241 714 vexillis
1283 672 1569 722 considebant,
1611 671 1779 712 sinistro

386 748 504 774 crure
554 740 758 788 porrecto,
805 739 923 771 scuta
972 730 1109 770 innisa
1158 729 1355 778 humeris,
1402 729 1540 770 hastas
1588 729 1781 770 subrecta

386 789 559 845 cuspide
580 789 625 828 in
646 797 756 828 terra
776 787 892 836 fixas,
915 786 1029 827 haud
1058 801 1177 827 secus
1198 801 1326 842 quam
1345 785 1453 827 vallo
1475 794 1617 841 saepta
1635 785 1785 826 inhor-'

386 855 497 888 reret
517 845 639 894 acies,
662 852 867 885 tenentes.
927 843 971 885 Si
993 844 1106 900 apud
1126 844 1336 899 principes
1357 858 1527 898 quoque
1548 842 1663 883 haud
1682 841 1781 883 satis

386 917 583 960 prospere
615 910 724 943 esset
752 910 1000 957 pugnatum,
1023 916 1048 942 a
1073 901 1209 957 prima
1239 901 1327 941 acie
1355 899 1409 940 ad
1437 899 1599 940 triarios
1626 899 1781 940 sensim

386 961 683 1002 referebantur.
745 958 853 999 Inde
887 964 1002 999 ‘rem
1030 958 1084 999 ad
1110 958 1271 999 triarios
1297 957 1481 1006 redisse,’
1508 970 1641 1013 quum
1666 955 1782 996 labo-

386 1026 513 1067 ratur,
549 1016 771 1073 proverbio
807 1015 1026 1057 increbuit.
1090 1015 1245 1056 Triarii
1280 1022 1591 1070 consurgentes,
1627 1012 1702 1054 ubi
1735 1012 1812 1053 in2

386 1074 604 1116 intervalla
620 1074 816 1115 ordinum
837 1088 1007 1114 suorum
1026 1072 1237 1129 principes
1253 1080 1295 1113 et
1310 1071 1493 1113 hastatos
1513 1070 1780 1126 recepissent,

386 1131 599 1188 extemplo
649 1130 895 1187 compressis
944 1130 1161 1171 ordinibus
1204 1128 1321 1170 velut
1370 1128 1622 1170 claudebant
1666 1127 1778 1168 vias:

386 1204 557 1245 unoque
586 1188 821 1229 continenti
851 1187 1031 1243 agmine,
1060 1187 1143 1227 iam
1173 1186 1291 1227 nulla
1320 1201 1392 1241 spe
1423 1193 1518 1242 post
1547 1184 1704 1234 relicta,
1735 1184 1782 1224 in

387 1246 551 1287 hostem
573 1245 847 1286 incedebant:
872 1244 916 1285 id
937 1255 1026 1285 erat
1041 1243 1472 1285 formidolosissimum
1492 1242 1616 1291 hosti,
1634 1255 1781 1297 quum,

388 1303 504 1344 velut
535 1303 666 1344 victos
697 1300 888 1351 insecuti,
921 1316 1072 1342 novam
1107 1309 1281 1357 repente
1318 1300 1451 1341 aciem
1486 1306 1783 1354 exsurgentem

174 1374 242 1411 Qui
258 1383 368 1404 nume·
389 1369 554 1402 auctam
585 1374 761 1400 numero
790 1359 1030 1400 cernebant.
1095 1357 1393 1400 Scribebantur
1422 1364 1563 1397 autem
1584 1363 1814 1411 quattuor3

171 1417 362 1489 ἳέῃῡξῐξῑὲἑ-
390 1418 475 1459 fere
497 1417 683 1473 legiones
705 1416 844 1472 quinis
865 1416 1048 1457 millibus
1068 1415 1274 1471 peditum,
1297 1414 1510 1470 equitibus
1530 1413 1576 1453 in
1599 1411 1784 1468 singulas

391 1474 578 1529 legiones
617 1474 808 1514 trecenis.
887 1473 1083 1514 Alterum
1124 1480 1288 1513 tantum
1328 1486 1381 1512 ex
1421 1471 1576 1512 Latino
1616 1469 1816 1510 delectu4

392 1531 676 1580 adficiebatur,
719 1531 792 1585 qui
837 1545 886 1570 ea
927 1538 1176 1586 tempestate
1221 1529 1361 1570 hostes
1405 1536 1525 1569 erant
1566 1525 1783 1576 Romanis,

393 1587 626 1642 eodemque
664 1587 810 1627 ordine
852 1587 1136 1627 instruxerant
1170 1587 1328 1627 aciem:
1376 1600 1455 1626 nec
1494 1583 1649 1625 vexilla
1687 1597 1786 1624 cum

390 1643 552 1685 vexillis
593 1651 769 1692 tantum,
806 1643 990 1683 universi
1030 1644 1182 1683 hastati
1222 1658 1319 1684 cum
1354 1641 1538 1691 hastatis,
1574 1640 1786 1697 principes

391 1716 487 1742 cum
512 1700 797 1756 principibus3
830 1699 904 1740 sed
932 1700 1122 1740 centurio
1144 1714 1315 1754 quoque
1340 1713 1437 1739 cum
1462 1697 1722 1746 centurione,
1751 1695 1786 1736 si

172 1501 332 1532 ercitibus.

435 1841 454 1871 8
470 1841 639 1878 Rorarios]
663 1838 731 1875 Qui
748 1838 811 1869 levi
827 1842 990 1869 armatura
1005 1838 1066 1877 pri-

392 1882 437 1912 mi
462 1882 620 1921 proelium
644 1881 902 1917 committebant,
918 1884 1016 1919 atque
1031 1884 1068 1910 ut

392 1929 468 1955 ante
485 1924 621 1954 imbrem
636 1924 702 1954 fere
718 1934 828 1954 rorare
844 1923 936 1960 solet,
954 1922 998 1952 sic
1016 1922 1065 1952 illi

392 1970 468 1997 ante
489 1976 618 2006 gravem
641 1970 836 1995 armaturam
853 1965 939 2003 quod
962 1964 1066 2004 prodi-

393 2010 482 2045 bant,
498 2009 618 2038 rorarii
634 2007 719 2037 dicti.
747 2007 881 2037 Fsss‘rus.

436 2061 456 2091 9
478 2051 651 2087 Accensos]
677 2049 745 2084 Qui
761 2050 801 2079 ad
818 2048 981 2088 legionum
996 2058 1067 2078 cen-

394 2103 466 2123 sum
483 2096 587 2123 essent
603 2091 745 2131 ascripti,
758 2095 794 2120 ut
810 2091 842 2120 in
859 2091 968 2121 locum
984 2100 1067 2120 mor-

394 2140 523 2165 tuorum
538 2134 680 2164 militum
695 2133 801 2163 subito
813 2134 1068 2172 subrogarentur.

395 2177 433 2207 cf.
442 2177 566 2207 Festus.
574 2176 827 2214 vv.Ascriptitii‚
834 2176 979 2206 Act-ensi,
1016 2175 1069 2205 In·

394 2219 487 2249 terim
507 2217 621 2249 iaculis
643 2217 880 2256 missilibusque
895 2217 969 2247 telis
989 2227 1067 2256 pug-

394 2262 525 2291 nabant.

443 2313 453 2333 1
474 2304 657 2342 Profliyare
671 2303 805 2339 hostem]
826 2303 1007 2340 Proflz'yare
1024 2304 1072 2331 est

398 2355 501 2384 paene
537 2345 579 2375 ad
609 2345 733 2375 exitum
765 2344 893 2380 ducere,
931 2343 970 2373 cf.
1002 2343 1070 2373 Cic.

399 2387 531 2417 Tuscul.
550 2387 593 2422 Q.
611 2397 639 2417 v.
662 2385 690 2417 6.
737 2385 789 2416 Sic
811 2385 898 2415 idem
923 2385 956 2414 in
981 2385 1071 2415 Orat.

398 2430 438 2459 de
450 2430 543 2459 Prov.
555 2429 652 2460 Cons.
664 2438 710 2466 14.
727 2439 780 2458 vos
796 2432 901 2458 tamen
917 2431 1074 2466 oporteret

398 2473 437 2501 ab
453 2473 557 2503 eodem
578 2473 636 2501 illa
657 2471 774 2506 omnia,
789 2480 809 2499 α
826 2479 886 2508 quo
899 2470 1072 2508 profliyata

398 2518 485 2550 sunt,
495 2514 608 2552 confici
619 2513 707 2543 velle.
734 2511 855 2541 Hostes
867 2510 999 2549 quippe,
1008 2520 1073 2540 non

398 2555 458 2585 nisi
470 2560 642 2594 postquam
652 2558 741 2593 terga
748 2552 1074 2590 verterunt,conficie-

399 2598 526 2627 bantur.

445 2649 461 2669 2
490 2640 610 2669 Triarii
633 2638 874 2677 consurgentes]
911 2635 977 2667 Hic
1000 2646 1076 2674 quo-

402 2691 465 2719 que
490 2691 613 2711 morem
644 2680 692 2710 sui
721 2678 876 2719 temporis
900 2678 1078 2717 respexisse

404 2722 532 2752 Livium
565 2722 765 2753 Niebuhrius
795 2725 915 2759 censet,
937 2724 970 2751 et
993 2721 1078 2760 pila-

403 2774 458 2794 nos
488 2765 550 2794 hoc
583 2769 730 2803 tempore
764 2773 828 2793 non
863 2763 896 2793 in
927 2762 1078 2792 ultimam

406 2815 545 2844 pugnam
596 2806 785 2842 subsedisse,
829 2806 896 2842 sed,
946 2803 1079 2834 ineunte

405 2848 537 2884 proelio,
561 2847 627 2885 pila
650 2848 683 2878 in
708 2848 815 2878 hostes
838 2846 960 2884 iecisse,
985 2855 1079 2885 quae,

1112 1838 1307 1877 ponderibus
1336 1837 1400 1868 suis
1434 1837 1561 1874 librata,
1591 1846 1724 1876 corpora
1754 1840 1786 1866 et

1112 1884 1203 1910 scuta
1225 1879 1367 1910 hostium
1388 1881 1607 1919 degravarent.
1629 1889 1715 1918 supr.
1732 1878 1785 1909 vii.

1112 1932 1160 1961 23.
1208 1923 1327 1952 Postea
1356 1922 1486 1961 quidem
1516 1920 1616 1951 triarii
1644 1924 1786 1951 tantum-

1111 1964 1208 1994 modo
1245 1964 1279 1994 in
1315 1963 1494 1994 subsidium
1524 1962 1786 2003 antepilanorum

1113 2006 1355 2045 consurgebant.

1154 2058 1171 2087 3
1189 2050 1349 2085 Quattuor
1357 2049 1433 2087 fere
1445 2048 1582 2086 leyz‘ones
1595 2048 1705 2087 quinis
1718 2047 1787 2077 mil-

1112 2091 1211 2128 libus]
1255 2090 1420 2120 Numerus
1446 2093 1598 2129 quattuor
1623 2088 1788 2129 legionum

1113 2132 1191 2162 alibi
1215 2133 1303 2171 apud
1329 2132 1459 2162 Livium
1485 2135 1583 2171 atque
1608 2141 1662 2170 ap.
1688 2130 1788 2162 Dion.

1115 2174 1196 2205 Exc.
1210 2175 1287 2205 Vat.
1300 2173 1356 2205 xii.
1371 2184 1387 2204 2
1392 2182 1420 2213 5.
1437 2174 1571 2214 legitur:
1596 2174 1652 2203 sed
1665 2173 1705 2203 de
1719 2174 1789 2213 qui-

1112 2218 1163 2246 nis
1188 2217 1333 2246 millibus
1356 2216 1532 2253 dubitatur,
1559 2219 1591 2246 et
1620 2216 1788 2255 quaternis

1112 2258 1242 2297 Lipsius
1263 2259 1400 2298 reponit,
1416 2258 1470 2297 qui
1489 2262 1599 2288 tamen
1618 2257 1790 2297 legionem,

1116 2300 1219 2339 qualis
1261 2304 1334 2340 post
1374 2300 1559 2339 Scipionem
1600 2299 1790 2329 Africanum

1116 2343 1251 2379 exstitit,
1288 2342 1321 2372 in
1363 2342 1496 2372 calculis
1537 2341 1602 2372 suis
1637 2340 1790 2380 respexit.

1118 2385 1318 2415 Niebuhrius
1333 2394 1472 2424 quoque,
1488 2383 1544 2423 qui
1556 2382 1716 2423 legionem
1731 2382 1789 2413 hu-

1117 2426 1166 2456 ius
1189 2426 1343 2465 temporis
1365 2429 1501 2465 spectat,
1519 2425 1638 2456 milites
1660 2424 1791 2455 omnino

1117 2478 1202 2507 4050
1216 2468 1249 2498 in
1265 2468 1444 2508 legionibus
1459 2466 1593 2507 singulis
1606 2466 1704 2497 fuisse
1719 2476 1791 2497 cen-

1117 2514 1176 2547 set,
1184 2510 1336 2548 quoniam
1346 2509 1448 2540 tribus
1456 2509 1683 2540 tantummodo
1694 2508 1791 2548 vigin-

1119 2551 1143 2581 ti
1153 2556 1277 2591 septem
1291 2555 1392 2589 erant,
1405 2555 1437 2582 et
1452 2552 1565 2582 cohors
1579 2560 1793 2590 unaquaeque

1119 2593 1238 2624 milites
1254 2594 1316 2624 810
1331 2593 1526 2624 continebat.
1571 2592 1699 2624 Idcirco
1714 2602 1792 2633 qua-

1122 2637 1222 2666 ternis
1236 2637 1376 2666 millibus
1392 2636 1614 2675 reponendum
1631 2634 1764 2665 iudicat.

1165 2689 1184 2716 4
1206 2679 1355 2708 Alterum
1372 2679 1514 2715 tantum]
1542 2677 1592 2708 Ut
1606 2686 1692 2715 supr.
1707 2675 1728 2707 i.
1743 2674 1793 2715 36.

1122 2730 1255 2751 numero
1277 2721 1415 2751 alterum
1431 2724 1558 2750 tantum
1573 2719 1702 2756 adiecit,
1715 2718 1748 2749 h.
1765 2727 1793 2748 e.

1122 2762 1336 2792 tantumdem.
1383 2762 1423 2792 In
1450 2761 1514 2791 alio
1541 2771 1635 2791 sensu
1657 2758 1794 2790 occurrit

1122 2803 1195 2834 infr.
1215 2814 1247 2835 x.
1269 2803 1319 2842 46.
1343 2803 1398 2834 ubi
1421 2803 1558 2842 duplum
1581 2801 1718 2841 intelligi
1740 2801 1793 2831 de-

1123 2846 1189 2877 bet.
