1934 3211
386 194 470 232 286

901 188 1049 230 ΤΙΤΙ
1087 188 1268 230 LIVII

171 292 216 323 U.
233 291 271 322 O.
290 299 362 330 349·
389 280 584 321 monibus
616 279 902 335 efflagitatum,
925 279 970 320 id
997 280 1205 320 efficiebat
1232 277 1454 333 multiplex
1481 275 1684 333 gaudium
1712 290 1786 316 cu-

170 334 210 364 A.
234 334 272 364 C.
290 341 361 371 403.

171 375 367 407 Calumniae

172 417 315 448 tribuno-

172 470 254 492 rum.

178 920 351 951 Tributum

178 962 347 993 indictum.

180 1090 295 1119 Patres
312 1098 383 1117 con-

180 1132 287 1162 ferunt
304 1130 366 1170 pri-

179 1184 233 1205 011,

182 1265 281 1312 Plebs
297 1274 341 1295 se-

182 1311 299 1345 quitur.

256 1766 322 1805 61.

389 337 738 392 mulatioremque
779 337 953 393 gratiam
994 337 1065 377 rei.

1141 335 1323 377 Tribuni
1361 334 1507 390 plebis,
1550 332 1786 374 communis

390 395 587 436 ordinum
637 393 820 435 laetitiae
867 394 1200 449 concordiaeque
1247 392 1323 433 soli
1369 399 1574 447 expertes,
1617 404 1785 445 negare,

392 458 404 475 ‘
421 452 529 493 Tam
560 451 605 491 id
634 451 791 492 laetum
822 451 1018 492 Patribus
1050 450 1266 499 universis,
1298 464 1376 490 nec
1407 463 1653 505 prosperum
1683 447 1819 495 fore‚6

393 515 548 565 ‘quam
588 509 667 564 ipsi
710 508 955 549 crederent:
1009 507 1230 548 consilium
1275 507 1413 561 specie
1445 506 1595 570 ‘prima
1638 504 1787 544 melius

394 566 559 615 ‘fuisse,
591 580 717 620 quam
750 580 828 605 usu
861 564 1159 620 appariturum.

394 624 535 664 ‘niam
577 622 728 663 confici
768 636 899 676 posse,
937 621 1017 660 nisi
1059 621 1216 661 tributo
1256 619 1414 675 populo
1456 619 1648 659 indicto?

1225 563 1353 604 Unde
1388 578 1501 603 0111111
1534 577 1626 603 0310
1659 576 1788 618 pecu-

1721 617 1820 658 Ex7

395 687 405 704 ‘
422 680 559 721 alieno
581 680 708 734 igitur
729 678 817 718 aliis
838 678 1030 733 largitos:
1062 692 1215 731 neque,
1239 676 1283 716 id
1305 675 1468 717 etiamsi
1489 675 1619 716 ceteri
1638 675 1787 724 ferant,

395 743 612 793 ‘passuros
634 750 716 784 eos,
740 735 892 790 quibus
914 735 995 774 iam
1018 734 1193 774 emerita
1213 733 1423 789 stipendia
1443 740 1594 781 essent,
1618 731 1791 772 meliore

395 800 406 817 ⁶
423 793 663 834 conditione
686 792 787 832 alios
808 791 998 839 militare,
1017 806 1143 846 quam
1166 791 1244 846 ipsi
1267 790 1538 838 militassent3
1562 797 1604 830 et
1620 789 1790 830 eosdem
1803 796 1822 825 8

396 851 468 890 ‘in
499 865 574 890 sua
604 849 813 904 stipendia
846 849 1053 904 impensas
1086 848 1245 896 fecisse,
1276 857 1319 888 et
1348 847 1393 887 in
1424 847 1598 887 aliorum
1628 846 1791 887 facere.’

397 907 478 948 His
510 906 680 946 vocibus
716 914 937 946 moverunt
969 914 1130 961 partem
1164 905 1308 960 plebis.

1372 904 1604 952 Postremo,
1631 903 1792 944 indicto

396 964 478 1005 iam
507 963 675 1011 tributo,
703 963 928 1004 edixerunt
956 964 1082 1003 etiam
1110 962 1280 1012 tribuni,
1308 961 1465 1002 auxilio
1492 976 1534 1002 se
1562 961 1736 1010 futuros,
1758 960 1793 1001 si

398 1021 491 1077 quis
540 1021 584 1060 111
636 1020 815 1061 1111111310
862 1020 1120 1075 stipendium
1162 1020 1366 1060 tributum
1409 1034 1494 1059 non
1535 1017 1789 1059 contulisset.

397 1078 543 1119 Patres
578 1079 685 1118 bene
723 1086 915 1133 coeptam
951 1092 1039 1117 rem
1074 1086 1389 1132 perseveranter
1425 1076 1558 1116 tueri:
1604 1075 1792 1116 conferre

397 1136 475 1191 ipsi
501 1135 651 1191 primi:
686 1144 740 1184 et,
765 1135 863 1190 quia
891 1134 1080 1175 nondum
1109 1143 1330 1189 argentum
1357 1133 1567 1189 signatum
1596 1141 1696 1182 erat,
1724 1147 1792 1173 aes

396 1208 520 1249 grave
542 1192 736 1248 plaustris
757 1192 927 1247 quidam
951 1191 1003 1231 ad
1025 1191 1230 1231 aerarium
1252 1190 1545 1239 convehentes,
1563 1189 1791 1245 speciosam
1807 1205 1823 1226 2

398 1251 524 1291 etiam
558 1249 824 1290 collationem
856 1249 1075 1289 faciebant.

1142 1248 1288 1295 Quum
1319 1256 1486 1288 senatus
1516 1262 1680 1287 summa
1708 1246 1793 1287 fide

398 1323 451 1348 ex
485 1322 612 1348 censu
642 1306 898 1355 contulisset,
928 1305 1131 1361 primores
1158 1305 1304 1360 plebis,
1334 1304 1540 1345 nobilium
1573 1304 1708 1352 amici,
1741 1318 1795 1345 ex

399 1365 630 1419 composito
663 1363 850 1406 conferre
882 1363 1103 1419 incipiunt.

1170 1361 1289 1410 Quos
1317 1377 1449 1418 quum
1477 1370 1520 1402 et
1547 1377 1572 1402 a
1598 1361 1796 1402 Patribus

399 1421 638 1470 collaudari,
662 1429 704 1461 et
732 1437 756 1462 a
783 1420 952 1461 militari
983 1428 1119 1461 aetate
1153 1427 1353 1475 tanquam
1386 1420 1519 1460 bonos
1551 1418 1662 1459 cives
1695 1433 1796 1459 con-

400 1478 503 1533 spici
543 1478 693 1533 vulgus
733 1478 953 1518 hominum
993 1477 1110 1527 vidit,
1152 1486 1340 1533 repente,
1383 1484 1522 1532 spreto
1568 1475 1795 1517 tribunicio

401 1534 572 1583 auxilio,
595 1543 807 1575 certamen
839 1535 1083 1575 conferendi
1114 1542 1176 1575 est
1207 1543 1356 1575 ortum.

1420 1533 1489 1583 Et,
1514 1533 1606 1590 lege
1637 1532 1798 1589 perlata

402 1591 454 1632 de
483 1591 710 1632 indicendo
731 1592 986 1633 Veientibus
1012 1591 1134 1640 bello,
1158 1592 1389 1632 exercitum
1417 1606 1570 1647 magna
1597 1606 1650 1631 ex
1677 1598 1795 1646 parte

401 1649 684 1689 voluntarium
705 1648 803 1688 novi
826 1648 983 1688 tribuni
1005 1648 1187 1688 militum
1207 1648 1415 1689 consulari
1435 1656 1641 1703 potestate
1663 1647 1796 1690 Veios

403 1706 574 1746 duxere.

461 1763 595 1804 Fuere
618 1771 758 1803 autem
781 1762 938 1803 tribuni
960 1762 1010 1803 T.
1030 1761 1258 1810 Quinctius
1278 1760 1556 1817 Capitolinus,
1583 1761 1637 1810 Q.
1657 1760 1796 1810 Quin·
1809 1769 1828 1800 3

448 1908 467 1941 6
490 1911 647 1940 Patribus
662 1911 839 1947 universis]
871 1908 983 1940 Otiosa
998 1908 1078 1938 11300

406 1953 513 1988 verba,
537 1952 658 1991 quippe
681 1962 774 1982 voees
797 1953 883 1991 plebi
908 1952 1079 1981 universae

405 1994 513 2033 potius
534 1994 764 2024 desiderantur.
811 1994 951 2024 Crevier.
974 1994 1079 2032 patri-

406 2038 463 2066 bus
478 2047 536 2066 nec
551 2038 712 2067 universis
727 2037 900 2077 legendum
914 2036 992 2065 vult.
1040 2035 1080 2065 In

406 2082 467 2108 vet.
492 2079 563 2108 edd.
586 2079 737 2117 partibus
762 2078 888 2117 legitur,
911 2087 993 2116 quae
1017 2087 1078 2106 vox

406 2120 592 2159 saepissime
608 2130 682 2150 cum
695 2122 857 2159 patribus,
874 2119 956 2150 sicut
969 2124 1080 2158 partes

406 2173 479 2192 01101
512 2167 634 2201 patres,
659 2162 878 2199 confunditur,
907 2166 943 2191 ut
974 2162 1076 2192 Drak.

404 2208 524 2234 monet.
573 2205 674 2234 Haud
696 2205 761 2234 scio
785 2215 826 2234 an
848 2205 999 2243 partibus
1021 2214 1079 2234 nec

405 2248 566 2277 universis
581 2257 736 2286 reponere
753 2246 889 2276 licuerit.

452 2296 467 2327 7
488 2290 634 2326 Tributo]
655 2289 756 2324 Quod
772 2288 809 2318 iis
821 2288 1009 2327 impositum
1023 2291 1081 2324 est,

407 2330 523 2369 quibus
535 2331 600 2370 agri
614 2330 775 2370 assignati,
786 2334 817 2360 et
829 2330 883 2369 qui
898 2330 931 2359 in
947 2339 1081 2359 numero

407 2372 524 2402 civium
552 2372 638 2403 censi
668 2376 770 2409 erant,
797 2382 854 2412 pro
884 2371 1081 2411 reipublicae

407 2414 662 2452 necessitatibus,
678 2418 776 2454 atque
791 2415 832 2444 ad
849 2414 992 2444 edictum
1009 2423 1080 2443 cen-

406 2456 494 2487 soris.

450 2499 469 2529 8
492 2500 538 2529 Et
552 2500 688 2537 eosdem]
718 2499 761 2529 Et
782 2498 877 2529 simul
900 2498 933 2528 in
955 2508 1013 2528 sua
1028 2498 1080 2528 sti-

407 2541 526 2580 pendia
548 2540 709 2580 impensas
732 2540 855 2577 fecisse,
877 2550 976 2579 quum
1000 2540 1081 2570 nihil

408 2593 425 2612 e
454 2582 585 2621 publico
611 2583 789 2613 militantes
812 2582 1020 2621 acceperint3
1044 2581 1081 2612 si-

408 2625 476 2654 mul
507 2624 539 2654 in
570 2625 706 2655 aliorum
733 2625 895 2663 stipendia
920 2624 1083 2663 impensas

408 2666 525 2703 facere,
541 2676 640 2705 quum
657 2667 814 2696 tributum
831 2667 1009 2702 conferant,
1025 2677 1081 2696 un-

410 2708 449 2737 de
462 2708 526 2737 illis
538 2708 736 2747 stipendium
753 2709 962 2748 persolvatur.
975 2709 1081 2739 CREV.

457 2759 475 2788 9
504 2752 656 2781 Nondum
693 2755 861 2790 argentum
902 2751 1079 2789 sz'ynatmn]

411 2790 527 2828 Neque
553 2796 628 2822 3010
656 2793 817 2831 Pyrrhum
844 2802 950 2831 regem
976 2792 1080 2822 devic-

409 2834 479 2860 tum
507 2834 565 2861 sub
589 2843 673 2863 anno
697 2836 767 2872 484.
796 2835 838 2865 U.
858 2835 894 2865 C.
927 2834 951 2863 si
975 2834 1081 2864 Plinio

411 2872 491 2902 fides
506 2874 689 2905 adhibenda
704 2880 762 2912 est,
780 2876 825 2906 ΙΙ.
844 2876 886 2906 N.
904 2875 1018 2906 xxxiii.
1035 2885 1082 2915 13·

410 2914 449 2944 cf.
468 2913 565 2944 Dion.
588 2916 713 2954 Fragm.
736 2918 784 2947 ed.
804 2918 841 2947 Λ.
866 2917 964 2948 Maio.
982 2928 1035 2948 xx.
1053 2927 1081 2957 9.

1124 1908 1214 1948 Epit.
1232 1909 1318 1939 Flor.
1336 1907 1398 1939 xvi.

1171 1961 1182 1981 1
1209 1953 1274 1982 Aes
1286 1952 1403 1990 yrave]
1423 1961 1464 1981 se.
1482 1952 1578 1980 Asses
1594 1950 1723 1981 librales
1738 1950 1797 1990 sig-

1124 1997 1227 2030 natos,
1251 1993 1305 2032 qui
1329 1993 1390 2022 hoc
1417 1993 1548 2023 nomine
1574 1992 1708 2023 indicati
1730 1993 1797 2023 fue-

1125 2039 1211 2072 runt,
1241 2039 1277 2065 ut
1307 2035 1578 2074 distinguerentur
1606 2036 1647 2065 ab
1676 2035 1799 2065 assibus

1123 2077 1250 2107 levioris
1274 2077 1431 2116 ponderis.
1456 2087 1541 2116 supr.
1566 2087 1617 2116 41.
1648 2077 1687 2108 cf.
1710 2076 1797 2107 Peri-

1123 2130 1192 2149 zon.
1217 2119 1351 2150 Dissert.
1369 2120 1408 2149 (10
1425 2120 1509 2150 Αο10
1529 2119 1638 2150 Gravi.
1655 2119 1797 2150 Gronov.

1122 2163 1162 2192 de
1179 2162 1302 2192 Pecun.
1320 2162 1395 2192 Vet.
1412 2161 1456 2192 iii.
1476 2169 1524 2200 15.

1167 2214 1183 2234 2
1207 2205 1387 2243 Speciosam
1410 2205 1505 2234 etiam
1528 2205 1726 2235 collationem
1741 2205 1798 2243 fa-

1123 2247 1265 2284 ciebant]
1286 2245 1534 2283 Efficiebant‚ut
1545 2246 1675 2277 collatio
1686 2245 1800 2276 tributi

1125 2288 1221 2318 etiam
1239 2288 1391 2327 speciem,
1404 2288 1436 2318 id
1449 2292 1508 2325 est,
1520 2298 1686 2327 pompam,
1698 2287 1798 2327 digni-

1125 2334 1225 2360 tatem
1242 2330 1384 2368 aliquam
1409 2330 1552 2367 haberet,
1570 2339 1653 2369 quae
1669 2339 1798 2360 conver-

1125 2376 1207 2402 teret
1223 2373 1334 2402 oculos
1350 2372 1446 2411 vulgi.
1471 2372 1576 2402 CRssv.

1175 2424 1192 2453 3
1215 2416 1322 2445 Fuere
1351 2418 1457 2444 autem
1487 2414 1627 2452 tribuni]
1669 2413 1800 2444 Exinde

1125 2466 1181 2486 sex
1200 2455 1320 2485 tribuni
1342 2455 1481 2485 militum
1499 2465 1584 2487 cons.
1602 2458 1717 2495 potest.
1734 2466 1799 2486 cre-

1126 2497 1170 2528 ati
1189 2502 1275 2535 sunt,
1291 2497 1374 2527 10101
1389 2507 1468 2536 quos
1490 2508 1574 2528 unus
1596 2508 1722 2538 semper
1745 2508 1800 2538 pa-

1125 2539 1244 2570 tricius.
1292 2540 1393 2570 Haud
1414 2539 1479 2570 scio
1494 2549 1536 2570 an
1551 2540 1669 2571 electio
1684 2540 1800 2571 horum

1126 2581 1371 2620 magistratuum
1401 2582 1489 2621 apud
1520 2581 1651 2613 comitia
1680 2581 1801 2613 tributa

1127 2634 1167 2654 ex
1183 2624 1244 2654 hoc
1260 2627 1406 2663 tempore
1428 2623 1540 2654 habita
1556 2624 1663 2661 fuerit,
1678 2623 1801 2664 quippe

1128 2665 1239 2696 Livius
1263 2666 1303 2696 de
1329 2667 1417 2696 tribu
1440 2668 1682 2705 praeroyativa,
1705 2670 1738 2697 et
1760 2666 1801 2696 de

1128 2709 1199 2739 iure
1214 2709 1333 2738 vocatis
1348 2709 1495 2738 tribubus
1509 2708 1581 2738 infr.
1593 2719 1621 2738 v.
1636 2709 1683 2738 18.
1698 2707 1800 2747 loqui-

1128 2754 1189 2780 tur.
1235 2750 1320 2780 Fieri
1347 2753 1456 2780 tamen
1488 2754 1604 2788 potest,
1627 2754 1663 2780 ut
1690 2749 1800 2780 Livius

1126 2792 1228 2822 forma
1252 2792 1416 2831 loquendi,
1438 2792 1522 2822 inter
1551 2792 1703 2830 aequales
1727 2800 1800 2820 suos

1126 2833 1302 2873 usitatiore,
1313 2844 1370 2873 per
1381 2833 1644 2873 anticipationem
1662 2842 1737 2863 usus
1751 2831 1798 2862 fu-

1128 2876 1195 2906 erit.
