1934 3211
565 186 690 228 LIB.
725 185 804 227 ΙΙΙ.
849 186 994 227 CAP.
1029 190 1096 229 57.
1451 190 1532 230 207

135 278 243 333 pius,
276 290 355 318 nec
390 277 435 316 in
475 275 633 316 iudicio
668 274 813 331 populi
855 274 983 316 ullam
1024 289 1142 331 spem
1183 275 1386 317 habebat:
1430 286 1536 318 atta·
1551 288 1595 320 U.
1613 288 1651 319 C.
1671 285 1742 327 306·

136 349 236 375 men
265 342 309 375 et
343 333 532 374 tribunos
568 332 818 388 appellavit3
861 342 917 382 et,
954 332 1071 373 nullo
1108 341 1311 381 morante,
1349 343 1537 389 arreptus
1551 332 1590 362 A.
1615 331 1653 362 C.
1673 327 1743 368 44⁶·

136 406 162 432 a
198 391 370 440 viatore,
420 390 662 438 ‘Provoeo,’
703 389 852 445 inquit.
929 389 1092 430 Audita
1132 405 1214 430 vox
1256 405 1341 430 una
1379 390 1537 432 vindex

134 447 351 497 libertatis,
400 462 453 489 ex
501 462 551 488 eo
599 447 723 487 missa
772 462 856 496 ore,
901 461 986 502 quo
1036 447 1246 488 vindiciae
1302 462 1439 503 nuper
1487 449 1538 489 ab

134 504 329 546 libertate
365 505 504 546 dictae
539 514 671 553 erant,
711 504 925 545 silentium
960 504 1071 545 fecit.
1137 504 1206 553 Et,
1244 504 1346 544 dum
1383 519 1459 560 pro
1496 519 1538 545 se

167 561 329 618 uisque,
375 562 520 603 ‘Deos
554 561 725 602 tandem
758 576 859 610 esse,
889 570 931 602 et
961 576 1048 602 non
1082 561 1295 617 negligere
1329 561 1539 611 humana,'

154 628 335 669 remunt,
371 625 382 643 ‘
400 628 443 660 ct
467 619 686 675 superbiae
717 618 1054 674 crudelitatique,
1078 619 1155 659 etsi
1176 634 1297 668 seras,
1321 634 1407 659 non
1429 619 1541 660 leves

140 681 309 718 ‘tamen
330 677 471 718 venire
502 692 683 732 poenas:
717 691 956 732 provocare,
980 676 1053 731 qui
1081 676 1425 731 provocationem
1453 691 1542 717 sus-

140 733 357 783 ‘tulisset3
391 743 433 775 et
462 733 683 789 implorare
714 733 967 789 praesidium
996 732 1155 789 populi,
1179 734 1252 788 qui
1281 734 1425 774 omnia
1451 734 1543 774 iura

141 791 314 847 ‘populi
343 791 560 840 obtrisset3
597 791 771 847 rapique
805 790 847 830 in
874 790 1041 831 vincula
1066 793 1263 846 egentem
1296 791 1384 832 iure
1417 791 1542 832 liber-

141 849 277 898 ‘tatis‚
300 849 372 904 qui
401 849 579 889 liberum
605 863 755 903 corpus
783 848 826 887 in
848 848 1092 888 servitutem
1118 847 1348 888 addixisset
1366 849 1389 897 ς’
1411 848 1542 904 ipsius

140 905 288 962 Appii,
311 907 422 948 inter
452 906 666 946 concionis
698 919 889 945 murmur
916 905 1045 945 fidem
1074 905 1219 960 populi
1252 905 1435 946 Romani
1464 906 1543 946 im-

140 962 357 1060 plorantis,
392 978 472 1005 vox
510 963 768 1003 audiebatur.
834 961 1048 1003 Maiorum
1084 959 1234 1002 merita
1268 963 1310 1002 in
1346 963 1544 1018 rempub-

157 1020 265 1062 icam
305 1020 420 1061 domi
461 1020 719 1075 militiaeque
762 1019 1141 1060 commemorabat:
1197 1025 1347 1060 ‘suum
1398 1019 1545 1060 infelix

143 1082 271 1134 ‘erga
319 1077 486 1134 plebem
530 1077 767 1118 Romanam
818 1077 1017 1125 studium,
1060 1076 1176 1132 quod
1226 1077 1543 1132 aequandarum

143 1134 312 1191 ‘legum
344 1149 469 1176 causa
499 1149 596 1175 cum
634 1134 817 1174 maxima
852 1134 1082 1175 offensione
1115 1134 1289 1174 Patrum
1323 1133 1544 1174 consulatu

144 1192 350 1233 ‘abissetz
389 1206 483 1233 suas
519 1191 645 1247 leges,
685 1191 838 1246 quibus
874 1192 1142 1231 manentibus
1178 1191 1285 1231 lator
1320 1206 1463 1232 carum
1500 1191 1544 1231 in

113 1249 339 1294 7‘vincula
374 1249 564 1289 dueatur.
630 1247 833 1289 Ceterum
872 1263 946 1288 sua
981 1248 1149 1304 propria
1183 1249 1295 1288 bona.
1335 1248 1543 1304 malaque,

145 1311 305 1362 ‘quum
339 1321 486 1347 causae
520 1305 725 1347 dicendae
755 1306 853 1346 data
883 1305 1056 1346 facultas
1091 1306 1155 1354 sit,
1195 1315 1284 1346 tum
1318 1320 1361 1346 se
1395 1320 1546 1361 exper-

108 1367 328 1404 8‘turum.
393 1362 443 1403 In
476 1363 713 1418 praesentia
746 1378 788 1403 se
826 1362 1039 1403 communi
1075 1363 1164 1403 iure
1200 1362 1378 1402 civitatis
1411 1363 1545 1402 civem

147 1425 158 1443 ‘
176 1420 418 1461 Romanum
436 1420 505 1461 die
523 1420 637 1461 dieta
656 1420 880 1475 postulare,
900 1428 946 1459 ut
962 1419 1101 1460 dicere
1119 1419 1255 1468 liceat,
1274 1428 1321 1459 ut
1342 1419 1546 1460 iudicium

147 1482 158 1500 ‘
174 1477 320 1534 populi
341 1477 521 1518 Romani
539 1477 733 1533 experiri.
779 1476 879 1517 Non
902 1477 960 1516 ita
981 1491 1023 1517 se
1046 1476 1247 1516 invidiam
1264 1476 1545 1532 pertimuisse,

147 1539 159 1557 ‘
176 1544 223 1576 ut
247 1535 354 1576 nihil
380 1535 423 1575 in
457 1534 668 1590 aequitate
698 1542 741 1574 ct
766 1533 1051 1574 misericordia
1083 1533 1238 1573 civium
1265 1548 1435 1574 suorum
1457 1534 1546 1589 spei

148 1596 159 1614 ‘
175 1592 339 1634 habeat.
396 1591 524 1640 Quod
546 1591 579 1631 si
602 1590 761 1631 indicta
781 1605 905 1631 causa
926 1590 969 1630 in
992 1590 1159 1631 vincula
1180 1590 1369 1639 ducatur,
1393 1591 1547 1631 iterum

149 1653 160 1672 ‘
176 1664 219 1691 se
242 1650 430 1691 tribunos
450 1648 589 1705 plebei
611 1647 834 1704 appellare,
853 1657 893 1688 et
911 1662 1096 1696 monere,
1114 1663 1168 1688 ne
1191 1648 1423 1697 imitentur,
1441 1662 1548 1703 quos

149 1706 354 1748 ‘oderint.
421 1705 550 1754 Quod
592 1706 625 1746 si
667 1705 823 1746 tribuni
865 1704 1015 1746 codem
1051 1705 1220 1746 foedere
1258 1705 1463 1760 obligatos
1504 1719 1546 1745 se

149 1768 161 1786 ‘
176 1764 387 1805 fateantur
408 1763 617 1804 tollendae
635 1762 913 1819 appellatonis
930 1777 1065 1811 eausa,
1084 1763 1127 1802 in
1146 1777 1273 1818 quam
1289 1758 1547 1818 conspirasse

149 1821 437 1863 ‘decemviros
457 1821 667 1862 criminati
695 1821 802 1869 sint3
835 1829 877 1861 at
905 1835 948 1860 se
977 1834 1202 1875 provocare
1233 1820 1286 1860 ad
1314 1819 1546 1875 populum:

151 1878 399 1935 ‘implorare
432 1878 546 1934 leges
574 1877 626 1918 dc
660 1877 956 1934 provocatione
983 1886 1026 1917 et
1058 1877 1310 1925 consulares,
1341 1885 1383 1918 et
1417 1877 1550 1918 tribu-

151 1940 163 1959 ‘
179 1936 322 1986 nicias,
344 1951 395 1977 eo
416 1936 506 1991 ipso
527 1950 638 1976 anno
658 1935 773 1976 latas.
840 1934 982 1982 Quem
1011 1935 1125 1975 enim
1154 1943 1489 1990 provocaturum,
1517 1934 1550 1973 si

152 1993 260 2034 ‘hoc
288 1993 534 2034 indemnato
562 1991 721 2032 indicta
751 2006 876 2032 eausa
905 2007 990 2032 non
1024 1991 1180 2032 liceat?
1211 1992 1279 2032 eui
1310 1992 1477 2047 plebeio
1509 2000 1549 2031 et

153 2055 164 2073 ‘
180 2050 329 2091 humili
353 2049 605 2106 praesidium
629 2049 672 2088 in
695 2049 857 2103 legibus
874 2048 973 2096 fore,
997 2048 1030 2087 si
1054 2049 1136 2103 Ap.
1157 2048 1339 2088 Claudio
1362 2063 1446 2088 non
1469 2048 1553 2088 sit?

154 2112 165 2130 ‘
181 2122 224 2148 se
246 2106 502 2147 documento
522 2106 722 2150 futurum,
748 2114 886 2145 utrum
910 2105 1027 2144 novis
1051 2104 1210 2158 legibus
1231 2105 1476 2153 dominatio,
1500 2119 1552 2144 an

155 2164 352 2204 ‘libertas
374 2164 536 2204 firmata
560 2163 636 2203 sit:
672 2172 714 2203 et
745 2161 970 2218 appellatio
999 2162 1323 2217 provocatioque
1357 2161 1553 2202 adversus

156 2221 377 2262 ‘iniuriam
407 2221 722 2277 magistratuum
754 2228 961 2260 ostentata
993 2228 1155 2259 tantum
1186 2219 1379 2259 inanibus
1409 2218 1551 2267 literis,

155 2284 236 2320 ‘an
277 2293 372 2319 vere
414 2278 512 2318 data
551 2278 630 2318 sit.'
692 2277 853 2317 Contra
894 2292 942 2317 ea
989 2276 1214 2329 Virginius
1259 2276 1430 2316 ‘snum
1467 2276 1549 2332 Ap.

156 2341 167 2360 ‘
186 2335 416 2377 Claudium
439 2344 481 2376 et
503 2335 643 2391 legum
666 2344 880 2390 expertem
905 2344 943 2375 et
968 2333 1101 2374 civilis
1123 2343 1165 2374 et
1184 2334 1355 2374 lunnaui
1373 2333 1553 2374 foederis

157 2394 300 2443 ‘esse‚'
330 2393 479 2434 aiebat.
544 2392 847 2448 ‘Respicerent
881 2391 1059 2432 tribunal
1096 2391 1300 2435 hominos,
1336 2390 1551 2431 castellum
1586 2435 1588 2438 ¹

157 2451 373 2491 ‘omnium
407 2450 637 2491 scelerum:
686 2450 754 2490 ubi
789 2449 1003 2490 decemvir
1038 2448 1105 2488 ille
1143 2458 1384 2504 perpetuus,
1419 2448 1552 2494 bonis,

1637 2282 1660 2319 <su

1668 2282 1689 2320 «Ι

202 2587 218 2619 7
235 2580 303 2609 Sua
317 2581 451 2619 propria
465 2580 545 2610 bona
562 2579 727 2618 malaque]
744 2579 833 2614 Quid
880 2577 1083 2617 sponsionem
1104 2578 1207 2606 sincere
1226 2576 1353 2611 licebat,
1371 2581 1403 2605 ut
1421 2576 1472 2605 «lie
1489 2576 1553 2606 ‹lic-

158 2621 216 2652 „ibi
236 2621 362 2661 proprie
379 2621 409 2651 in
424 2632 519 2652 causa
534 2627 589 2651 aut
609 2621 834 2660 pr‹›‹1vs.=·0‚;mt
880 2626 911 2650 ta
940 2621 1025 2659 apud
1062 2619 1212 2652 iudicem,
1241 2619 1270 2649 li.
1296 2631 1322 2648 υ.
1350 2618 1504 2648 arbitrum
1536 2629 1554 2649 a

160 2674 274 2695 nocere
292 2668 396 2704 posset
414 2676 422 2699 ς
444 2674 582 2703 (pinnum
601 2674 638 2692 ex
659 2669 748 2702 parte
767 2673 834 2702 pro<
881 2662 1069 2699 nmgistrntu
1093 2662 1218 2693 (lutum,
1238 2673 1270 2690 se
1295 2661 1440 2691 sisteret:
1470 2661 1555 2700 quod

161 2707 230 2747 pria
252 2705 299 2736 nui
327 2705 425 2745 ipsius
443 2716 539 2735 causa
562 2710 617 2735 nut
635 2706 726 2735 firma
743 2710 836 2738 vasi-t,
881 2705 904 2733 si
934 2709 1023 2734 uetur
1049 2704 1251 2743 apenninum-m
1278 2714 1340 2733 non
1366 2702 1557 2738 flaminia-zet,

159 2753 216 2780 aut
247 2748 380 2779 labaret.
436 2747 582 2787 Opponit
612 2749 746 2786 propria
777 2758 836 2776 sua
881 2752 979 2785 utque
1004 2751 1035 2775 ut
1063 2745 1221 2776 numina-ti
1247 2744 1388 2778 criminin
1411 2755 1499 2775 reum
1525 2745 1556 2775 in

161 2793 242 2822 bona
258 2792 406 2831 malaque
422 2789 584 2819 conunnni
603 2789 742 2818 enitatis
767 2789 837 2823 iuri,
883 2799 1039 2818 carcerem
1066 2789 1138 2817 «luci
1165 2789 1299 2822 iuberet,
1321 2793 1388 2818 tum
1414 2787 1559 2818 tribunos

162 2834 246 2873 quod
266 2843 338 2862 mox
360 2832 566 2862 invocaturus
581 2836 638 2862 est.
662 2833 768 2861 Ciu-tv.
882 2831 1069 2870 appellabat
1099 2841 1180 2865 reus,
1203 2831 1320 2870 quibus
1345 2835 1452 2860 tamen
1482 2830 1556 2860 libe-

211 2879 229 2906 8
259 2876 424 2905 (inminuti
458 2876 545 2912 '‘m-4¹1
603 2874 672 2904 leco
707 2873 836 2911 quidem
884 2884 951 2903 rum
973 2873 1188 2903 intervenit-nili
1206 2872 1371 2903 arbitrium
1389 2878 1467 2903 emt.
