1934 3211
398 178 483 216 240
909 173 1056 216 TITI
1094 172 1273 215 LIVII

181 275 225 306 U.
241 274 280 306 G.
299 273 369 314 3¹6·
398 280 484 307 non
504 274 716 308 auctorem
744 264 878 307 solum
899 265 1166 315 desideraret,
1188 264 1262 307 sed
1282 263 1407 306 etiam
1428 261 1663 310 vindicem3
1696 267 1787 301 tum

180 319 219 349 A.
243 318 282 350 C.
299 316 371 358 43⁶·
399 323 449 365 T.
477 323 716 373 Quinctius,
740 328 752 347 ‘
765 322 955 365 consules
978 323 1187 365 immerito
1208 321 1439 378 increpari,⁷
1459 320 1529 369 ait,
1553 325 1565 344 ‘
1578 318 1665 376 qui,
1686 332 1787 359 con-

400 386 412 405 ‘
427 381 559 423 stricti
578 380 740 437 legibus
761 380 814 422 de
834 380 1127 438 provocatione
1149 379 1203 422 ad
1223 378 1535 421 dissolvendum
1563 375 1787 433 imperium

400 444 412 463 ‘
427 438 534 488 latis,
571 453 838 495 nequaquam
876 446 1038 479 tantum
1069 438 1220 479 virium
1255 437 1300 478 in
1336 435 1580 492 magistratu
1611 433 1665 475 ad
1694 447 1787 474 eam

401 502 412 520 ‘
427 511 516 537 rem
535 511 611 553 pro
631 496 845 537 atrocitate
862 494 1169 544 vindicandam,
1186 502 1391 550 quantum
1412 492 1553 542 animi,
1570 491 1784 533 haberent.

401 559 413 578 ‘
433 553 552 610 Opus
573 569 660 595 esse
689 568 775 594 non
793 553 889 594 forti
910 552 1042 593 solum
1063 552 1164 601 viro,
1186 551 1262 592 sed
1281 551 1406 592 etiam
1427 550 1558 592 libero
1578 547 1819 593 exsoluto-3

402 616 414 635 ‘
429 626 511 667 que
540 610 680 667 legum
704 610 892 651 vinculis.
954 608 1104 665 Itaque
1126 623 1169 650 se
1191 608 1438 649 dictatorem
1460 606 1509 648 L.
1536 605 1788 655 Quinctium

402 675 414 693 ‘
430 668 663 710 dicturum:
697 667 755 708 ibi
776 667 961 708 animum
982 681 1125 722 parem
1146 674 1286 707 tantae
1307 664 1502 721 potestati
1522 663 1637 705 esse.'
1696 663 1788 719 Ap-

399 725 674 783 probantibus
704 723 876 773 cunctis,
908 723 1043 780 primo
1077 722 1305 772 Quinctius
1334 722 1542 763 abnuere:
1581 728 1636 771 et,
1660 720 1789 776 ‘quid

402 783 508 825 ‘sibi
532 782 714 831 vellent‚’
734 780 926 837 rogitare,
950 780 1048 837 ‘qui
1078 795 1121 822 se
1152 788 1287 822 aetate
1318 788 1465 821 exacta
1494 787 1634 821 tantae
1665 777 1789 819 dimi-

403 846 415 865 ‘
430 840 583 882 cationi
600 839 856 881 obiicerent.’
898 838 1025 888 Dein,
1041 853 1172 894 quum
1189 837 1377 893 undique
1397 836 1491 893 plus
1511 837 1557 878 in
1576 835 1648 877 illo
1668 835 1790 877 senili

402 898 542 939 animo
571 912 655 938 non
685 896 846 938 consilii
877 895 1014 946 modo,
1037 895 1112 937 sed
1132 895 1258 937 etiam
1278 894 1443 936 virtutis
1464 909 1564 943 esse,
1587 908 1715 950 quam
1743 892 1789 934 in

403 955 596 997 omnibus
616 953 706 996 aliis
726 953 927 1003 dicerent,
949 953 1225 1009 laudibusque
1256 952 1369 994 haud
1399 951 1615 993 immeritis
1642 965 1791 992 onera-

403 1021 509 1062 rent,
531 1021 575 1053 et
594 1011 739 1053 consul
766 1011 871 1052 nihil
901 1011 1157 1060 remitteret3
1189 1019 1380 1067 precatus
1401 1008 1571 1052 tandem
1592 1008 1692 1050 deos
1711 1008 1791 1049 im-

187 1073 325 1122 Qreatur
404 1069 598 1112 mortales
615 1069 904 1119 Cincinnatus,
923 1084 975 1110 ne
997 1077 1188 1110 senectus
1209 1084 1284 1109 sua
1303 1068 1347 1108 in
1369 1076 1453 1108 tam
1474 1066 1647 1123 trepidis
1667 1065 1791 1107 rebus

187 1117 359 1190 ἒξῐξζῇῗῐξῧ
404 1127 558 1169 damno
580 1127 826 1169 dedecorive
856 1126 1109 1183 reipublicae
1135 1135 1253 1175 esset,
1276 1125 1454 1166 dictator
1483 1140 1507 1166 a
1536 1122 1705 1165 consule
1727 1123 1792 1164 di-

187 1206 249 1233 tus.
404 1185 535 1227 citur:
568 1185 657 1241 ipse
683 1184 836 1226 deinde
861 1183 911 1225 C.
939 1183 1159 1226 Servilium
1189 1182 1368 1224 Ahalam
1399 1182 1642 1238 magistrum
1671 1181 1792 1237 equi-

261 1246 324 1284 14.
406 1252 495 1285 tum
521 1242 634 1284 dicit.
698 1242 870 1284 Postero
898 1241 980 1292 die,
1009 1241 1218 1298 dispositis
1247 1240 1475 1297 praesidiiS,
1497 1254 1629 1295 quum
1658 1238 1704 1279 in
1729 1238 1792 1280 fo-

405 1315 497 1342 rum
529 1299 824 1349 descendisset,
856 1314 1138 1355 conversaque
1169 1299 1214 1339 in
1244 1313 1341 1339 eum
1370 1297 1488 1354 plebs
1518 1296 1701 1338 novitate
1731 1295 1789 1337 rei

406 1373 453 1399 ac
474 1357 675 1399 miraculo
696 1366 815 1407 esset,
838 1366 881 1399 et
902 1356 1104 1398 Maeliani
1131 1364 1257 1412 atque
1283 1355 1370 1413 ipse
1392 1355 1479 1396 dux
1500 1368 1644 1396 eorum
1673 1353 1719 1395 in
1748 1368 1792 1395 se

406 1415 612 1456 intentam
627 1415 712 1456 vim
734 1415 839 1456 tanti
859 1415 1020 1471 imperii
1044 1422 1287 1463 cernerent3
1317 1421 1510 1470 expertes
1525 1411 1793 1453 consiliorum

407 1472 538 1528 regni,
563 1472 661 1528 ‘qui
682 1472 897 1522 tumultus,
920 1471 1034 1528 quod
1062 1472 1220 1513 bellum
1249 1485 1412 1527 repens,
1434 1478 1507 1511 aut
1533 1469 1795 1511 dictatoriam

410 1535 422 1554 ‘
438 1529 708 1578 maiestatem,
733 1538 804 1570 aut
827 1530 1077 1577 Quinctium
1098 1538 1192 1586 post
1217 1528 1517 1584 octogesimum
1545 1541 1702 1568 annum
1728 1541 1795 1568 re-

410 1593 422 1612 ‘
438 1595 596 1628 ctorem
611 1586 862 1642 reipublicae
879 1587 1131 1642 quaesisset,'
1150 1586 1400 1642 rogitarent3
1423 1584 1571 1626 missus
1591 1584 1642 1625 ab
1663 1584 1796 1625 dicta-

193 1653 335 1686 Maelius
349 1653 391 1683 ad
410 1653 497 1686 tore
532 1643 728 1686 Servilius
759 1644 953 1700 magister
982 1644 1174 1699 equitum
1203 1643 1257 1684 ad
1288 1642 1506 1692 Maelium,
1537 1641 1697 1684 ‘Vocat
1727 1641 1796 1690 te‚’

192 1707 266 1770 {mm
284 1706 373 1727 voca-
410 1702 559 1758 inquit,
583 1701 809 1742 ‘dictator.'
871 1700 1015 1749 Quum
1043 1701 1217 1757 pavidus
1242 1700 1324 1749 ille,
1349 1699 1476 1756 ‘quid
1497 1698 1646 1748 vellet,’
1667 1713 1795 1755 quae-

209 1751 256 1771 ur.
410 1768 544 1808 reret3
595 1758 876 1814 Serviliusque
914 1764 926 1782 ⁶
941 1773 1106 1800 causam
1141 1757 1363 1799 dicendam
1398 1756 1497 1798 esse’
1528 1764 1794 1812 proponeret,

413 1823 425 1841 ‘
440 1817 696 1872 crimenque,
718 1831 743 1857 a
764 1815 956 1857 Minucio
984 1815 1169 1857 delatum
1199 1814 1253 1856 ad
1283 1822 1486 1863 senatum,
1509 1812 1757 1854 diluendum
1770 1814 1796 1863 ;'

412 1883 513 1916 tunc
535 1873 716 1915 Maelius
745 1874 928 1930 recipere
958 1888 1001 1914 se
1032 1873 1076 1913 in
1107 1881 1313 1914 catervam
1343 1886 1526 1920 suorum,
1549 1878 1592 1912 et
1613 1870 1795 1927 primum

412 1932 762 1988 circumspectans
783 1930 1059 1987 tergiversari:
1092 1938 1313 1986 postremo,
1331 1943 1462 1985 quum
1483 1928 1694 1984 apparitor
1712 1928 1796 1969 ius-

413 2005 461 2030 su
496 1989 680 2045 magistri
716 1988 906 2044 equitum
942 1988 1127 2037 duceret,
1159 1995 1326 2043 ereptus
1361 2001 1386 2027 a
1419 1986 1796 2036 circumstantibus,

412 2046 673 2103 fugiensque,
696 2046 824 2087 fidem
844 2045 976 2101 plebis
998 2045 1214 2086 Romanae
1236 2043 1468 2100 implorare,
1490 2051 1534 2084 et
1553 2042 1732 2099 opprimi
1752 2058 1796 2084 se

413 2119 619 2145 consensu
634 2103 807 2145 Patrum
823 2102 974 2152 dicere,
993 2102 1108 2158 quod
1128 2101 1240 2158 plebi
1260 2101 1442 2157 benigne
1457 2100 1638 2142 fecisset:
1665 2115 1796 2151 orare,

414 2170 461 2203 ut
481 2177 603 2218 opem
628 2161 705 2202 sibi
729 2160 877 2202 ultimo
898 2160 941 2201 in
963 2160 1201 2202 discrimine
1221 2159 1390 2208 ferrent,
1412 2173 1517 2199 neve
1537 2165 1635 2199 ante
1656 2157 1798 2199 oculos

200 2226 376 2259 Occiditur.
414 2234 509 2260 suos
535 2218 732 2261 trucidari
755 2218 950 2259 sinerent.
1014 2217 1133 2259 Haec
1154 2232 1251 2258 eum
1272 2216 1566 2257 vociferantem
1587 2224 1799 2257 assecutus

416 2276 553 2318 Ahala
575 2276 772 2318 Servilius
792 2276 1035 2316 obtruncat:
1068 2288 1361 2331 respersusque
1382 2287 1527 2314 cruore
1548 2272 1797 2322 obtruncati,

414 2334 590 2390 stipatus
619 2342 784 2375 caterva
811 2332 1079 2389 patriciorum
1109 2331 1321 2380 iuvenum,
1350 2329 1543 2371 dictatori
1572 2329 1798 2379 renuntiat,

415 2400 608 2433 vocatum
635 2391 689 2432 ad
718 2406 816 2432 eum
837 2389 1057 2439 Maelium,
1079 2388 1244 2445 repulso
1264 2387 1496 2443 apparitore
1517 2385 1799 2428 concitantem

416 2448 742 2497 multitudinem,
778 2462 958 2504 poenam
995 2446 1187 2488 meritam
1222 2445 1385 2486 habere.
1458 2443 1572 2485 Tum
1606 2443 1798 2494 dictator,

418 2512 429 2530 ‘
444 2505 586 2548 Macte
606 2505 785 2555 virtute,’
806 2504 955 2561 inquit,
979 2510 990 2528 ‘
1006 2503 1055 2545 C.
1075 2503 1235 2552 Servili,
1252 2511 1353 2552 esto,
1370 2501 1544 2543 liberata
1562 2500 1832 2557 republica'4

468 2674 485 2704 3
512 2665 626 2695 Libero
667 2661 885 2702 eoesolutoque]
944 2659 996 2690 Ex
1041 2659 1089 2689 his
1131 2663 1214 2689 tasse
1235 2659 1304 2698 lege
1326 2658 1383 2688 illa
1405 2657 1563 2689 sancitum
1585 2657 1635 2689 ius
1656 2659 1800 2689 nondum

420 2706 567 2742 Quinctii
591 2705 693 2736 verbis
719 2703 824 2744 colligi
850 2713 941 2743 posse
965 2703 1089 2732 videtur
1132 2711 1189 2741 pro
1212 2701 1338 2731 firmato
1361 2701 1476 2738 stabat,
1491 2711 1595 2740 neque
1616 2700 1723 2732 adhuc
1744 2711 1799 2740 po—

420 2759 439 2778 a
465 2749 620 2778 dictatore
649 2751 726 2777 tunc
757 2745 1016 2786 provocationem
1047 2744 1087 2775 ad
1131 2747 1236 2774 tuerat
1259 2743 1436 2782 antiquitus
1457 2743 1649 2783 assignatam
1665 2743 1800 2774 dictatu-

421 2791 577 2829 populum
604 2800 668 2820 non
693 2789 799 2820 fuisse.
852 2788 978 2819 Tamen
1003 2797 1088 2826 supr.
1132 2796 1186 2817 rae
1202 2786 1402 2816 maiestatem
1418 2785 1618 2816 imminuere.
1641 2785 1748 2817 Cnsv.

420 2831 464 2862 iii.
483 2840 531 2870 55.
552 2833 650 2862 latam
673 2841 740 2862 esse
763 2832 865 2870 legem
891 2829 1001 2861 Livius
1023 2839 1087 2860 me·
1175 2840 1194 2867 4
1216 2831 1327 2859 Alacte
1344 2829 1480 2865 virtute]
1516 2828 1570 2858 Ita
1591 2827 1719 2866 quidem
1743 2837 1798 2866 po-

421 2877 535 2909 morat,
561 2875 613 2904 Ne
637 2876 709 2913 quis
733 2875 836 2903 ullum
865 2874 1088 2911 mayistratum
1132 2870 1221 2901 steris
1238 2870 1321 2901 visus
1337 2873 1383 2900 est
1399 2870 1505 2900 Ahala
1527 2869 1684 2909 singulare
1703 2868 1798 2899 virtu-

421 2916 490 2946 εἰπε
505 2916 724 2954 prouocatione
736 2920 868 2946 crearet.
893 2915 1016 2945 Verum
1028 2914 1087 2944 for·
1132 2913 1172 2944 tis
1188 2913 1289 2944 civilis
1305 2912 1490 2951 exemplum
1505 2911 1652 2947 edidisse,
1669 2911 1724 2941 sed
1747 2920 1797 2941 ae-
