1934 3211
441 182 522 219 322
957 179 1106 222 ΤΙΤΙ
1146 180 1320 222 LIVII

225 269 324 316 U.*C.
343 270 414 310 362·
442 283 588 325 preces
609 268 741 310 multa
756 268 931 310 deorum
944 269 1107 311 mentio
1128 279 1228 320 erat,
1247 269 1487 326 religiosum
1503 269 1612 326 parti
1628 268 1835 310 maximae

223 312 425 393 ‘khfflijg‘ffi‘r
443 326 546 367 fuit:
580 335 624 367 et
650 326 787 383 legem
809 342 894 367 una
921 326 1060 383 plures
1089 327 1221 368 tribus
1245 328 1532 383 antiquarunt,
1555 341 1683 383 quam
1707 327 1868 367 insse-8

222 397 276 428 lex
444 392 554 425 runt.
618 383 828 440 Adeoque
860 399 910 424 ea
930 384 1102 425 victoria
1128 384 1238 426 laeta
1262 385 1458 426 Patribus
1481 385 1574 434 fuit,
1596 392 1645 425 ut
1669 391 1837 440 postero

444 441 526 490 die,
544 440 821 482 referentibus
837 441 1089 491 consulibus,
1103 442 1510 483 senatusconsultum
1532 442 1664 490 fieret,
1681 449 1730 482 ut
1749 439 1838 495 agri

444 498 672 539 Veientani
693 507 867 554 septena
893 499 1039 554 iugera
1058 498 1173 554 plebi
1201 499 1511 549 dividerentur3
1544 514 1624 540 nec
1651 497 1838 555 patribus

443 555 624 596 familiae
647 564 824 604 tantum,
841 555 916 596 sed
930 564 977 595 ut
998 556 1187 596 omnium
1201 556 1245 596 in
1267 556 1392 598 domo
1409 557 1634 598 liberorum
1652 555 1838 611 capitum

445 612 550 654 ratio
571 612 818 660 haberetur3
850 612 1092 667 vellentque
1108 613 1153 652 in
1167 628 1259 653 eam
1280 628 1397 669 spem
1418 614 1570 655 liberos
1592 613 1748 654 tollere.

297 669 364 706 31·
504 669 568 710 Eo
590 684 763 709 munere
786 668 961 709 delinita
981 668 1117 723 plebe,
1139 670 1247 709 nihil
1267 679 1473 711 certatum
1494 679 1569 720 est,
1593 685 1678 726 quo
1699 669 1838 710 minus

227 723 272 795 E..
290 724 328 796 g·
347 723 418 806 {gg-
445 726 677 767 consularia
690 726 861 766 comitia
876 725 1143 766 haberentur.
1209 725 1354 767 Creati
1369 727 1560 768 consules
1575 727 1625 768 L,
1645 725 1839 767 Valerius

229 807 408 837 L.Va1e1-io
445 783 624 831 Potitus,
648 782 710 822 M.
731 782 931 831 Manlius,
955 782 1022 823 cui
1047 781 1290 838 Capitolino
1315 792 1460 839 postea
1478 784 1559 825 fuit
1587 797 1834 840 cognomen.
1849 798 1870 829 9

229 849 352 896 Potito.
365 849 412 880 M.
446 838 507 880 Hi
536 839 726 880 consules
755 853 928 894 magnos
952 839 1073 880 ludos
1094 839 1243 889 fecere,
1267 856 1372 896 quos
1401 840 1463 881 M.
1482 840 1634 881 Furius
1660 841 1840 882 dictator

227 892 353 963 {iambo
443 904 613 937 voverat
626 895 799 937 Veienti
816 896 937 937 bello.
1002 896 1166 937 Eodem
1179 912 1290 938 anno
1304 897 1429 938 aedes
1442 897 1618 938 Iunonis
1632 897 1836 952 Reginae,

258 943 316 963 ⁰³³⁴
444 954 496 994 ab
518 953 668 993 eodem
691 953 894 994 dictatore
924 953 1159 1010 eodemque
1188 954 1299 995 bello
1320 963 1428 1004 vota,
1451 954 1696 995 dedicatur:
1729 953 1839 994 cele-

442 1011 688 1066 bratamque
703 1010 1011 1051 dedicationem
1026 1011 1189 1067 ingenti
1203 1020 1487 1052 matronarum
1501 1011 1640 1052 studio
1653 1010 1836 1052 tradunt.

443 1067 614 1108 Bellum
644 1067 758 1108 haud
788 1067 1058 1109 memorabile
1090 1068 1135 1108 in
1167 1068 1326 1124 Algido
1351 1083 1449 1109 cum
1480 1068 1644 1124 Aequis
1673 1075 1838 1123 gestum

442 1132 518 1173 est,
547 1124 648 1165 fusis
678 1125 867 1165 hostibus
897 1125 1012 1180 prius
1041 1139 1189 1182 paene,
1220 1139 1346 1181 quam
1378 1140 1526 1166 manus
1556 1132 1835 1170 consererent.

443 1180 628 1231 Valerio,
651 1182 767 1237 quod
786 1183 1119 1238 perseverantior
1139 1183 1366 1224 caedendis
1387 1183 1434 1223 in
1452 1183 1554 1238 fuga
1573 1182 1666 1231 fuit,
1689 1182 1838 1222 trium-

442 1238 552 1336 {hus
564 1254 575 1288 ;
609 1239 786 1288 Manlio,
810 1248 857 1280 ut
878 1254 1005 1280 ovans
1025 1240 1317 1296 ingrederetur
1338 1240 1499 1289 urbem,
1523 1239 1740 1280 decretum
1761 1246 1835 1279 est.

485 1296 610 1337 odem
635 1312 746 1338 anno
767 1311 923 1337 novum
951 1296 1111 1338 bellum
1131 1312 1228 1338 cum
1249 1297 1588 1339 Volsiniensibus
1615 1304 1835 1337 exortum:

443 1368 528 1408 quo
560 1363 731 1410 propter
759 1354 914 1395 famem
943 1354 1312 1411 pestilentiamque
1342 1355 1388 1395 in
1413 1369 1513 1410 agro
1544 1354 1752 1403 Romano,
1783 1367 1838 1394 ex

443 1410 626 1451 siccitate
645 1411 933 1466 caloribusque
956 1412 1095 1453 nimiis
1117 1421 1261 1461 ortam,
1281 1412 1489 1453 exercitus
1505 1410 1609 1452 >duci
1625 1410 1834 1466 nequivit:
1854 1424 1866 1445 1

225 1469 432 1500 Volsiniense
444 1467 496 1507 ob
514 1482 621 1522 quae
644 1467 943 1518 Volsinienses,
965 1468 1250 1525 Salpinatibus
1272 1469 1492 1518 adiunctis,
1510 1467 1705 1525 superbia
1725 1467 1836 1516 elati,
1851 1480 1868 1500 2

225 1513 358 1543 bellum.
443 1523 553 1564 ultro
594 1539 712 1580 agros
750 1525 965 1567 Romanos
998 1526 1273 1568 incursavere.
1336 1526 1505 1567 Bellum
1538 1525 1637 1567 inde
1673 1524 1838 1566 duobus

225 1585 273 1633 Μ.
291 1586 410 1617 Corne·
443 1581 608 1636 populis
629 1582 847 1623 indictum.
904 1582 953 1623 C.
974 1583 1107 1624 Iulius
1129 1599 1276 1625 censor
1297 1583 1496 1624 decessit:
1527 1583 1572 1623 in
1593 1583 1682 1624 eius
1697 1582 1836 1623 locum
1849 1592 1867 1624 3

225 1629 415 1700 Ξῒέὲῖῗὲξῡῐ
444 1637 506 1678 Μ.
521 1637 744 1679 Cornelius
765 1640 984 1680 suffectus:
1019 1655 1126 1695 quae
1143 1656 1208 1681 res
1228 1650 1374 1695 postea
1394 1640 1587 1695 religioni
1601 1640 1682 1680 fuit
1694 1655 1705 1688 ;
1738 1638 1839 1695 quia

225 1693 236 1700 ⁸
365 1694 387 1701 “’
443 1710 493 1736 eo
539 1695 668 1736 lustro
710 1695 848 1736 Roma
898 1705 960 1737 est
1010 1706 1142 1752 capta.
1225 1697 1319 1738 Nec
1360 1697 1515 1737 deinde
1563 1711 1753 1751 unquam
1791 1695 1836 1735 in

442 1752 653 1793 demortui
680 1752 822 1793 locum
855 1768 1002 1794 censor
1034 1754 1247 1794 sufficitur.
1313 1753 1653 1808 Consulibusque
1690 1753 1836 1793 morbo

442 1809 653 1865 implicitis
702 1809 871 1866 placuit,
922 1824 998 1866 per
1052 1811 1341 1867 interregnum
1391 1810 1581 1851 renovari
1638 1809 1834 1865 auspicia.

443 1865 605 1922 Itaque,
638 1882 767 1922 quum
800 1882 853 1908 ex
890 1867 1249 1909 senatusconsulto
1284 1867 1474 1909 consules
1510 1867 1754 1923 magistratu
1793 1881 1836 1908 se

487 1984 506 2012 8
534 1984 607 2014 Una
628 1984 755 2022 plures]
787 1983 917 2014 Scilicet
941 1995 980 2014 ex
1004 1985 1115 2024 viginti
1161 1985 1210 2015 M.
1227 1985 1391 2016 Manlium
1415 1995 1592 2025 cognomen
1615 1985 1688 2022 hoc,
1709 1984 1836 2015 maiori-

444 2029 475 2055 et
492 2035 555 2055 una
570 2025 717 2055 tribubus
735 2026 886 2056 undecim
909 2027 1012 2066 legem
1035 2027 1116 2057 anti-
1161 2028 1220 2057 bus
1243 2027 1308 2058 suis
1330 2027 1481 2064 inditum,
1493 2031 1603 2067 erepto
1619 2037 1639 2057 a
1653 2026 1760 2057 Gallis
1774 2028 1835 2058 Ca-

445 2068 598 2106 quabant,
615 2078 656 2097 sc.
674 2078 737 2097 non
754 2068 967 2108 accipiebant.
1162 2069 1287 2108 pitolio,
1313 2070 1362 2100 vel
1386 2070 1490 2100 multo
1514 2069 1710 2109 praeclarius
1730 2069 1834 2100 reddi-

487 2119 506 2149 9
531 2110 592 2139 Cui
609 2110 789 2149 Capitolino
807 2115 916 2150 postea
931 2113 1020 2150 suit]
1045 2112 1116 2142 Eti-
1162 2111 1256 2149 disse,
1272 2116 1306 2142 ut
1325 2111 1460 2151 Pighius
1475 2111 1616 2147 coniicit,
1627 2110 1678 2141 vel
1693 2111 1762 2142 iure
1777 2121 1835 2142 suo

445 2152 575 2189 amsuz't
588 2152 696 2190 plures
709 2153 801 2183 codd.
814 2153 946 2191 habent,
955 2154 1009 2184 sed
1022 2155 1134 2192 etiam*
1162 2154 1221 2184 sibi
1238 2154 1426 2185 vindicasse.
1451 2155 1490 2184 cf.
1506 2154 1578 2185 infr.
1594 2153 1638 2185 ix.
1661 2152 1706 2184 16.

446 2193 533 2224 delet
550 2193 691 2225 Bekker.
731 2195 831 2230 Quod
848 2195 873 2225 si
889 2196 969 2226 haec
986 2206 1047 2226 vox
1063 2196 1117 2226 ad·
1209 2206 1220 2227 1
1247 2197 1412 2234 siccitate]
1440 2196 1566 2227 Eadem
1588 2206 1638 2226 res
1659 2205 1712 2235 ap.
1734 2195 1833 2227 Dion.

445 2236 605 2266 mittenda
634 2236 686 2274 sit,
711 2237 883 2267 verisimile
913 2243 959 2268 est
988 2238 1117 2268 Livium
1163 2238 1245 2269 Exc.
1263 2239 1339 2269 Vat.
1356 2239 1411 2269 xii.
1432 2240 1478 2269 18.
1494 2242 1650 2269 narratur.

447 2288 484 2308 ea
504 2278 644 2309 indicare
660 2279 809 2317 voluisse,
826 2281 874 2310 M.
891 2281 1017 2310 Manlio
1033 2285 1117 2320 post·
1207 2291 1223 2311 2
1247 2282 1486 2321 Salpinatibus]
1524 2281 1565 2311 In
1587 2281 1722 2320 Salpina
1747 2281 1834 2311 urbis

446 2330 484 2350 ea
506 2321 597 2351 aliud
619 2331 808 2360 cognomen,
824 2326 855 2352 et
872 2323 1001 2361 quidem
1022 2324 1115 2362 Capz'-
1160 2323 1248 2353 illius
1264 2323 1389 2360 veteris,
1404 2333 1487 2362 quae
1502 2322 1599 2352 hodie
1615 2323 1755 2360 Orvieto,
1765 2322 1796 2353 h.
1804 2333 1831 2353 e.

447 2363 550 2400 inlini,
570 2363 771 2402 impositum,
787 2369 823 2394 ut
839 2374 923 2403 supr.
940 2365 981 2395 iv.
1000 2364 1048 2396 26.
1082 2367 1115 2395 T.
1165 2367 1249 2397 Urbs
1279 2367 1385 2401 Vetus,
1412 2369 1555 2402 vocatur,
1583 2374 1702 2394 nomen
1731 2365 1833 2395 latere

447 2406 629 2443 Quinctius,
646 2408 680 2436 L.
704 2408 742 2437 F.
767 2407 992 2444 Cincinnatus,
1017 2408 1115 2438 eidem
1161 2412 1255 2447 putat
1281 2407 1415 2437 Niebhr.
1440 2406 1472 2436 ii.
1497 2417 1528 2437 n.
1557 2406 1649 2442 1088,
1674 2407 1731 2437 sed
1755 2407 1831 2438 Cra-

446 2452 477 2478 et
499 2448 614 2478 Penno
637 2459 805 2488 coynomen
831 2450 972 2479 additur.
1001 2449 1115 2479 DRAK.
1160 2449 1260 2479 merio
1276 2450 1369 2480 aliter
1391 2448 1535 2488 placuit;
1557 2448 1612 2487 qui
1628 2449 1758 2480 Orm'eto
1776 2459 1832 2479 an-

446 2489 581 2520 Constat
611 2494 721 2520 tamen
751 2491 812 2521 hoc
843 2501 1019 2531 cognomen
1051 2502 1115 2521 non
1160 2491 1296 2531 tiquitus
1310 2493 1502 2522 Herbanum
1516 2491 1625 2529 fuisse,
1645 2495 1677 2521 et
1700 2491 1834 2532 vestigia

446 2541 565 2562 novum
581 2531 738 2571 incepisse
753 2534 794 2563 ab
811 2533 871 2564 hoc
888 2533 1023 2564 Manlio.
1060 2534 1115 2564 Et·
1160 2535 1288 2573 Salpini
1306 2533 1402 2564 hodje
1425 2543 1589 2573 superesse
1612 2533 1777 2564 existimat
1797 2534 1832 2564 in

445 2573 532 2604 enim
557 2574 595 2604 A.
622 2575 778 2612 Manlius,
805 2576 859 2615 qui
886 2586 971 2615 supr.
998 2575 1039 2606 iv.
1065 2575 1114 2607 61.
1162 2581 1267 2607 vetere
1296 2576 1354 2607 illa
1383 2576 1530 2614 ecclesia,
1551 2577 1584 2607 S.
1604 2577 1767 2607 Giovanm'
1795 2577 1832 2606 in

446 2627 473 2646 v.
486 2616 514 2646 8.
527 2616 675 2647 tribunus
685 2617 827 2647 militum
840 2623 975 2655 creatur,
985 2618 1017 2648 in
1029 2618 1114 2649 Fast.
1159 2620 1282 2657 Selina‚
1304 2619 1392 2649 haud
1421 2619 1535 2658 procul
1559 2621 1684 2649 remota
1711 2628 1732 2649 a
1756 2618 1831 2649 fano

445 2658 552 2697 Capit.
570 2664 713 2697 vocatur,
729 2661 767 2690 A.
779 2661 938 2691 MANLms
950 2661 989 2691 A.
1004 2661 1040 2691 F.
1054 2661 1114 2691 Cx.
1162 2660 1372 2699 Voltumnae,
1394 2661 1469 2692 hod.
1500 2661 1633 2692 Veterbo.
1686 2660 1741 2691 De
1763 2660 1830 2692 Sal-

446 2700 868 2733 N.VULso.CAP1TOL1NUs:
892 2707 924 2733 et
936 2703 1011 2733 hinc
1022 2703 1114 2733 Man-
1160 2703 1325 2743 pinatibus
1348 2703 1444 2734 unica
1468 2702 1590 2734 mentio
1616 2703 1702 2733 facta
1723 2705 1771 2733 est
1796 2702 1829 2732 in

444 2742 488 2771 lio
504 2742 568 2772 iam
585 2744 707 2774 consuli
723 2754 899 2783 cognomen
923 2746 983 2776 hoe
1004 2746 1115 2776 tribuit
1161 2747 1187 2776 F
1190 2757 1286 2786 ragm.
1302 2746 1393 2776 Fabii
1408 2745 1526 2777 Pictor.
1553 2746 1594 2776 cf.
1610 2745 1738 2776 Cluver.
1753 2744 1828 2774 Ital.

446 2783 581 2824 Dionys.
627 2786 745 2825 Itaque
761 2787 879 2818 Manlii
900 2788 1003 2826 primo
1019 2788 1114 2827 Capi·
1161 2789 1237 2819 Ant.
1254 2789 1286 2819 ii.
1305 2798 1332 2827 3.

444 2825 535 2855 tolini
553 2827 629 2857 dicti
646 2833 731 2865 sunt,
746 2833 781 2859 ut
797 2829 945 2869 Sigonius
957 2831 1113 2867 observat,
1202 2841 1219 2870 3
1243 2831 1277 2862 C.
1301 2832 1410 2861 Iulius
1434 2831 1560 2868 censor]
1598 2827 1707 2859 Huius
1731 2827 1828 2857 colle-

445 2867 530 2903 quod
553 2868 585 2898 in
604 2869 767 2908 Capitolio
790 2871 981 2902 habitarent.
1028 2872 1111 2902 Fieri
1156 2883 1228 2912 gam
1243 2873 1341 2903 fuisse
1355 2873 1391 2903 L.
1404 2871 1570 2911 Papirium
1583 2871 1752 2901 Cursorem
1766 2869 1827 2899 dis-

444 2912 550 2937 tamen
565 2914 668 2947 potest
683 2916 715 2940 ut
729 2912 840 2942 Livius
849 2914 954 2943 dicere
966 2915 1112 2951 voluerit,
1158 2915 1259 2944 cimus
1275 2915 1345 2944 infr.
1362 2914 1405 2943 ix.
1424 2923 1472 2952 34.
1494 2913 1599 2943 Ciu-w.
