1934 3211
580 143 706 186 LIB.
738 143 795 185 X.
838 143 984 186 CAP.
1017 149 1084 187 30.
1442 149 1521 188 591

145 233 328 276 hostium
348 234 538 276 viderent
566 235 624 275 im
656 243 728 276 etu
757 234 960 290 equitum,
981 235 1133 275 instare
1164 248 1211 275 ac
1242 235 1404 277 territos
1434 251 1524 277 cae·
1540 247 1584 279 U.
1600 246 1638 278 C.
1655 253 1728 285 457·

146 291 258 334 dere.
320 290 415 348 Ipse
445 292 592 333 aedem
646 291 713 333 ovi
742 290 906 332 Victori
935 291 1150 347 spoliaque
1180 292 1361 333 hostium
1395 309 1527 349 quum
1540 291 1579 322 A.
1602 289 1641 321 C·
1658 296 1729 328 ²95·

145 350 336 399 vovisset,
367 348 420 390 ad
459 358 590 391 castra
631 348 882 390 Samnitium
922 349 1131 405 perrexit3
1178 364 1262 405 quo
1303 350 1527 392 multitudo

147 406 282 449 omnis
308 415 572 448 consternata
594 407 802 464 agebatur.
868 405 954 448 Sub
984 406 1073 463 ipso
1100 406 1218 456 vallo,
1241 407 1339 462 quia
1369 416 1527 449 tantam

146 463 460 506 multitudinem
475 474 617 521 portae
634 479 720 506 non
741 479 949 521 recepere,
967 472 1127 505 tentata
1141 464 1192 506 ab
1214 463 1391 505 exclusis
1408 466 1529 506 turba

146 536 317 564 suorum
336 537 479 579 pugna
498 532 571 564 est.
633 521 698 564 Ibi
714 521 878 564 Gellius
900 521 1105 579 Egnatius
1126 522 1350 579 imperator
1365 521 1529 563 Samni-

148 579 254 621 tium
293 580 456 622 cecidit.
520 579 737 637 Compulsi
777 579 930 621 deinde
970 580 1079 621 intra
1112 579 1266 621 vallum
1309 578 1527 629 Samnites,

145 651 358 694 parvoque
379 638 605 679 certamine
627 647 747 694 capta
766 647 910 688 castra,
933 646 975 679 et
998 636 1111 679 Galli
1132 638 1183 679 ab
1206 646 1322 694 tergo
1352 637 1530 679 circum-

145 695 272 737 venti.
337 694 473 737 Caesa
496 711 545 738 eo
576 695 644 737 die
669 696 852 737 hostium
876 695 1023 751 viginti
1054 695 1241 752 quinque
1272 694 1413 745 millia,
1436 703 1530 736 octo

147 762 279 810 capta„
342 752 436 795 Nec
455 754 674 795 incruenta
688 753 860 795 victoria
878 753 979 795 fuit:
1012 758 1109 794 nam
1131 768 1183 795 ex
1199 753 1246 794 P.
1266 752 1391 794 Decii
1412 767 1530 794 exer·
1543 760 1688 791 Victoria

147 810 235 853 citu
274 826 393 853 caesa
437 820 596 868 septem
640 811 791 861 millia3
843 826 897 852 ex
944 810 1060 852 Fabii
1101 810 1213 852 mille
1261 811 1527 867 septingenti.
1544 805 1704 836 R⁰¹¹¹³¹¹ff

149 867 313 919 Fabius,
328 869 506 911 dimissis
526 869 580 911 ad
600 868 886 925 quaerendum
908 868 1090 925 collegae
1107 884 1270 925 corpus,
1285 868 1416 925 spolia
1435 868 1530 910 hos·
1542 857 1611 922 ἔξω
1629 856 1738 876 cruen-

147 926 254 968 tium
275 927 464 969 coniecta
484 927 527 968 in
549 942 743 969 acervum
765 926 855 968 Iovi
876 925 1040 968 Victori
1061 927 1268 968 cremavit.
1333 925 1530 967 Consulis

147 998 297 1041 corpus
317 1000 366 1026 eo
386 984 467 1035 die,
489 985 588 1041 quia
608 985 804 1026 obrutum
825 984 1084 1040 superstratis
1108 984 1324 1026 Gallorum
1354 983 1531 1025 cumulis

147 1050 248 1092 erat,
265 1042 443 1083 inveniri
458 1057 544 1084 non
559 1042 707 1099 potuit.
769 1042 942 1083 Postero
956 1042 1023 1084 die
1037 1042 1254 1084 inventum
1268 1041 1528 1097 relatumque

147 1107 211 1141 est
230 1115 326 1141 cum
347 1099 488 1142 multis
508 1100 688 1141 militum
709 1099 898 1141 lacrimis.
961 1099 1203 1141 Intermissa
1222 1099 1320 1141 inde
1342 1100 1530 1141 omnium

147 1156 321 1198 aliarum
355 1173 493 1200 rerum
529 1173 639 1208 cura,
672 1157 824 1199 Fabius
854 1157 1036 1215 collegae
1068 1157 1193 1199 funus
1225 1158 1339 1199 omni
1372 1157 1529 1199 honore

147 1214 424 1271 laudibusque
446 1216 602 1258 meritis
623 1215 813 1257 celebrat.

206 1272 263 1314 Et
282 1273 327 1314 in
349 1273 517 1315 Etruria
536 1289 610 1330 per
630 1273 797 1315 eosdem
819 1273 908 1315 dies
928 1274 979 1315 ab
1003 1273 1083 1315 Cn.
1100 1273 1246 1315 Fulvio
1266 1282 1530 1330 propraetore
1608 1271 1675 1309 30-

91 1366 96 1372 .
147 1345 213 1372 res
232 1345 286 1372 ex
306 1332 512 1373 sententia
531 1341 672 1389 gesta3
705 1341 759 1381 et,
781 1340 945 1388 praeter
972 1332 1187 1388 ingentem
1215 1331 1371 1372 illatam
1397 1346 1530 1387 popu·
1544 1327 1610 1358 Res
1625 1326 1660 1386 ᾖ),

147 1388 371 1430 lationibus
395 1404 587 1446 agrorum
618 1389 727 1431 hosti
754 1389 928 1439 cladem,
950 1398 1182 1446 pugnatum
1211 1389 1336 1430 etiam
1364 1389 1529 1445 egregie
1544 1370 1735 1451 ξὲζὲῐὲἒὸη

147 1456 235 1489 est:
269 1446 650 1504 Perusinorumque
679 1458 721 1489 et
749 1446 1017 1489 Clusinorum
1047 1462 1167 1488 caesa
1195 1446 1372 1503 amplius
1403 1447 1532 1487 millia

148 1506 239 1555 tria,
256 1513 298 1546 et
318 1505 437 1560 signa
456 1505 649 1547 militaria
669 1505 721 1546 ad
742 1505 889 1562 viginti
909 1515 1040 1562 capta.
1097 1504 1346 1546 Samnitium
1367 1519 1531 1558 agmen,

148 1577 280 1619 quum
296 1578 370 1619 per
391 1562 614 1619 Pelignum
631 1578 775 1620 agrum
796 1563 970 1617 fugeret,
993 1563 1322 1604 circumventum
1343 1576 1368 1602 a
1391 1561 1532 1618 Pelig-

147 1620 213 1662 nis
233 1629 320 1662 est:
355 1635 407 1662 ex
429 1621 609 1662 millibus
630 1622 818 1677 quinque
839 1621 892 1661 ad
914 1620 1025 1661 mille
1046 1620 1165 1661 caesi.

206 1677 366 1734 Magna
396 1678 485 1720 eius
517 1678 613 1728 diei,
640 1694 724 1735 quo
757 1679 800 1718 in
828 1677 1035 1719 Sentinati
1065 1693 1162 1734 agro
1190 1676 1403 1727 bellatum,
1425 1676 1535 1718 fama

148 1744 222 1786 est,
244 1737 370 1777 etiam
397 1751 496 1778 vero
528 1736 663 1777 stanti.
729 1735 812 1777 Sed
844 1736 1103 1792 superiecere
1137 1735 1308 1792 quidam
1339 1734 1534 1790 augendo

117 1793 300 1843 6fidem3
327 1794 400 1850 qui
421 1794 465 1835 in
486 1793 667 1835 hostium
688 1794 876 1835 exercitu
897 1793 1087 1850 peditum
1109 1793 1385 1850 quadraginta
1406 1792 1535 1833 millia

149 1860 355 1894 trecentos
386 1852 567 1906 triginta,
599 1852 788 1907 equitum
819 1866 891 1892 sex
922 1851 1064 1900 millia,
1098 1850 1209 1892 mille
1240 1859 1532 1907 carpentorum

148 1910 347 1966 scripsere
377 1906 527 1950 fuisse:
561 1909 717 1950 scilicet
748 1923 844 1949 cum
878 1908 1047 1949 Umbris
1078 1908 1325 1963 Tuscisque,
1358 1923 1462 1963 quos
1492 1918 1534 1948 et

150 1966 260 2023 ipsos
279 1982 336 2023 pu
367 1982 444 2007 nae
466 1966 640 2007 affuisse.
685 1965 752 2015 Et,
772 1974 818 2006 ut
836 1965 1122 2006 Romanorum
1139 1980 1308 2020 quoquc
1330 1975 1531 2019 augerent

149 2025 302 2081 copias,
326 1983 374 2065 lg„
392 2023 666 2064 Volumnium
686 2038 761 2079 pro
782 2022 951 2064 consule
973 2022 1124 2063 ducem
1146 2022 1396 2071 consulibus,
1415 2037 1533 2063 excr-

150 2082 363 2138 citumque
385 2081 473 2122 eius
495 2081 725 2135 legionibus
750 2080 966 2121 consulum
992 2079 1205 2120 adiiciunt.
1271 2079 1319 2120 In
1345 2079 1532 2135 pluribus

149 2139 367 2181 annalibus
394 2138 571 2179 duorum
602 2154 651 2179 ea
680 2137 896 2179 consulum
928 2138 1093 2194 propria
1113 2137 1283 2178 victoria
1311 2146 1382 2178 est.
1446 2136 1533 2177 Vo-

150 2197 333 2240 lumnius
361 2197 403 2238 in
428 2196 597 2238 Samnio
626 2196 790 2237 interim
820 2210 883 2236 res
909 2205 1027 2251 gerit,
1054 2194 1389 2250 Samnitiumque
1415 2209 1534 2235 exer-

198 2333 218 2365 6
251 2334 399 2365 Peditum
440 2342 492 2362 xi..
530 2332 629 2361 millia
668 2340 814 2361 cccxxx.

150 2379 291 2418 equitum
316 2385 358 2407 νΙ.
384 2376 500 2412 millia]
540 2375 604 2404 llic
628 2373 703 2404 olim
736 2373 814 2409 loge-

151 2421 245 2451 hatur
285 2421 427 2460 equiturn
467 2427 510 2448 w.
545 2422 574 2447 et
618 2426 670 2446 xi„
707 2417 815 2446 millia.

152 2462 345 2494 Emendavit
370 2461 527 2498 Sigonius,
548 2459 708 2499 quomoda·
734 2469 818 2488 nunc

150 2505 295 2536 habetur.
343 2504 538 2535 Dubitzunun
564 2508 683 2538 tauwn,
705 2512 744 2531 nn
775 2502 816 2530 lo·

151 2559 225 2579 cum
257 2546 482 2588 persuum-erit.
535 2545 674 2575 omnino
704 2543 820 2582 aliquis

151 2591 183 2622 in
222 2590 270 2621 his
301 2589 440 2621 numeris
473 2599 558 2619 error
587 2599 653 2618 exse
687 2587 819 2616 vicli-tur.

152 2633 269 2674 Neque
294 2633 379 2664 enim
404 2631 479 2662 ruitis
504 2636 649 2670 appara-t.
674 2640 728 2659 cur
756 2629 818 2664 hic,

151 2687 246 2717 quem
263 2686 348 2707 nunc
369 2675 438 2705 libri
462 2675 653 2714 prta-semnt,
670 2682 818 2702 numerus

152 2720 247 2750 fidem
265 2719 417 2750 excedere
433 2717 523 2748 Livio
538 2716 704 2751 videretur,
717 2725 815 2754 quum

151 2766 184 2793 et
208 2772 278 2802 cap.
301 2761 446 2802 praeced.
468 2759 581 2789 dixerit
610 2767 690 2788 xxv.
717 2756 817 2787 millia

152 2804 291 2836 hostium
315 2814 417 2838 caena,
442 2811 515 2832 vm.
538 2806 653 2841 capum
679 2805 711 2830 et
735 2810 819 2839 nupr.

152 2846 202 2878 26.
219 2846 325 2886 colligi
350 2845 446 2886 possit
465 2845 628 2876 Romanos
652 2842 735 2883 ipson
758 2852 819 2873 non

862 2329 1025 2369 pauit-iores
1036 2330 1129 2360 fnisse
1142 2330 1368 2360 x1..}10minum
1382 2330 1531 2362 millibus.

860 2375 966 2403 (Ὶικν.
1007 2372 1205 2403 Niebuhrius
1221 2373 1350 2411 quidem
1375 2384 1413 2403 ex
1438 2373 1533 2404 MSS.

861 2426 1028 2445 numerum
1072 2416 1163 2451 longe
1204 2415 1302 2445 ulium
1346 2415 1396 2445 hic
1438 2415 1533 2445 fuim·

863 2458 1016 2497 scriptum
1040 2457 1219 2489 existimat:
1246 2458 1364 2488 scilicet
1389 2459 1530 2497 peditum

865 2510 1065 2535 x.(·(·‹·Lxxx,
1086 2501 1170 2540 quod
1191 2500 1323 2540 antiquo
1350 2511 1436 2530 mure
1459 2501 1531 2530 scri-

863 2543 956 2573 bendi
971 2543 1053 2573 idem
1069 2544 1192 2573 vult-but
1204 2555 1240 2573 nc
1257 2547 1434 2582 1.000.380;
1446 2543 1532 2583 equi-

863 2590 930 2615 tum
953 2597 1079 2625 quoque
1100 2585 1231 2624 46900:
1257 2591 1354 2624 utque
1373 2586 1456 2616 hunc
1477 2597 1531 2616 nu-

863 2638 985 2658 merum
1009 2628 1105 2658 etium
1131 2628 1221 2659 Livio
1244 2628 1293 2658 vix
1319 2629 1381 2658 fido
1401 2628 1531 2667 dignum

864 2671 962 2701 visum
974 2682 1051 2702 cmc.
1086 2670 1318 2710 Durisquidem
1333 2682 1385 2711 ιιμ.
1400 2670 1531 2702 Ι)ἰυ(101·.

864 2713 933 2744 Ecl.
960 2713 1022 2744 xxi.
1054 2714 1103 2744 Fr.
1133 2723 1176 2744 ιι.
1205 2714 1245 2744 ud
1274 2718 1403 2745 centum
1432 2714 1533 2744 millia

861 2767 969 2786 cat-zum
980 2756 1074 2787 suisne
1084 2755 1200 2788 scribit.
1213 2757 1252 2788 cs.
1259 2755 1390 2787 omnino
1399 2756 1533 2789 Niebhr.

866 2799 908 2830 iii.
927 2810 956 2830 n.
972 2798 1044 2839 647.
