1934 3211
608 154 733 197 LIB.
767 154 822 195 X.
871 154 1015 196 CAP.
1055 160 1115 197 15.
1471 160 1553 201 573

173 244 287 286 haud
317 245 449 286 multo
479 244 571 300 plus
603 244 801 293 hostibus,
835 259 961 300 quam
992 246 1087 294 suis,
1117 261 1169 287 ex
1203 247 1425 303 improviso
1458 259 1554 290 ante

174 303 292 359 signa
324 302 470 352 evecti,
511 302 794 358 praebuerunt
833 301 1048 344 tumultus.
1111 303 1209 344 Adv
1200 319 1327 346 ersus
1366 306 1557 347 incitatas

175 370 330 402 turmas
349 360 464 400 stetit
483 359 656 400 immota
685 358 937 400 Samnitium
965 360 1086 425 acies,
1108 376 1187 403 nec
1208 371 1326 426 parte
1353 363 1438 404 ulla
1457 364 1558 419 pelli

175 426 247 459 aut
264 417 477 474 perrumpi
496 417 645 474 potuit.
709 417 776 467 Et,
794 426 1013 474 postquam
1035 418 1198 460 irritum
1220 420 1435 476 inceptum
1456 431 1557 470 erat,

174 475 332 532 recepti
347 484 441 531 post
453 490 571 532 slgna
583 475 741 541 proelio
755 485 1035 517 excesserunt.
1085 475 1232 518 Crevit
1245 493 1298 519 ex
1312 493 1362 519 eo
1376 453 1559 518 hostiuni

175 533 361 582 animus3
393 548 471 574 nec
501 533 703 574 sustinere
725 533 838 575 frons
867 533 1001 599 prima
1029 543 1114 575 tam
1144 535 1318 592 longum
1346 545 1557 577 certamen

174 591 561 648 increscentemque
583 591 737 632 fiducia
756 591 819 632 sui
839 593 923 632 vim
947 592 1161 648 potuisset,
1183 594 1226 634 ni
1217 570 1431 635 ”secunda
1451 593 1559 634 acies

174 649 290 690 iussu
315 649 495 690 consulis
525 665 566 690 1n
596 649 776 714 primum
807 650 1079 691 successisset.
1141 650 1207 692 Ibi
1238 652 1423 707 integrae
1455 651 1559 691 vires

144 706 609 748 9sistuntinvehentem
631 722 672 748 se
690 723 771 748 lam
792 706 1045 748 Samnitem:
1079 718 1121 750 et
1134 718 1320 766 tempore
1337 709 1561 765 improvisa

149 778 231 807 1ex
263 765 474 806 montibus
509 765 626 822 signa
658 765 895 830 clamorque
933 765 1117 807 sublatus
1149 782 1235 809 non
1263 783 1362 809 vero
1395 776 1558 808 tantum

177 832 293 865 metu
314 832 496 864 terruere
514 822 763 865 Samnitium
780 839 949 865 ammos.
1013 823 1125 865 Nam
1146 834 1189 866 et
1210 825 1361 866 Fabius
1378 825 1559 866 Decium

177 880 379 938 collegam
395 881 728 938 appropinquare
743 881 1002 932 exclamavit,
1020 891 1061 923 et
1077 897 1152 938 pio
1173 898 1215 924 se
1233 883 1411 939 quisque
1429 882 1560 931 miles,

179 938 349 981 ‘adesse
375 939 550 981 alterum
580 938 805 988 consulem,
829 939 971 981 adesse
994 940 1205 996 legiones,'
1225 941 1378 997 gaudio
1409 940 1562 982 alacres

177 997 385 1046 fremunt3
418 1012 614 1053 errorque
636 996 748 1038 utilis
771 997 972 1038 Romanis
993 998 1154 1040 oblatus
1174 998 1296 1055 fugae
1312 998 1565 1040 formidinis-

179 1070 262 1111 que
279 1054 486 1097 Samnites
499 1054 698 1111 implevit,
714 1055 894 1096 maxime
910 1056 1086 1106 territos,
1101 1071 1154 1098 ne
1168 1057 1219 1098 ab
1233 1056 1362 1098 altero
1376 1057 1565 1098 exercitu

179 1113 344 1169 integro
371 1113 611 1169 intactoque
632 1112 728 1154 fessi
753 1113 1110 1169 opprimerentur.
1144 1124 1198 1165 et,
1222 1115 1321 1171 quia
1347 1115 1499 1179 passim
1520 1114 1564 1154 in

179 1170 320 1228 fiagam
342 1171 528 1228 dissipati
550 1180 658 1221 sunt,
674 1170 810 1212 minor
830 1171 990 1221 caedes,
1006 1187 1132 1238 quarn
1152 1188 1228 1229 pro
1250 1182 1365 1214 tanta
1379 1172 1564 1221 victoria,

149 1227 270 1302 ²fuit.
332 1229 434 1270 Tria
468 1228 598 1270 millia
625 1238 667 1270 et
697 1228 993 1285 quadringenti
1023 1231 1154 1271 caesi:
1188 1231 1299 1287 capti
1335 1230 1562 1287 octingenti

151 1271 310 1330 ³ferme
331 1296 374 1328 et
395 1287 590 1344 triginta:
624 1287 741 1343 signa
762 1286 956 1328 militaria
975 1296 1095 1344 capta
1116 1288 1193 1329 tria
1213 1298 1256 1330 et
1275 1288 1434 1345 viginti.

242 1345 498 1388 Samnitibus
521 1321 684 1401 Apulio
674 1360 716 1386 se
746 1353 841 1386 ante
863 1345 1067 1401 proelium
1096 1346 1422 1396 coniunxissent,
1445 1346 1488 1387 ni
1515 1345 1562 1387 P.

182 1403 343 1446 Decius
359 1403 533 1445 consul
524 1403 573 1444 lis
585 1402 638 1443 ad
655 1402 942 1444 Maleventum
960 1413 1092 1445 castra
1112 1405 1343 1454 obiecisset,
1358 1412 1566 1446 extractos

182 1462 337 1504 deinde
365 1461 418 1503 ad
446 1470 657 1503 certamen
684 1460 868 1502 fudisset.
932 1460 996 1502 Ibi
1024 1477 1192 1518 quoque
1217 1462 1311 1519 plus
1330 1462 1452 1518 fugae
1474 1462 1566 1511 fuit,

183 1535 310 1577 quam
337 1519 486 1561 caedis.
548 1518 648 1560 Duo
676 1518 806 1559 millia
830 1518 1067 1575 Apulorum
1088 1535 1231 1561 caesa.
1265 1529 1489 1576 spretoque
1517 1534 1567 1560 eo

182 1578 314 1628 hoste,
337 1577 526 1619 Decius
516 1592 558 1618 1n
584 1576 800 1618 Samnium
821 1576 1007 1642 legiones
1031 1577 1165 1618 duxit.
1227 1577 1293 1619 Ibi
1314 1577 1399 1618 duo
1420 1591 1568 1618 consu-

182 1635 289 1678 lares
309 1635 530 1685 exercitus,
552 1635 622 1676 div
625 1635 724 1676 ersis
744 1635 881 1690 vagati
909 1635 1108 1690 partibus,
1131 1635 1274 1676 omnia
1293 1635 1426 1692 spatio
1448 1635 1571 1700 quin-

214 1709 266 1736 ue
287 1694 493 1735 mensium
514 1701 761 1734 evastarunt.
795 1669 1118 1749 ”Quadraginta
1140 1701 1183 1734 et
1204 1694 1392 1750 quinque
1414 1692 1534 1734 loca
1525 1708 1566 1733 m

206 1752 357 1793 amnio
376 1751 537 1801 fuere,
527 1766 571 1792 ln
592 1751 743 1807 quibus
760 1750 883 1792 Decii
904 1760 1036 1792 castra
1055 1751 1246 1793 fuerunt:
1281 1751 1449 1793 alterius
1469 1766 1569 1792 con-

183 1809 283 1852 sulis
303 1824 377 1852 sex
398 1818 441 1852 et
470 1809 693 1864 octoginta.
756 1807 849 1850 Nec
870 1808 966 1849 valli
997 1817 1160 1850 tantum
1192 1824 1239 1850 ac
1259 1809 1459 1851 fossarum
1480 1824 1569 1850 ves—

183 1868 286 1934 tigia
303 1867 460 1917 relicta,
482 1867 555 1908 sed
576 1866 708 1908 multo
728 1866 839 1908 illis
830 1866 1057 1922 msigniora
1077 1875 1351 1908 monumenta
1370 1867 1571 1908 vastitatis

184 1926 295 1968 circa
327 1926 630 1989 regionumque
661 1923 1018 1980 depopulatarum.
1081 1923 1233 1965 Fabius
1268 1925 1392 1965 ctiam
1426 1925 1570 1966 urbem

152 2002 173 2030 4
188 1983 418 2025 Cimetram
439 1982 562 2038 cepit.
626 1981 689 2022 Ibi
710 1991 862 2037 capta
851 1990 1102 2022 armatorum
1117 1981 1201 2022 duo
1222 1981 1352 2022 millia
1372 1981 1572 2046 quadrin-

185 2041 324 2097 genti:
358 2040 466 2082 caesi
485 2041 614 2080 ferme
635 2047 871 2095 pugnantes
891 2038 944 2079 ad
965 2038 1292 2095 quadringentos
1312 2039 1493 2094 triginta.

244 2098 365 2148 Inde,
380 2097 642 2139 comitiorum
665 2111 788 2137 causa
806 2095 983 2137 Romam
1001 2111 1050 2152 pl
1051 2096 1221 2146 ofectus‚
1238 2073 1458 2138 maturavit
1479 2111 1569 2138 eam

156 2171 275 2202 srem
315 2171 449 2213 agere.
515 2156 659 2204 Quum
699 2154 834 2210 primo
869 2163 1037 2195 vocatae
1075 2154 1128 2202 Ω.
1146 2153 1320 2196 Fabium
1356 2154 1569 2195 consulem

187 2215 376 2257 dicerent
407 2228 551 2255 omnes
581 2212 807 2261 centuriae,
835 2211 916 2268 Ap.
939 2211 1143 2253 Claudius
1173 2212 1399 2254 consularis
1428 2212 1571 2254 candi-

230 2334 251 2366 9
277 2323 442 2363 Tempore]
481 2322 519 2352 In
545 2324 701 2369 tempore,
721 2323 857 2359 tempes-
902 2321 1076 2352 trecentiet
1092 2320 1572 2360 triyinlaincurialibrariorum

188 2366 263 2398 tive.
309 2366 362 2397 Sic
378 2365 447 2397 Cic.
463 2365 503 2395 de
521 2364 583 2395 Off.
602 2363 644 2394 iii.
663 2364 711 2402 58.
728 2364 781 2393 Ad
794 2374 857 2393 coc·
902 2363 1126 2403 scriptifuisse
1137 2363 1392 2394 censetNiebhr.
1405 2363 1448 2394 iii.
1460 2374 1490 2394 n.
1502 2363 1561 2394 622

188 2421 264 2441 nam
281 2414 419 2449 tempore
434 2409 521 2439 venit
537 2408 668 2437 (anius.
946 2418 963 2444 4
992 2407 1066 2436 1)ηο
1090 2407 1189 2436 millia
1217 2407 1462 2447 quadrinyenti]
1502 2406 1574 2436 Hoc

237 2463 248 2484 1
275 2454 350 2483 Non
375 2463 449 2483 vero
472 2451 614 2487 tantum]
652 2448 726 2479 Non
753 2458 859 2478 verum
905 2448 1028 2479 incuria
1060 2448 1257 2496 librariorum
1295 2459 1351 2488 pro
1380 2450 1442 2479 duo
1474 2450 1574 2479 millia

191 2500 330 2533 tantum,
349 2495 368 2526 i.
383 2506 411 2525 e.
427 2506 446 2525 ἰ
470 2504 542 2524 vem
565 2503 658 2523 c'lusa
683 2491 859 2531 profectum
905 2503 943 2521 ac
963 2493 1093 2522 trecenti
1117 2502 1167 2521 scr
1169 2497 1270 2521 litum
1297 2491 1392 2522 fuisse
1414 2491 1575 2522 cxifltimnt

191 2543 313 2570 metum
333 2538 506 2569 iniecerunt
524 2535 731 2566 8«ιῐηηίῖί1)ιιμ.
775 2533 859 2563 Num
906 2534 1041 2565 Niebhr.
1061 2533 1101 2566 iii,
1119 2545 1149 2565 n.
1189 2543 1238 2565 22.
1264 2534 1303 2564 cf.
1320 2544 1406 2574 supr.
1425 2534 1486 2564 xiii.
1508 2544 1553 2575 ¹9·

191 2586 224 2613 et
241 2592 355 2612 vanum
373 2590 500 2621 quoque
520 2579 557 2609 iis
572 2583 721 2609 torrorem
739 2577 860 2606 ubtule-
950 2586 966 2615 5
985 2578 1094 2607 I’rn'mn
1108 2578 1254 2615 vocatae]
1275 2576 1454 2607 Niebuhrio
1470 2577 1574 2616 placet

192 2629 278 2662 runt,
293 2634 410 2664 nempe
430 2622 580 2653 advenire
596 2622 731 2652 alu-rum
749 2630 859 2649 consu·
906 2619 946 2651 iii.
965 2631 994 2650 n.
1013 2619 1085 2660 569,
1101 2630 1139 2650 ex
1159 2619 1358 2650 institutione
1376 2619 1466 2650 Fabii
1483 2620 1575 2650 Mux-

194 2669 257 2698 lem
274 2677 347 2698 cum
365 2665 518 2697 exercitu.

236 2721 253 2741 ‘z
273 2712 348 2741 Tria
364 2711 464 2740 millia
479 2713 509 2739 et
524 2706 768 2748 quadrinyenlt']
798 2704 862 2735 llic

193 2754 323 2784 tandem
336 2762 486 2783 numerus
498 2761 588 2780 verus
600 2758 762 2778 enez-nrum
777 2748 861 2778 haud

194 2795 291 2826 dubie
319 2800 435 2831 exstat,
461 2794 588 2824 sorahan
619 2792 693 2831 quin
726 2790 860 2821 Fabium

197 2838 356 2870 Pictorem
373 2842 535 2869 auctorem
553 2838 659 2865 nos-ta
674 2833 829 2864 habuerit.

239 2891 256 2921 3
280 2882 374 2922 Capti
408 2879 578 2918 octinyentn'
600 2879 708 2916 ferme
740 2881 770 2907 et
807 2877 861 2906 tri-

192 2925 302 2964 finta]
330 2924 422 2955 Haec
451 2931 614 2962 perperam
642 2930 699 2960 pro
721 2920 805 2951 mille
826 2930 864 2949 uc

907 2662 960 2692 imi
977 2662 1136 2705 Censoris,
1151 2662 1251 2693 tribus
1266 2662 1398 2693 rusticas
1416 2663 1519 2703 primo
1534 2664 1573 2693 ad

906 2705 1054 2742 „uffa-giu
1078 2710 1204 2735 vocatas
1224 2716 1303 2741 esse,
1319 2709 1416 2744 utque
1440 2706 1576 2736 urbanas

904 2753 1060 2788 postremo
1074 2753 1198 2778 vocatus
1210 2761 1218 2782 ,·
1236 2758 1359 2778 necnon
1373 2747 1512 2787 ningulus
1523 2748 1575 2778 tri-

907 2792 965 2820 bus
979 2801 1051 2820 cum
1071 2791 1152 2820 bini„
1167 2791 1328 2827 centuriis,
1344 2790 1502 2821 seniorum
1519 2791 1575 2821 sci—

907 2833 982 2864 licet
1004 2838 1036 2864 et
1059 2833 1230 2870 iuniorum,
1246 2833 1277 2864 in
1299 2833 1446 2874 suffmgia
1467 2834 1578 2864 missas

907 2887 984 2907 ease.

1572 257 1746 294 U.C.4,=5

1571 275 1760 339 A.C.⁶‹)⁵7.

1579 1238 1609 1268 V
1615 1239 1723 1270 incunt

1578 1281 1729 1312 Romani.

1646 1349 1710 1387 15.

1579 1405 1707 1446 Apulia
1719 1404 1783 1435 De-

1579 1449 1629 1479 ClO
1645 1458 1671 1478 C(
1672 1447 1738 1478 ULSl.

1585 2160 1627 2195 Q.
1642 2159 1667 2190 Ι·
1668 2159 1758 2190 abins

1584 2213 1659 2232 cnon
1646 2203 1786 2232 uulatum

1584 2250 1715 2276 recusat.
