1934 3211
416 186 498 224 328
933 182 1082 224 ΤΙΤΙ
1123 181 1301 223 LIVII

418 273 471 314 de
489 273 707 329 postulatis
727 272 946 314 Gallorum
963 273 1016 313 ad
1031 272 1234 329 populum
1248 271 1442 312 reiiciunt
1459 286 1468 311 τ
1495 270 1566 311 ubi
1583 277 1700 311 tanto
1714 270 1808 326 plus
1821 287 1838 307 2

418 331 551 386 gratia
579 339 704 386 atque
733 345 832 386 opes
853 330 1033 379 valuere,
1057 340 1114 379 ut,
1138 343 1318 385 quorum
1346 328 1398 368 de
1429 342 1568 384 poena
1594 327 1807 383 agebatur,

420 388 577 428 tribuni
598 387 779 428 militum
801 387 1008 428 consulari
1032 395 1236 442 potestate
1263 386 1308 426 in
1333 385 1626 441 insequentem
1651 399 1810 425 annum

202 278 244 309 1⁷7.
262 279 300 309 C.
319 278 389 318 364.

201 322 240 350 Α.
264 321 302 351 C.
321 323 391 360 388.

202 363 357 393 Eluditur

202 415 311 435 QOI'Um
353 417 384 436 Ο·

202 417 349 503 stula'tiol.)
421 454 670 486 crearentur.
737 444 836 492 Quo
875 445 996 493 facto,
1034 444 1148 484 haud
1183 458 1301 484 secus
1337 457 1463 498 quam
1498 442 1675 497 dignum
1709 449 1810 490 erat,

202 490 248 562 Ξ·
266 491 303 563 (ζ’
322 490 393 563 ὅὲξ·
421 502 572 543 infensi
597 502 710 542 Galli
736 501 894 542 bellum
922 501 1136 556 propalam
1167 500 1387 548 minantes,
1410 499 1463 539 ad
1494 514 1589 540 suos
1618 498 1809 540 redeunt.

204 543 397 606 T'rilnissFae‘z'-
423 558 602 599 Tribuni
643 559 822 598 militum
864 573 960 598 cum
1002 557 1132 597 tribus
1167 556 1305 597 Fabiis
1345 556 1472 596 creati
1516 555 1569 604 Q.
1604 555 1813 611 Sulpicius

202 617 350 664 biis‚et'c.
422 615 608 672 Longus,
649 615 703 663 Q.
738 614 936 655 Servilius
966 622 1174 669 quartum,
1215 612 1300 654 Ser.
1338 612 1561 653 Cornelius
1598 612 1844 668 Malugin-3

204 659 258 690 Tr.
275 660 349 690 Mil.
420 673 539 714 ensis.

274 736 340 775 37.
484 729 629 777 Quum
651 737 766 769 tanta
798 727 926 768 moles
953 727 1051 767 mali
1072 727 1255 775 instaret,
1285 725 1410 781 (adeo
1439 735 1632 767 occaecat
1655 727 1816 767 animos

422 787 600 834 fortuna,
620 785 691 826 ubi
713 785 797 824 vim
819 799 935 824 suam
952 784 1218 839 ingruentem
1234 782 1406 838 refringi
1427 798 1513 824 non
1533 782 1643 838 vult)
1658 783 1814 832 civitas,

425 857 531 897 quae
565 842 759 883 adversus
801 841 1047 882 Fidenatem
1088 855 1134 881 ac
1167 840 1393 881 Veientem
1427 840 1591 881 hostem
1631 839 1816 895 aliosque

424 899 625 939 finitimos
638 898 827 954 populos,
842 898 989 939 ultima
1002 898 1222 953 experiens
1235 897 1402 946 auxilia,
1417 896 1662 938 dictatorem
1675 897 1817 938 multis

424 957 740 1012 tempestatibus
770 955 967 1003 dixisset3
1004 970 1052 995 ea
1083 964 1197 1004 tunc,
1229 954 1439 995 invisitato
1470 963 1596 1009 atque
1626 953 1816 995 inaudito

423 1013 541 1055 hoste
573 1014 623 1054 ab
659 1013 831 1054 Oceano
863 1023 1149 1067 terrarumque
1182 1011 1338 1052 ultimis
1369 1011 1450 1052 oris
1479 1009 1636 1052 bellum
1666 1011 1816 1060 ciente,

425 1070 531 1111 nihil
552 1069 869 1111 extraordinarii
891 1069 1056 1124 imperii
1077 1079 1149 1109 aut
1177 1068 1322 1109 auxilii
1344 1068 1559 1123 quaesivit.
1622 1067 1816 1118 Tribuni,

427 1143 606 1183 quorum
628 1127 860 1168 temeritate
881 1126 1038 1167 bellum
1066 1134 1325 1166 contractum
1347 1134 1446 1174 erat,
1468 1139 1654 1166 summae
1678 1139 1816 1166 rerum

426 1194 668 1240 praeerant:
722 1184 1018 1238 delectumque
1059 1183 1192 1223 nihilo
1240 1182 1549 1232 accuratiorem,
1592 1196 1720 1238 quam
1765 1181 1820 1223 ad

427 1242 567 1282 media
590 1241 698 1282 bella
724 1241 867 1281 haberi
896 1240 1039 1281 solitus
1064 1249 1164 1289 erat,
1188 1239 1484 1295 (extenuantes
1510 1239 1637 1280 etiam
1665 1239 1819 1279 famam

429 1299 545 1353 belli)
569 1299 790 1339 habebant.
853 1297 1028 1338 Interim
1063 1296 1188 1347 Galli,
1218 1306 1441 1352 postquam
1471 1310 1681 1351 accepere,
1709 1295 1850 1340 ultro4

427 1356 629 1397 honorem
670 1355 859 1396 habitum
900 1354 1168 1395 violatoribus
1207 1354 1308 1394 iuris
1348 1353 1535 1403 humani,
1577 1352 1819 1408 elusamque

425 1412 678 1467 legationem
712 1427 827 1453 suam
864 1426 966 1460 esse,
1003 1411 1224 1467 flagrantes
1258 1411 1330 1460 ira,
1367 1410 1486 1452 cuius
1517 1411 1726 1466 impotens
1758 1419 1821 1450 est

426 1484 542 1524 gens,
574 1470 792 1510 confestim
824 1469 952 1524 signis
977 1467 1197 1517 convulsis,
1227 1467 1354 1508 citato
1382 1467 1548 1523 agmine
1572 1467 1653 1508 iter
1681 1466 1850 1522 ingre-5

208 965 241 994 N
245 965 381 1004 egligen-

206 1012 256 1037 ter
273 1013 402 1046 paratur

207 1050 329 1079 bellum
347 1050 380 1080 in

209 1092 332 1123 Gallos.

210 1530 351 1583 Rlomfim
426 1525 610 1566 (liuntur.
673 1526 745 1566 Ad
786 1540 964 1580 quorum
1003 1524 1362 1580 praetereuntium
1399 1524 1552 1579 raptim
1591 1523 1820 1565 tumultum

209 1572 390 1645 ἓξᾞίῃζὲῃ·
428 1597 559 1637 quum
607 1583 827 1622 exterritae
869 1583 992 1622 urbes
1039 1582 1092 1622 ad
1133 1597 1246 1622 arma
1285 1589 1595 1630 concurrerent,
1635 1580 1818 1636 fugaque

428 1639 651 1694 agrestium
676 1638 807 1687 fieret,
842 1638 1023 1679 Romam
1051 1653 1094 1678 se
1127 1639 1199 1687 ire,
1229 1653 1382 1693 magno
1410 1637 1588 1678 clamore
1613 1637 1821 1692 significa-

427 1696 554 1744 bant3
588 1710 839 1750 quacunque
872 1694 1000 1742 ibant,
1031 1695 1150 1749 equis
1173 1695 1355 1749 virisque
1386 1694 1510 1749 longe
1538 1709 1585 1734 ac
1614 1693 1696 1734 late
1727 1693 1820 1734 fuso

428 1753 593 1807 agmine
615 1753 866 1792 immensum
889 1751 1125 1792 obtinentes
1145 1750 1236 1790 loci.
1303 1750 1398 1798 Sed,
1420 1750 1695 1790 antecedente
1711 1749 1822 1791 fama

428 1809 670 1864 nuntiisque
703 1807 985 1856 Clusinorum,
1008 1807 1206 1862 deinceps
1233 1807 1331 1847 inde
1353 1807 1528 1848 aliorum
1554 1806 1819 1862 populorum,

428 1866 655 1921 plurimum
686 1865 850 1905 terroris
882 1864 1062 1904 Romam
1089 1863 1276 1906 celeritas
1304 1863 1487 1904 hostium
1511 1863 1628 1904 tulit:
1662 1863 1854 1919 quippe6

430 1923 592 1979 quibUS,
622 1922 737 1963 velut
768 1920 1038 1963 tumultuario
1067 1921 1252 1963 exercitu
1279 1920 1429 1977 raptim
1457 1920 1597 1970 ducto,
1619 1935 1741 1976 aegre
1767 1920 1851 1968 ad7

474 2079 489 2099 2
517 2070 695 2108 Populum]
728 2068 882 2098 Senatum
907 2068 1028 2104 legatos
1051 2066 1102 2095 de—

431 2112 552 2141 dendos
575 2110 733 2141 censuisse
756 2109 864 2139 scribit
887 2108 1019 2138 Diodor.
1040 2108 1102 2137 xiv.

436 2163 503 2191 113.
532 2153 689 2192 populum
716 2162 802 2187 vero,
828 2150 884 2180 τὸν
913 2151 1019 2187 δῆμον,
1051 2160 1103 2179 cu-

432 2195 519 2225 riatis
532 2195 652 2225 scilicet
666 2193 814 2230 comitiis,
829 2193 859 2222 id
875 2193 940 2222 fieri
955 2192 1103 2222 noluisse.

477 2247 494 2275 3
520 2239 652 2268 Servius
676 2236 860 2272 Cornelius]
903 2236 1104 2264 Praenomen

432 2280 621 2316 I'ublius,in
631 2279 756 2317 Fragm.
766 2278 851 2307 Fast.
860 2277 967 2315 Capit.
980 2276 1103 2315 legitur.

482 2333 501 2359 4
531 2323 622 2352 L'llro
645 2322 791 2351 honorem
820 2319 980 2355 habitum]
1027 2318 1103 2348 Non

434 2364 530 2393 modo
553 2363 677 2393 nnllam
701 2362 855 2391 indictam
870 2371 936 2390 csse
955 2370 1104 2399 poenam,

434 2406 489 2435 sed
514 2405 611 2435 etiam
638 2405 791 2434 honorem
815 2403 961 2432 habitum
986 2402 1034 2438 iis,
1051 2401 1104 2440 qui

436 2447 605 2477 violassent
631 2446 680 2476 ius
705 2447 746 2476 ad
772 2449 873 2475 totam
900 2444 1023 2484 generis
1046 2444 1104 2473 hu-

435 2489 522 2519 mani
539 2489 723 2519 societatem
741 2487 912 2526 pertinens.
937 2487 1042 2516 Ciu-zv.

479 2541 495 2570 5
514 2532 684 2570 (btffeslinz
697 2531 798 2568 ,si-(mis
809 2529 984 2565 convulsis]
1008 2528 1105 2558 Hanc

435 2583 500 2603 reni
518 2573 650 2602 minime
674 2582 706 2602 se
727 2572 771 2601 ita
794 2571 942 2600 habuisse
960 2569 1107 2608 plurimis

435 2615 630 2653 argumentis
650 2615 763 2653 probat
784 2613 919 2643 Niehhr.
937 2612 968 2642 ii.
986 2622 1015 2650 p.
1035 2621 1104 2650 531.

436 2657 558 2696 quippe
575 2656 693 2686 tribuni
710 2655 851 2685 militum
866 2654 943 2684 Kal.
957 2653 1105 2689 Quincti-

437 2699 519 2729 libus
541 2698 760 2737 magistratum
787 2696 1000 2735 occipiebant,
1021 2705 1105 2734 supr.

437 2750 487 2774 22,
499 2752 602 2779 neque
619 2750 723 2779 pugna
739 2738 890 2769 Alliensis
908 2743 982 2767 ante
996 2737 1106 2776 postri-

435 2782 519 2811 diem
546 2783 624 2812 Idus
648 2781 836 2817 Quint-tilis,
860 2780 1042 2819 quindecim
1066 2779 1106 2808 ad

437 2823 603 2853 minimum
638 2824 751 2853 diebus
785 2821 991 2861 interpositis,
1021 2831 1105 2851 com-

435 2864 530 2893 missa
546 2870 602 2894 est.
628 2866 796 2894 XVat-hsm.
814 2875 844 2903 p.
863 2874 934 2902 4²2·
951 2874 981 2893 n.
999 2874 1048 2901 44.

475 2905 494 2935 (ι
506 2907 631 2944 Quippe
642 2908 772 2944 quibus]
787 2906 925 2935 Romani
937 2905 1023 2935 haud
1036 2914 1105 2943 pro-

1149 2066 1200 2095 cul
1215 2065 1316 2102 Veiis,
1323 2064 1433 2095 castris
1443 2064 1476 2094 in
1489 2065 1602 2094 dextra
1615 2063 1740 2095 Tiberis
1750 2063 1821 2103 ripa

1149 2107 1391 2146 positis,Gallos
1400 2107 1615 2146 expectabant
1623 2119 1631 2143 ;
1640 2116 1740 2146 quum
1747 2115 1821 2137 vero

1150 2149 1239 2180 Galli
1256 2149 1398 2179 fluminis
1413 2149 1582 2179 transitum
1598 2151 1822 2188 occupassent,

1149 2191 1237 2231 signa
1253 2192 1484 2228 convellerunt,
1496 2194 1528 2220 et
1541 2190 1753 2221 tumultuario
1766 2200 1821 2220 ex-

1149 2234 1249 2263 ercitu
1273 2233 1398 2263 sinistra
1419 2233 1491 2272 ripa
1512 2242 1605 2271 aegre
1627 2233 1669 2263 ad
1691 2231 1821 2262 undeci-

1149 2286 1239 2305 mum
1266 2275 1420 2314 lapidem,
1444 2274 1555 2305 castris
1579 2284 1685 2313 neque
1708 2274 1822 2313 positis

1148 2328 1252 2356 neque
1265 2317 1407 2354 munitis,
1419 2316 1665 2346 advenientibus
1676 2316 1822 2346 hostibus

1149 2363 1363 2390 occurrerunt.
1409 2358 1567 2389 Romanis
1591 2357 1625 2388 in
1650 2357 1720 2388 acie
1742 2367 1820 2396 qua-

1149 2402 1296 2441 draginta
1316 2400 1420 2430 millia
1433 2400 1601 2430 hominum
1616 2399 1726 2437 fuisse,
1742 2399 1821 2430 Gal-

1148 2443 1188 2473 lis
1212 2443 1428 2483 septuaginta,
1443 2445 1550 2472 narrat
1570 2442 1658 2473 Plut.
1674 2441 1709 2472 in
1727 2441 1820 2473 Cam.

1153 2486 1199 2516 18.

1195 2536 1210 2566 7
1234 2528 1325 2558 Velut
1339 2527 1552 2557 tumultuario
1566 2526 1726 2564 eoeercz'tu]
1742 2525 1822 2556 Dio-

1151 2570 1217 2600 dor.
1234 2569 1296 2599 xiv.
1318 2578 1385 2607 113.
1407 2578 1518 2598 omnes
1539 2567 1654 2598 aetatis
1676 2567 1823 2598 militaris

1151 2611 1235 2641 cives
1249 2610 1281 2640 in
1297 2610 1411 2641 Gallos
1427 2609 1623 2649 conscriptos
1637 2609 1734 2640 fuisse
1748 2609 1822 2640 scri-

1150 2653 1205 2683 bit.
1237 2654 1276 2683 cf.
1295 2653 1362 2683 Cic.
1386 2652 1471 2683 Phil.
1489 2651 1552 2682 viii.
1571 2661 1600 2689 2,
1618 2661 1645 2690 3.
1681 2652 1823 2682 Gravius

1151 2696 1323 2725 tumultum
1343 2705 1408 2725 esse
1431 2705 1524 2734 (suam
1543 2695 1669 2730 bellum,
1684 2694 1759 2723 him
1773 2693 1821 2722 in-

1152 2738 1250 2775 telliyi
1270 2738 1353 2772 licet,
1368 2737 1451 2776 quod
1469 2736 1546 2767 hello
1566 2736 1747 2766 vacationes
1767 2744 1821 2764 va-

1152 2780 1228 2816 lent,
1251 2779 1392 2808 tumultu
1418 2788 1483 2808 non
1506 2778 1623 2808 valent.
1669 2775 1758 2805 Hinc
1785 2775 1821 2805 li-

1151 2825 1228 2859 quet
1252 2820 1328 2859 quid
1347 2819 1387 2849 sit
1403 2819 1637 2850 tumultuarius
1651 2818 1822 2854 exercitus,

1151 2863 1273 2892 scilicet
1285 2862 1316 2891 id
1330 2862 1414 2900 quod
1427 2860 1588 2891 Diodorus
1598 2862 1821 2897 nanat‚quan-

1151 2905 1192 2934 do
1222 2903 1325 2933 omnis
1351 2908 1439 2932 aetas
1468 2900 1615 2930 militaris
1641 2901 1700 2929 sub
1726 2901 1823 2931 armis
