1934 3211
190 296 326 330 U.C.2
310 306 382 338 191.

189 340 229 371 Α.
254 340 291 371 C.
309 339 382 379 461

278 383 315 424 7.

192 1322 326 1355 Latinos

191 1366 337 1399 vincunt.

414 202 494 242 154
926 198 1077 242 TITI
1116 198 1297 243 LIVII

410 288 609 330 aedilium
640 287 781 346 plebei
809 298 908 331 erat.
972 289 1045 331 Ad
1073 305 1144 332 eos
1175 304 1338 331 summa
1364 304 1505 331 rerum
1533 304 1581 332 ac
1611 288 1835 331 maiestass'

410 346 638 388 consularis
674 347 840 404 imperii
872 356 1055 389 venerat.
1129 347 1311 389 Deserta
1342 348 1496 398 omnia,
1530 347 1620 389 sine
1653 345 1802 402 capite,

409 404 498 445 sine
540 404 708 454 viribus,
751 405 811 445 dii
851 404 1061 461 praesides
1103 420 1150 446 ac
1190 405 1359 446 fortuna
1397 405 1512 446 urbis
1552 412 1687 446 tutata
1727 411 1802 452 est,

411 476 519 517 quae
567 461 734 503 Volscis
786 461 1049 517 Aequisque,
1101 462 1363 526 praedonum
1412 462 1552 518 potius
1602 468 1802 509 mentem,

410 533 538 574 quam
594 518 793 568 hostium,
845 519 974 560 dedit.
1070 519 1196 560 Adeo
1247 534 1360 559 enlm
1410 519 1526 560 nulla
1574 533 1668 574 spes
1716 526 1836 559 110119

407 575 605 631 potiundi
636 576 775 625 modo,
798 576 872 616 sed
902 591 954 617 ne
987 575 1173 616 adeundi
1205 576 1379 631 quidem
1401 576 1597 617 Romana
1623 573 1803 624 moenia,

407 633 568 674 animos
609 648 754 674 eorum
796 633 919 688 cepit,
955 641 1149 688 tectaque
1191 633 1338 688 procul
1369 633 1458 674 visa
1498 641 1624 697 atque
1666 631 1806 672 immi-

410 699 559 731 nentes
595 690 747 730 tumuli
788 698 974 730 avertere
1018 698 1181 730 mentes
1217 704 1386 738 eolum3
1428 697 1488 738 ut,
1522 690 1620 734 totis
1651 689 1805 754 passim

407 747 551 788 castris
578 747 750 787 fremitu
777 755 880 795 orto,
916 746 1048 802 ‘quid
1077 746 1123 786 in
1150 754 1264 787 vasto
1293 761 1340 787 ac
1369 721 1534 788 deserto
1565 761 1664 802 agro
1694 746 1834 787 interr

410 810 423 828 ⁶
439 805 578 845 tabem
600 819 801 859 pecorum
822 803 1128 859 hominumque
1151 803 1317 844 desides
1346 804 1434 845 sine
1463 804 1619 860 praeda
1639 812 1805 859 tempus

410 867 422 885 ‘
439 869 634 909 tererent,
658 875 790 916 quum
811 861 975 917 integra
995 861 1098 926 1003,
1122 860 1412 902 Tusculanum
1434 876 1593 917 agrum,
1616 861 1806 917 opimum

409 924 422 942 ‘
438 918 580 973 copiis,
604 927 746 973 petere
768 927 938 974 possent
950 919 979 959 P’
1010 918 1129 974 signa
1152 927 1325 974 repente
1352 918 1649 968 convellerent,
1672 926 1806 959 trans-

407 975 620 1030 versisque
662 975 881 1017 itineribus
921 991 1004 1041 per·
1033 975 1266 1016 Lavicanos
1302 991 1420 1032 agros
1461 976 1505 1016 in
1542 974 1806 1016 Tusculanos

408 1032 535 1073 001105
571 1032 805 1074 transirent.
871 1032 935 1074 Eo
967 1033 1028 1074 vis
1061 1033 1196 1074 omnis
1229 1042 1539 1090 tempestasque
1572 1032 1673 1074 belli
1706 1047 1807 1074 con-

407 1105 526 1131 versa
553 1098 625 1131 est.
688 1089 866 1131 Interim
896 1090 1074 1132 Hernici
1103 1090 1344 1146 Latinique,
1367 1091 1527 1147 pudore
1556 1091 1696 1139 etiam,
1720 1105 1807 1131 non

408 1147 691 1188 misericordia
723 1147 870 1197 solum,
905 1148 1021 1212 moti,
1051 1148 1085 1188 si
1118 1163 1196 1188 nec
1230 1148 1486 1189 obstitissent
1513 1147 1807 1189 communibus

407 1204 609 1254 hostibus,
633 1204 785 1246 infesto
806 1205 973 1261 agmine
998 1205 1236 1246 Romanam
1265 1206 1414 1246 urbem
1442 1205 1697 1261 petentibus,
1726 1219 1806 1246 nec

409 1277 534 1318 opem
574 1262 702 1303 ullam
753 1263 928 1304 obsessis
971 1263 1092 1303 sociis
1132 1262 1302 1312 ferrent,
1345 1263 1571 1304 coniuncto
1617 1262 1806 1303 exercitu

410 1319 592 1360 Romam
612 1328 806 1376 pergunt.
852 1320 939 1361 Ubi
962 1335 1093 1376 quum
1115 1320 1256 1361 hostes
1277 1335 1364 1361 non
1385 1320 1657 1369 invenissent,
1673 1319 1808 1360 secuti

408 1377 562 1417 famam
583 1392 630 1418 ac
651 1377 839 1432 vestigia,
858 1377 969 1418 obvii
990 1377 1099 1418 fiunt
1121 1377 1475 1418 descendentibus
1496 1378 1548 1418 ab
1565 1376 1808 1418 Tusculano

409 1434 455 1474 in
477 1433 689 1474 Albanam
710 1435 872 1475 vallem.
926 1434 993 1475 Ibi
1014 1435 1343 1499 haudquaquam
1365 1449 1500 1490 aequo
1521 1434 1681 1491 proelio
1701 1449 1811 1499 pug-

409 1499 557 1531 natum
590 1500 664 1540 est,
699 1491 888 1556 fidesque
923 1507 997 1532 sua
1029 1507 1150 1533 socus
1180 1507 1329 1548 parum
1361 1492 1463 1533 felix
1496 1492 1542 1532 in
1573 1491 1811 1548 praesentia

409 1523 696 1589 fuit.Ha1id
717 1548 854 1589 minor
876 1549 1038 1590 Romae
1060 1550 1109 1589 fit
1137 1550 1282 1590 morbo
1311 1558 1479 1606 strages,
1504 1564 1631 1605 quam
1652 1557 1812 1605 quanta

410 1605 520 1646 ferro
557 1606 765 1646 sociorum
802 1606 912 1646 facta
947 1614 1046 1646 erat.
1113 1605 1288 1656 Consul,
1286 1608 1400 1703 Mqui
1436 1622 1545 1647 unus
1579 1614 1809 1662 supererat,

412 1663 612 1703 moritur:
657 1663 811 1703 mortui
844 1672 887 1704 et
918 1663 988 1703 alii
1025 1663 1125 1704 clari
1156 1663 1248 1712 viri,
1285 1663 1335 1704 Μ
1381 1663 1590 1713 Valerius,
1625 1664 1676 1704 T.
1710 1664 1812 1706 Vir-

412 1720 551 1774 ginius
588 1720 772 1784 Rutilus,
809 1735 1011 1785 augures3
1059 1720 1145 1761 Ser.
1181 1695 1403 1785 Sulpicius,
1436 1721 1552 1761 curio
1588 1720 1842 1762 maximus.2

415 1776 472 1817 Et
495 1792 572 1833 per
598 1777 742 1833 ignota
772 1778 909 1833 capita
938 1777 1019 1818 late
1052 1786 1226 1833 evagata
1246 1786 1308 1820 est
1328 1794 1389 1819 vis
1410 1778 1570 1819 morbi:
1603 1778 1810 1834 inopsque

413 1843 582 1875 senatus
613 1834 759 1875 auxilii
791 1835 978 1884 humani,
1009 1834 1062 1876 ad
1095 1835 1196 1875 deos
1231 1835 1436 1891 populum
1469 1851 1515 1876 ae
1545 1844 1643 1876 vota
1672 1835 1809 1877 vertit.

415 1890 522 1932 Iussi
543 1907 640 1932 cum
661 1892 910 1948 coniugibus
940 1907 987 1933 30
1018 1892 1159 1933 liberis
1180 1892 1492 1948 supplicatum
1482 1907 1518 1933 11·
1520 1908 1556 1942 e,
1578 1907 1811 1949 pacemque

415 1964 641 2004 exposcere
671 1949 810 1990 (1011111.
877 1949 946 1989 Ad
977 1949 1033 1998 id,
1058 1949 1173 2004 quod
1203 1965 1278 1990 sua
1307 1965 1519 2006 quemque
1552 1950 1660 1990 mala
1689 1964 1844 2006 coge-3

414 2006 529 2055 bant,
552 2006 798 2047 auctoritate
829 2006 999 2062 publica
1029 2007 1203 2056 evocati,
1230 2022 1372 2048 omma
1401 2007 1576 2048 delubra
1604 2006 1808 2063 implent:

414 2071 566 2104 stratae
602 2064 753 2118 passim
786 2072 950 2113 matres,
983 2064 1166 2105 crinibus
1203 2064 1360 2120 templa
1389 2073 1613 2115 verrentes,
1645 2064 1812 2106 veniam

415 2119 570 2160 irarum
592 2120 848 2170 coelestium,
872 2121 1086 2176 finemque
1108 2121 1216 2177 pesti
1238 2130 1482 2178 exposcunt.

474 2177 580 2218 Inde
612 2177 843 2233 paullatim,
871 2193 945 2219 seu
975 2193 1076 2233 paee
1106 2178 1234 2219 deum
1266 2179 1499 2235 impetrata,
1521 2194 1595 2220 seu
1624 2179 1812 2235 graviore

415 2241 603 2291 tempore
633 2235 733 2275 anni
763 2235 846 2275 iam
877 2235 1143 2285 ciieumacto,
1166 2235 1366 2277 defuncta
1385 2237 1540 2278 morbis
1556 2251 1730 2292 corpora
1750 2251 1814 2277 sa-

414 2291 599 2334 lubrima
619 2307 707 2333 esse
733 2292 946 2348 incipere:
979 2292 1191 2349 versisque
1223 2293 1372 2334 animis
1402 2293 1485 2335 iam
1517 2293 1572 2335 ad
1600 2293 1813 2350 publicam

415 2431 495 2465 erat,
511 2428 596 2467 quod
618 2437 677 2458 nos
699 2428 719 2444 ‘⁶
732 2427 788 2458 the
808 2427 958 2458 Round”
979 2428 1091 2467 appel-

416 2470 529 2500 lamus.
555 2471 697 2501 81110111.

465 2513 483 2542 8
511 2514 676 2543 Aedilium
698 2513 820 2552 plebei]
866 2512 960 2542 Haec
988 2512 1092 2551 prima

415 2564 467 2593 ap.
489 2554 558 2585 Liv.
580 2555 702 2585 mentio
726 2554 882 2585 aedilium
906 2555 1020 2594 plebis.
1052 2554 1091 2585 cf.

414 2607 501 2636 supr.
517 2597 548 2627 ii.
569 2607 617 2636 33.
634 2600 700 2628 not.

459 2649 478 2679 9
501 2640 590 2669 Adeo
605 2641 707 2677 enim]
735 2638 847 2669 Volsci
872 2639 1013 2669 Romam
1037 2648 1091 2677 op-

417 2690 610 2719 pugnavere,
638 2681 662 2711 si
696 2681 853 2721 Dionysio
884 2681 972 2711 fides.
1029 2681 1092 2711 Sed

416 2724 491 2752 urbs
507 2727 621 2753 natura
637 2724 698 2753 loci
711 2728 743 2753 et
757 2724 870 2753 validis
885 2723 1095 2753 munimentis

417 2765 559 2801 defensa,
587 2766 681 2795 facile
713 2765 776 2795 vim
807 2766 949 2795 hostium
980 2765 1092 2796 arcuit.

418 2806 523 2836 Cassv.
555 2807 592 2836 cf.
614 2807 710 2838 Dion.
727 2808 769 2837 ix.
787 2807 837 2847 67.

466 2857 476 2876 1
504 2849 649 2878 Fremitu
679 2851 761 2887 orto]
820 2850 895 2879 Hoc
925 2849 1029 2880 verius
1059 2849 1090 2880 in

419 2899 516 2918 causa
528 2889 622 2919 fuisse
636 2890 771 2925 videtur.
783 2902 840 2922 eur
854 2892 964 2922 Volsci
981 2893 1092 2922 urbem

417 2940 604 2970 oppugnare
628 2932 807 2963 destiterint
824 2944 876 2972 ,sc.
893 2935 979 2973 quod
1000 2934 1091 2965 time-

1136 2431 1207 2458 rent
1222 2438 1262 2458 ne
1279 2427 1426 2468 contagio
1443 2428 1570 2458 morbos
1584 2427 1618 2458 in
1635 2430 1738 2458 eastra
1755 2435 1814 2458 sua

1136 2470 1325 2508 divulgaret.

1180 2522 1196 2542 2
1223 2513 1321 2542 Curio
1337 2513 1512 2550 mamimus]
1551 2512 1739 2551 Unicuique
1759 2511 1813 2542 tri-

1135 2554 1225 2593 ginta
1241 2554 1411 2591 curiarum,
1427 2554 1460 2584 in
1476 2564 1555 2603 quas
1567 2554 1701 2585 divisam
1717 2554 1814 2585 fuisse

1137 2598 1249 2627 urbem
1273 2597 1412 2627 xidimus
1433 2607 1517 2636 supr.
1536 2597 1555 2628 i.
1576 2607 1623 2637 13.
1654 2607 1730 2627 511115
1751 2597 1814 2627 fuit

1136 2649 1195 2669 cm
1197 2650 1237 2676 zo
1254 2639 1307 2678 qui
1324 2649 1391 2669 rem
1408 2639 1549 2669 (1111113111
1573 2649 1631 2678 pro
1653 2639 1718 2670 suis
1733 2638 1813 2670 curi-

1137 2681 1241 2711 alibus
1267 2682 1394 2712 faceret.
1445 2681 1640 2713 Curionibus
1665 2681 1814 2712 omnibus

1137 2724 1320 2753 moderator
1334 2723 1465 2762 quidam
1483 2723 1651 2764 impositus
1666 2728 1744 2761 erat,
1759 2734 1813 2754 cu-

1137 2767 1185 2796 rio
1214 2767 1391 2803 mavimns;
1431 2766 1485 2806 qui
1515 2766 1645 2805 quidem
1676 2765 1814 2796 comitiis

1138 2807 1267 2838 curiatis
1283 2809 1458 2838 creabatur.
1483 2809 1589 2839 szv.

1181 2859 1197 2889 3
1221 2852 1275 2880 id
1294 2852 1338 2884 id.
1358 2852 1456 2890 quod]
1491 2851 1523 2881 h
1536 2860 1563 2881 e.
1582 2851 1812 2888 Praeterquam

1137 2893 1233 2932 quod.
1266 2893 1305 2924 cf.
1322 2893 1393 2923 infr.
1409 2892 1459 2925 62.
1486 2893 1564 2924 xlix.
1581 2900 1631 2935 37.
1657 2892 1767 2923 Dona.
