1934 3211
549 130 675 172 LIB.
709 130 834 172 VIII.
880 131 1028 175 CAP.
1063 137 1129 175 36.
1457 138 1542 177 493

144 219 440 275 firmatumque
472 219 698 275 imperium
733 220 912 262 militare
945 222 1061 262 haud
1091 223 1230 263 minus
1262 224 1449 278 periculo
1486 225 1539 273 Q.
1557 235 1601 267 U.
1618 234 1656 265 C.
1675 243 1748 272 430·

144 277 276 326 Fabii,
298 291 424 332 quam
455 276 661 333 supplicio
682 277 909 320 miserabili
936 279 1214 320 adolescentis
1236 279 1402 329 Manlii,
1424 282 1543 323 vide·
1555 280 1594 310 A.
1619 277 1656 308 C·
1677 286 1747 316 3²2·

145 334 275 375 batur.
338 332 462 374 Forte
483 333 541 374 ita
561 349 612 375 eo
629 350 740 376 anno
762 335 916 385 evenit,
935 345 995 386 ut,
1013 337 1349 392 quotiescunque
1364 338 1544 380 dictator

143 391 195 433 ab
225 390 415 431 exercitu
435 391 617 441 recessit,
640 392 780 434 hostes
801 393 845 433 in
874 392 1046 435 Samnio
1068 403 1349 436 moverentur.
1415 394 1544 437 Cete-

142 463 237 489 rum
257 447 303 488 in
323 447 456 489 oculis
483 449 727 505 exemplum
748 459 838 491 erat
862 450 915 499 Q„
941 451 1094 493 Fabius
1117 451 1178 494 M.
1195 451 1368 493 Valerio
1389 452 1541 508 legato,

142 505 217 561 qui
247 505 391 546 castris
420 516 623 562 praeerat,
655 522 709 548 ne
741 522 868 563 quam
899 509 984 549 vim
1014 509 1199 550 hostium
1238 510 1382 565 magis,
1415 525 1543 565 quam

142 571 305 604 trucem
345 563 561 605 dictatoris
610 565 727 614 iram,
770 566 950 607 timeret.
1013 566 1178 623 Itaque,
1218 566 1543 609 frumentatores

125 630 288 676 ‘quum,
320 620 596 663 circumventi
632 637 685 663 ex
719 623 894 673 insidiis,
927 625 1035 665 caesi
1067 624 1161 666 loco
1201 624 1349 680 iniquo
1388 633 1540 675 essent,

141 677 349 719 creditum
381 679 508 735 vulgo
544 688 620 729 est,
656 681 869 722 subveniri
905 681 955 722 iis
995 682 1047 722 ab
1083 682 1221 738 legato
1261 682 1460 737 potuisse,
1497 683 1543 723 ni

141 735 275 776 tristia
294 735 434 777 edicta
463 736 756 778 exhorruisset.
822 737 885 779 Ea
912 750 1082 795 quoque
1104 740 1166 780 ira
1192 739 1390 781 alienavit
1410 755 1435 780 a
1454 740 1544 781 dic-

142 802 273 834 tatore
295 792 477 834 militum
498 795 673 844 animos,
695 795 778 836 iam
799 804 896 837 ante
910 796 1108 846 infensos,
1131 797 1246 853 quod
1269 797 1544 853 implacabilis

111 850 198 899 7Q„
223 850 353 891 Fabio
388 851 556 893 fuisset:
607 861 662 901 et,
700 853 814 908 quod
856 853 940 894 suis
975 855 1170 910 precibus
1210 865 1415 911 negasset,
1454 855 1544 897 eius

139 907 297 964 populo
321 908 515 950 Romano
537 910 702 950 veniam
724 910 920 952 dedisset.

198 966 430 1021 Postquam
451 966 643 1016 dictator,
666 968 904 1023 praeposito
932 968 976 1008 in
998 969 1101 1010 urbe
1124 969 1173 1010 L.
1193 969 1364 1026 Papirio
1389 971 1542 1012 Crasso
1625 970 1692 1008 36-

139 1023 337 1079 magistro
379 1024 585 1079 equitum,
623 1025 675 1073 Q.
696 1024 826 1066 Fabio
859 1026 990 1067 vetito
1024 1027 1253 1083 quicquam
1293 1042 1370 1083 pro
1411 1028 1544 1084 magi-

139 1089 271 1122 stratu
292 1095 428 1136 agere,
452 1081 496 1122 in
518 1090 652 1123 castra
672 1082 824 1132 rediit3
857 1099 997 1140 neque
1019 1084 1180 1126 civibus
1196 1085 1293 1126 satis
1315 1084 1448 1127 laetus
1469 1086 1544 1127 ad-

138 1147 289 1180 ventus
324 1139 414 1180 eius
448 1138 540 1189 fuit,
578 1155 657 1181 nec
693 1140 882 1182 hostibus
918 1142 1148 1197 quicquam
1183 1142 1325 1183 attulit
1360 1144 1540 1184 terroris.

140 1196 339 1252 Namque
371 1206 540 1252 postero
571 1197 653 1247 die,
686 1212 761 1238 seu
793 1198 929 1253 ignari
961 1199 1122 1240 venisse
1156 1200 1420 1250 dictatorem,
1452 1216 1543 1250 seu,

139 1254 303 1296 adesset
324 1269 377 1295 an
402 1255 576 1304 abesset,
599 1255 716 1311 parvi
740 1255 955 1306 facientes,
978 1257 1182 1298 instructa
1209 1258 1297 1299 acie
1326 1258 1378 1299 ad
1407 1267 1542 1300 castra

139 1321 414 1354 accesserunt.
480 1311 683 1353 Ceterum
720 1321 885 1354 tantum
921 1314 1125 1356 momenti
1161 1315 1205 1355 in
1242 1331 1328 1356 uno
1363 1316 1453 1357 viro
1486 1316 1536 1357 L.
1552 1321 1709 1361 Legiones

139 1369 310 1426 Papirio
330 1370 423 1419 fuit,
451 1378 509 1419 ut,
533 1370 566 1410 si
593 1369 713 1411 ducis
740 1371 915 1412 consilia
941 1371 1056 1413 favor
1083 1373 1329 1414 subsecutus
1356 1373 1537 1414 militum
1554 1365 1745 1439 11³,⁰.¹¹¹²1¹¹¹‘7t³{„

138 1427 259 1478 foret,
281 1426 482 1469 debellari
512 1442 562 1468 co
583 1427 652 1469 dic
681 1443 778 1469 eum
810 1428 1066 1470 Samnitibus
1097 1430 1295 1485 potuisse,
1318 1446 1394 1486 pro
1425 1430 1540 1472 haud
1552 1419 1759 1491 ζῖῇῗῘῖῘδὲω

139 1485 270 1527 dubio
291 1485 481 1526 habitum
503 1485 581 1526 sit:
617 1485 675 1526 ita
695 1485 894 1527 instruxit
914 1487 1046 1528 aciem
1068 1487 1160 1528 loco
1182 1503 1229 1529 ac
1250 1488 1458 1538 subsidiis,
1481 1489 1540 1530 ita
1550 1499 1638 1525 nant.

139 1544 255 1584 omni
287 1553 374 1584 arte
405 1542 554 1583 bellica
584 1543 776 1584 firmavit.
841 1544 1063 1585 Cessatum
1092 1559 1117 1585 a
1143 1544 1290 1594 milite,
1314 1560 1360 1586 ac
1389 1545 1442 1587 de
1475 1546 1541 1586 in-

138 1600 309 1650 dustria,
340 1609 387 1641 ut
417 1600 722 1641 obtrectaretur
751 1600 945 1642 laudibus
976 1601 1108 1652 ducis,
1135 1602 1339 1659 impedita
1367 1603 1541 1645 victoria

138 1667 212 1700 est.
265 1658 415 1699 Plures
439 1657 692 1699 Samnitium
713 1658 928 1700 cecidere:
962 1659 1103 1716 plures
1126 1659 1309 1701 Romani
1331 1660 1538 1702 vulnerati

137 1725 247 1758 sunt.
303 1715 443 1758 Sensit
464 1715 622 1772 peritus
643 1715 744 1766 duX,
767 1732 875 1772 quae
898 1732 963 1758 res
983 1717 1180 1759 victoriae
1203 1718 1406 1760 obstaret:
1433 1729 1539 1760 tem-
1553 1730 1702 1761 Dictator

138 1773 373 1830 perandum
398 1773 616 1829 ingenium
642 1789 764 1815 suum
793 1790 895 1824 esse,
918 1783 961 1816 et
987 1775 1251 1817 severitatem
1280 1776 1537 1818 miscendam
1550 1774 1672 1834 {⁰¹¹¹i‘{¹'

107 1832 349 1874 Scomitate.
426 1830 590 1887 Itaque,
627 1831 825 1873 adhibitis
861 1832 1021 1889 legatis,
1058 1833 1146 1889 ipse
1183 1834 1342 1875 circum
1378 1819 1666 1876 sauciosf‘²⁰²¹¹⁵·

138 1889 292 1931 milites
319 1890 506 1930 inserens
536 1890 580 1929 in
610 1890 790 1931 tentoria
819 1900 959 1946 caput,
989 1891 1189 1945 singulos,
1220 1900 1266 1932 ut
1294 1907 1381 1933 sese
1412 1892 1540 1934 habe-

139 1956 245 1997 rent,
262 1947 461 2001 rogstans,
479 1961 622 1987 curam
644 1961 789 1987 eorum
812 1948 1060 1988 nominatim
1084 1948 1242 2003 legatis.
1262 1949 1538 2004 tribunisque,

106 2014 183 2051 9et
222 2000 442 2061 praefectis
479 2003 770 2044 demandabat.
847 2003 956 2044 Rem
997 2019 1073 2060 per
1112 2020 1154 2045 sc
1195 2005 1440 2060 popularem
1482 2007 1541 2047 ita

139 2062 290 2103 dexter
325 2061 424 2115 egit,
458 2070 517 2110 ut,
552 2060 772 2101 medendis
803 2061 1058 2116 corporibus,
1094 2061 1222 2102 animi
1260 2061 1393 2103 multo
1424 2063 1539 2118 prIus

140 2119 321 2160 militum
344 2116 583 2175 imperatori
611 2117 1008 2167 reconciliarentur3
1043 2134 1121 2160 nec
1143 2119 1371 2174 quiequam
1397 2119 1450 2160 ad
1475 2135 1539 2161 sa-

140 2177 379 2218 lubritatem
402 2176 611 2217 efficacius
631 2175 768 2225 fucrit,
793 2191 918 2232 quam
942 2176 1056 2232 quod
1073 2186 1191 2232 grato
1209 2177 1349 2218 animo
1370 2192 1419 2218 ea
1439 2193 1539 2219 eura

139 2244 311 2291 accepta
332 2243 404 2275 est.
472 2233 648 2274 Refecto
670 2234 870 2281 exercitu,
894 2249 989 2275 eum
1017 2233 1134 2274 hoste
1157 2249 1402 2289 congressus
1424 2234 1537 2276 haud
1551 2242 1714 2290 Sampitcs

139 2293 269 2334 dubia
289 2307 361 2348 spe
383 2307 457 2332 sua
477 2290 758 2346 militumque,
778 2291 834 2332 ita
857 2291 963 2332 fudit
984 2291 1228 2347 fugavitque
1254 2292 1474 2341 Samnites,
1492 2302 1540 2335 ut
1553 2291 1659 2316 ’Μυη-

140 2349 208 2391 illc
238 2349 410 2390 ultimus
438 2349 486 2389 iis
512 2348 602 2389 dies
630 2348 874 2389 conferendi
903 2349 1021 2404 sigua
1049 2364 1144 2389 cum
1167 2348 1371 2390 dictatore
1398 2349 1536 2392 fuerit.

141 2406 316 2448 Incessit
345 2406 514 2455 deinde,
538 2422 621 2461 qua
649 2405 772 2446 duxit
799 2406 979 2462 praedae
1009 2422 1116 2462 spes,
1143 2406 1274 2447 vietor
1301 2407 1536 2457 ‹=xc1·citus;

140 2463 490 2521 perlustravitque
513 2463 695 2504 hostium
718 2479 849 2519 agros,
874 2463 989 2505 nulla
1010 2479 1136 2513 arma,
1161 2464 1317 2505 nullam
1341 2464 1438 2512 vim,
1461 2480 1539 2507 nec

1098 2590 1113 2604 θ

191 2623 206 2654 7
236 2616 319 2645 I‘Ir'we
348 2615 467 2654 populo
498 2616 642 2644 ln'mmnm
672 2616 816 2653 reniam]
864 2614 978 2644 turmis
1000 2614 1200 2653 equestribus
1225 2621 1402 2654 praeerunt.
1432 2615 1539 2647 nonu.

144 2657 222 2688 Bina
235 2661 425 2695 pote-tatem
440 2667 512 2696 pop.
525 2658 673 2687 Romano
685 2657 818 2687 tim-isset.
865 2658 926 2686 sed
955 2659 1133 2696 praefi-vlm-
1159 2659 1326 2690 surim-um,
1347 2657 1400 2696 qui
1425 2658 1539 2688 eudem

184 2703 203 2727 8
228 2700 398 2736 ‘'mr-itaer}
430 2700 578 2729 ‘'mnitnei
602 2700 674 2729 edd.
702 2700 820 2737 plures,
865 2700 973 2728 onmia
991 2699 1019 2728 in
1039 2699 1152 2733 snt-ios,
1168 2710 1250 2738 quau·
1267 2700 1384 2730 tribuni
1408 2700 1437 2730 in
1455 2700 1542 2731 circs

141 2743 194 2773 uod
213 2743 358 2771 rumimtc'
375 2742 559 2771 emendarit
578 2742 772 2775 (aruum-iun„
788 2746 819 2770 et
867 2742 1076 2780 usurpabant,
1091 2742 1141 2772 hic
1153 2741 1242 2772 innui
1254 2742 1395 2774 Crevier.
1408 2748 1439 2773 ct
1452 2743 1540 2783 Rup.

144 2786 256 2824 probat
275 2784 413 2815 Bekkor.
866 2789 1006 2814 consent.

171 2839 190 2867 ι)
204 2828 401 2866 l'rmsrrlo‘s}
419 2827 563 2856 Furtum·
575 2827 752 2861 alnrummt
767 2825 819 2864 qui
