1934 3211
555 133 682 176 LIB.
716 132 797 175 IX.
845 134 992 176 CAP.
1027 140 1094 178 34.
1442 141 1524 183 537

125 223 253 266 modo
273 223 441 272 relictis,
458 222 529 263 vix
545 222 662 277 quod
683 222 782 263 satis
798 231 906 264 esset
923 223 977 264 ad
993 233 1223 266 castrorum
1244 228 1523 282 praesidium:
1542 239 1586 272 U.
1603 240 1641 272 c.
1660 249 1734 280 443·

125 290 169 323 et
200 296 225 323 a
254 281 312 322 ud
347 279 564 320 Romanos
597 288 763 320 tantum
795 279 1019 322 vulnerum
1052 281 1145 331 fuit,
1178 292 1227 323 ut
1259 283 1401 339 plures
1432 294 1528 341 post
1541 284 1580 314 A.
1604 283 1643 314 C.
1661 291 1734 324 309·

124 353 225 396 proe
245 338 331 378 'um
351 336 481 377 saucii
502 336 759 378 decesserint
780 352 909 393 quam
930 338 1173 380 ceciderant
1193 339 1238 380 in
1259 341 1360 381 acie.

185 393 239 443 Q.
264 393 416 436 Fabius
448 394 710 450 insequentis
742 395 841 435 anni
876 395 1023 436 consul
1055 395 1215 438 bellum
1248 397 1302 438 ad
1339 397 1526 440 Sutrium
1612 404 1680 442 33.

123 451 304 508 excepit.
375 450 554 507 Collega
594 451 724 493 Fabio
768 451 819 493 C.
845 451 1033 494 Marcius
1075 453 1246 495 Rutilus
1287 454 1410 496 datus
1450 465 1524 497 est.
1543 458 1586 489 U-
1604 460 1642 490 C.
1661 470 1733 498 444·

126 507 331 551 Ceterum
364 517 407 550 et
439 508 594 550 Fabius
629 509 973 566 supplementum
1006 511 1057 552 ab
1093 511 1232 553 Roma
1263 511 1458 562 adduxit,
1485 522 1528 554 et
1541 502 1580 579 ὃ·
1601 502 1734 574 &133538‘

122 581 257 608 novus
277 566 487 607 exercitus
508 566 635 608 domo
657 567 816 608 accitus
839 567 1028 609 Etruscis
1049 569 1175 610 venit.
1542 567 1590 616 11‘.
1609 586 1646 617 ρ,
1662 587 1749 616 Mar-

186 623 394 665 Permulti
427 624 527 665 anni
560 624 643 665 iam
681 633 813 674 erant,
847 640 978 680 quum
1015 626 1126 668 inter
1159 627 1356 683 patricios
1395 627 1529 683 magi·
1541 628 1590 658 cio
1604 630 1694 660 Coss.

121 689 273 723 stratus
305 682 581 737 tribunosque
615 682 732 723 nulla
757 683 987 724 certamina
1011 683 1204 733 fuerant3
1238 699 1371 740 quum
1397 700 1450 726 ex
1479 700 1529 726 ea

121 738 292 788 familia,
315 754 423 794 quae
449 739 565 781 velut
589 739 725 780 fatalis
756 749 846 781 tum
878 741 1059 782 tribunis
1090 756 1138 783 ac
1168 741 1283 798 plebi
1314 751 1416 792 erat,
1439 757 1529 784 cer·

122 804 265 838 tamen
293 797 437 838 oritur.
501 797 584 853 Ap.
607 797 814 838 Claudius
842 813 1002 848 censor,
1025 799 1289 840 circumactis
1310 799 1458 841 decem
1486 808 1529 841 et
1542 811 1605 850 Ap.
1620 811 1718 842 Clau-

90 862 218 904 9octo
239 854 466 904 mensibus,
483 854 599 910 quod
617 854 803 896 Aemilia
823 855 916 912 lege
933 856 1102 897 finitum
1124 872 1324 898 censurae
1346 858 1528 913 spatium
1541 854 1614 884 dius
1629 864 1740 884 censu-

94 929 107 950 1
123 911 324 968 temporis
344 921 445 961 erat,
468 927 602 968 quum
626 911 676 953 C.
694 912 886 954 Plautius
907 913 1068 969 collega
1096 915 1186 955 eius
1214 915 1460 971 magistratu
1484 929 1528 956 se
1541 897 1725 970 ἷὲζῗῐζᾞζ]

122 968 368 1019 abdicasset,
391 969 508 1010 nulla
527 969 568 1010 vi
590 969 801 1026 compelli,
824 979 871 1011 ut
892 971 1117 1021 abdicaret,
1140 973 1288 1028 potuit.
1342 972 1389 1014 P.
1410 972 1528 1014 Sem-
1542 963 1672 1029 teinpus
1687 991 1733 1011 re-

121 1027 295 1082 pronius
316 1035 405 1068 erat
432 1027 626 1068 tribunus
651 1027 814 1084 plebis;
847 1028 922 1084 qui
949 1028 1161 1070 finiendae
1190 1044 1391 1071 censurae
1419 1028 1634 1071 intratmet·

121 1083 359 1140 legitimum
401 1092 568 1141 tempus
608 1085 818 1126 actionem
864 1096 1116 1142 susceperat,
1154 1102 1241 1128 non
1281 1087 1529 1144 popularem

121 1141 266 1198 magis,
290 1156 418 1198 quam
440 1142 619 1192 iustam3
651 1157 731 1184 nec
756 1143 800 1183 in
821 1143 984 1199 vulgus,
1008 1159 1136 1200 quam
1168 1160 1192 1185 o
1226 1145 1328 1186 timo
1359 1146 1528 1201 cuique,

120 1199 358 1255 gratiorem.
422 1198 476 1249 Is,
499 1215 631 1256 quum
653 1200 888 1242 identidem
909 1201 1046 1258 legem
1070 1160 1297 1244 Aemiliam
1320 1203 1528 1252 recitaret,

121 1265 423 1313 auctoremque
432 1257 522 1298 eius
533 1257 664 1299 Mam.
672 1258 903 1300 Aemilium
916 1259 1163 1301 dictatorem
1180 1259 1373 1301 laudibus
1381 1261 1507 1302 ferret
1517 1275 1527 1309 3

121 1314 197 1370 qui
214 1315 577 1370 quinquennalem
594 1324 692 1357 ante
710 1331 944 1366 censuram,
960 1325 1003 1358 et
1017 1317 1328 1373 longinquitate
1346 1326 1530 1374 potesta-

122 1380 208 1413 tem
230 1371 535 1422 dominantem,
559 1373 671 1414 intra
690 1388 764 1414 sex
786 1374 995 1415 mensium
1017 1383 1059 1416 et
1081 1375 1181 1415 anni
1211 1376 1416 1432 coegisset
1437 1390 1530 1431 spa-

121 1429 252 1470 tium:
277 1435 290 1454 ‘
304 1429 401 1479 Dic,
418 1430 626 1486 agedu1n,’
639 1431 793 1487 inquit,
819 1437 829 1454 ‘
840 1431 923 1487 Ap.
943 1431 1112 1481 Claudi,
1127 1432 1331 1488 quidnam
1345 1433 1530 1474 facturus

123 1492 135 1511 ‘
150 1487 292 1537 fueris,
315 1487 349 1528 si
371 1502 422 1528 eo
444 1497 645 1544 tempore,
669 1504 754 1544 quo
778 1489 829 1529 (J.
856 1488 1007 1530 Furius
1033 1498 1075 1530 et
1104 1489 1166 1530 M.
1189 1489 1409 1545 Geganius
1431 1504 1531 1530 cen-

124 1550 136 1568 ‘
151 1559 264 1586 sores
284 1545 469 1594 fuerunt,
491 1560 640 1586 censor
659 1546 854 1586 fuisses?'
915 1546 1085 1602 Negare
1108 1547 1289 1602 Appius,
1324 1553 1335 1571 ‘
1351 1547 1529 1588 interro-

123 1607 136 1626 ‘
179 1603 363 1644 ationem
388 1603 546 1643 tribuni
569 1618 722 1658 magno
744 1618 870 1659 opere
893 1603 947 1644 ad
968 1618 1135 1644 causam
1161 1604 1373 1660 pertinere
1395 1619 1525 1646 suam.

123 1617 281 1710 σέῘζῖειιῃ,
311 1660 389 1701 etsi
419 1661 602 1701 tenuerit
630 1660 698 1701 lex
728 1660 914 1702 Aemilia
941 1676 1012 1702 eos
1040 1676 1246 1712 censores,
1274 1677 1454 1718 quorum
1483 1662 1529 1703 in

123 1723 136 1743 ‘
151 1718 397 1774 magistratu
417 1717 502 1759 lata
522 1726 642 1767 esset,
666 1718 766 1774 quia
793 1726 889 1774 post
917 1718 1009 1760 illos
1035 1734 1228 1760 censores
1253 1729 1414 1761 creatos
1435 1734 1529 1761 eam

91 1791 107 1813 2
123 1781 135 1800 ‘
149 1774 287 1832 legem
327 1775 509 1832 populus
548 1775 747 1826 iussisset,
785 1776 986 1832 quodque
1028 1786 1288 1833 postremum
1328 1777 1528 1827 iussisset,

123 1833 196 1874 ‘id
232 1833 296 1874 ius
337 1842 560 1889 ratumque
603 1842 739 1883 esset3
778 1849 864 1874 non
901 1843 1043 1876 tamen
1077 1843 1150 1876 aut
1184 1850 1241 1884 se,
1274 1844 1347 1877 aut
1383 1850 1528 1877 eorum

123 1896 136 1915 ‘
152 1894 424 1947 quemquam,
461 1890 535 1947 qui
576 1900 670 1947 post
705 1906 799 1932 eam
835 1891 971 1947 legem
1009 1891 1134 1933 latam
1171 1894 1299 1934 creati
1336 1907 1529 1934 censores

124 1954 136 1973 ‘
151 1958 305 1997 essent,
328 1958 462 1989 tenen
484 1963 535 1989 ca
554 1947 647 2001 lege
670 1948 883 2003 potuissc.'
946 1948 1064 1989 Haec
1090 1949 1180 1989 sine
1207 1950 1332 1990 ullius
1357 1965 1527 1990 assensu
1612 1950 1679 1988 34.

122 2005 342 2047 cavillante
366 2005 523 2061 Appio,
558 2011 568 2028 ‘
587 2002 681 2069 En,'
704 2005 855 2060 inquit,
890 2011 901 2028 ‘
918 2005 1120 2055 Quirites,
1144 2006 1255 2047 illius
1278 2007 1410 2062 Appii
1432 2021 1527 2062 pro·
1541 2004 1740 2078 „Pl-iSqQFHsJIO·

125 2063 310 2128 ‘genieS,
336 2078 423 2118 qul,
450 2062 662 2103 decemvir
695 2062 738 2102 in
772 2077 930 2102 annum
963 2072 1139 2112 creatus,
1174 2063 1305 2104 altero
1339 2078 1450 2104 anno
1483 2078 1526 2105 sc
1541 2090 1643 2119 oratio
1661 2090 1692 2120 in

126 2126 242 2176 ‘ipse
276 2120 457 2160 creavit:
493 2119 629 2167 tertio,
653 2134 730 2160 nec
762 2120 813 2160 ab
844 2135 901 2168 se,
924 2135 1003 2160 nec
1034 2121 1085 2160 ab
1120 2119 1205 2161 ullo
1239 2130 1415 2170 creatuS,
1442 2121 1527 2177 pri-
1540 2132 1730 2164 Claudium.

126 2184 138 2203 ‘
154 2187 273 2219 vatus
293 2177 423 2218 fasces
451 2186 493 2218 et
522 2177 745 2233 imperium
775 2177 984 2225 obtinuit3
1019 2192 1097 2218 nec
1119 2186 1216 2218 ante
1238 2178 1527 2219 continuando

126 2242 138 2260 ‘
154 2235 314 2277 abstitit
335 2234 592 2288 magistratu,
616 2248 742 2290 quam
766 2234 992 2275 obruerent
1013 2250 1111 2276 cum
1135 2235 1242 2276 male
1265 2245 1396 2291 parta,
1420 2235 1527 2277 male

127 2299 140 2318 ‘
183 2303 284 2342 csta,
322 2292 428 2333 male
467 2301 631 2333 retenta
668 2291 852 2348 imperia.
918 2291 1036 2333 IIaec
1073 2301 1133 2333 est
1171 2293 1320 2334 eadem
1356 2293 1527 2342 fiunilia,

127 2309 360 2399 ‘Quirites
384 2349 503 2390 cuius
525 2349 564 2390 vi
587 2358 713 2405 atque
744 2349 905 2390 iniuriis
927 2350 1143 2405 compulsi,
1166 2359 1353 2391 extorres
1379 2350 1527 2406 patria,

128 2407 331 2450 ‘Sacrum
367 2416 553 2448 montem
587 2406 781 2462 cepistis:
816 2406 932 2455 haec,
963 2407 1159 2448 adversus
1188 2422 1314 2463 quam
1350 2407 1530 2448 tribuni-

127 2472 140 2490 ‘
155 2466 268 2508 cium
290 2465 495 2507 auxilium
517 2464 633 2504 vobis
655 2464 946 2520 comparastis:
972 2464 1088 2514 hacc,
1106 2474 1278 2521 propter
1299 2480 1426 2520 quam
1443 2463 1530 2506 duo

852 2587 910 2616 bun
924 2586 1017 2617 Rom.
1031 2586 1050 2617 i.
1094 2586 1280 2616 Videndum
1298 2597 1338 2616 un
1357 2586 1437 2616 hacc
1455 2597 1528 2617 con-

169 2597 190 2628 9
213 2589 353 2619 Aemilia
369 2588 452 2626 leae]
483 2586 559 2617 vid.
575 2596 660 2625 supr.
680 2585 718 2617 iv.
735 2595 782 2623 ²4.

851 2629 951 2658 cilinri
975 2629 1069 2659 sut-ile
1096 2630 1214 2668 possint
1233 2640 1305 2659 cum
1325 2629 1372 2666 iis,
1389 2639 1472 2668 qunc
1489 2629 1529 2659 de

177 2639 186 2660 1
214 2634 320 2667 Quum
338 2631 372 2660 (l.
392 2630 562 2666 Plautius]
597 2629 669 2658 lloc
688 2629 758 2657 loen
774 2632 805 2658 vt

128 2672 160 2703 in
185 2672 328 2702 orntionc
352 2671 532 2711 Sempronii
560 2681 633 2700 mox
658 2676 806 2700 secutum

128 2725 167 2745 en
187 2714 266 2744 dicit
291 2714 411 2749 Livius,
427 2724 465 2743 ex
483 2713 599 2752 (funibus
623 2713 728 2750 colligi
752 2714 805 2742 ‹lc-

130 2758 204 2787 bere
222 2757 366 2787 videntur
382 2758 419 2787 (ἵ.
441 2756 605 2786 Plautium
631 2766 693 2785 non
718 2755 805 2785 ululi—

129 2810 217 2830 σῶμα·
241 2810 275 2829 sc
295 2809 441 2833 censum,
458 2798 514 2827 nisi
536 2798 738 2828 circumactis
753 2799 805 2827 ‹le-

130 2852 199 2872 cem
213 2847 244 2872 et
261 2846 335 2872 octo
352 2841 524 2870 uuennibus.
568 2841 607 2870 Et
619 2841 748 2879 quidem
763 2841 806 2870 ni(-

129 2889 288 2916 memorat
319 2883 491 2915 Frontinus
522 2884 562 2913 (le
590 2883 805 2923 Aquncducti·

850 2671 994 2701 eiusdem
1025 2672 1143 2701 l'lnutii
1175 2671 1379 2702 alulit-atione
1409 2671 1528 2712 scriptu

851 2719 936 2748 nunt,
952 2724 1036 2753 supr.
1056 2724 1104 2753 τι).
1129 2716 1235 2744 (Ὶυιῑν.

906 2765 919 2786 2
952 2757 1105 2796 Quodque·
1141 2762 1333 2795 postremum
1367 2757 1526 2794 imsime]

856 2798 906 2828 lm
931 2798 960 2828 in
988 2799 1109 2836 legibus
1129 2807 1189 2829 ΧΗ.
1208 2799 1289 2829 Tuli.
1307 2800 1391 2840 quod
1407 2805 1528 2839 postre-

853 2852 935 2870 mum
970 2843 1112 2881 pupulus
1144 2843 1247 2877 iussit,
1277 2843 1311 2872 id
1340 2843 1390 2873 ius
1421 2846 1527 2872 ratum

852 2888 925 2915 cuo,
957 2885 996 2914 cf.
1015 2894 1100 2924 supr.
1120 2883 1170 2915 vii.
1194 2892 1238 2923 17.
