1934 3211
174 278 217 308 U.
236 277 272 307 C.
291 284 361 315 417.

170 321 210 350 A.
236 320 273 350 C.
292 328 363 358 335.

241 842 304 879 14.

173 1074 324 1104 Senatus-

173 1117 321 1146 consulta
335 1116 375 1146 (le

173 1158 307 1189 Latinis.

387 181 469 219 468
904 176 1053 218 TITI
1092 175 1271 218 LIVII

391 272 571 322 ‘augere
608 281 695 307 rem
733 266 982 314 Romanam,
1015 266 1145 306 victos
1176 266 1219 305 in
1253 264 1466 305 civitatem
1502 260 1780 318 accipiendo?

393 330 403 347 ‘
421 323 603 364 Materia
618 323 831 365 crescendi
852 338 928 378 per
943 337 1147 362 summam
1164 322 1338 377 gloriam
1355 320 1606 377 suppeditat.
1652 317 1780 359 Certe

392 387 403 404 ⁶
419 381 463 421 id
484 380 767 421 firmissimum
794 379 918 435 louge
947 379 1171 434 imperium
1199 387 1272 427 est,
1296 393 1380 434 quo
1408 376 1653 419 obedientes
1678 390 1782 431 gau-

391 444 402 462 ‘
419 438 531 479 dent.
597 437 681 479 Sed
712 445 916 478 maturato
947 451 1051 491 opus
1082 444 1156 485 est,
1184 435 1386 491 quicquid
1417 443 1598 475 statuere
1629 432 1779 489 placet.

391 495 505 536 ‘Tot
532 495 709 551 populos
740 495 850 534 inter
880 509 995 548 spem
1027 502 1271 548 metumque
1304 507 1525 547 suspensos
1555 489 1684 531 animi
1708 489 1782 530 ha-

392 552 551 593 ‘betisz
586 562 628 592 et
648 559 826 592 vestram
855 550 995 604 itaque
1025 549 1077 590 de
1106 550 1155 589 iis
1186 564 1328 589 curam
1350 564 1476 603 quam
1502 548 1685 604 primum
1710 547 1782 587 ab·

394 609 534 658 ‘solvi,
562 617 604 649 et
633 608 799 648 illorum
830 607 1002 654 animos,
1025 605 1127 646 dum
1158 606 1470 661 exspectatione
1502 612 1685 660 stupent,
1708 619 1784 645 seu

394 672 406 690 ‘
420 681 569 722 poena,
591 681 667 705 seu
686 664 904 712 beneficio,
926 662 1223 718 praeoccupari
1245 670 1421 717 oportet.
1479 662 1682 702 Nostrum
1702 660 1783 701 fuit

393 729 405 747 ‘
421 723 597 771 efficere,
620 730 667 761 ut
688 721 877 761 omnium
898 734 1038 760 rerum
1059 720 1175 760 vobis
1202 719 1256 759 ad
1276 718 1579 760 consulendum
1601 726 1783 773 potestas

394 786 406 805 ‘
422 789 553 820 esset:
587 786 770 819 vestrum
792 786 854 817 est
874 777 1113 825 decernere,
1137 776 1252 832 quod
1273 776 1480 832 optimum
1501 775 1617 816 vobis
1637 774 1783 830 reique

394 835 611 892 ‘publicae
649 835 726 875 sit.’
786 834 1004 889 Principes
1039 842 1207 874 senatus
1242 833 1488 874 relationem
1518 831 1699 874 consulis
1729 831 1783 872 de

393 908 555 934 summa
574 907 714 933 rerum
735 891 903 932 laudare
921 906 931 939 3
967 891 1052 940 sed,
1071 906 1202 946 quum
1224 890 1399 932 aliorum
1420 905 1543 931 causa
1563 889 1643 930 alia
1662 897 1783 938 esset,

392 951 451 991 ita
471 949 661 1006 expediri
682 964 801 1005 posse
824 947 1057 998 consilium,
1075 949 1229 998 dicere,
1248 956 1294 989 ut
1314 963 1389 1004 pro
1410 949 1559 989 merito
1580 947 1783 1002 cuiusque
1801 962 1813 983 1

393 1016 656 1056 statueretur,
694 1007 728 1047 si
768 1006 820 1046 de
862 1005 1035 1061 singulis
1075 1006 1324 1047 nominatim
1364 1005 1567 1046 referrent
1605 1003 1782 1060 populis.
1798 1018 1816 1039 2

393 1064 593 1106 Relatum
614 1064 742 1119 igitur
763 1063 815 1104 de
838 1062 1012 1119 singulis
1033 1063 1346 1119 decretumque.
1395 1062 1626 1104 Lanuvinis
1642 1061 1816 1104 civitasss

392 1122 490 1163 data
509 1136 706 1177 sacraque
729 1136 803 1162 sua
823 1121 988 1162 reddita
1008 1136 1104 1161 cum
1125 1136 1188 1170 eo,
1207 1129 1254 1161 ut
1274 1121 1398 1162 aedes
1419 1120 1622 1176 lucusque
1647 1118 1787 1175 Sospi-

394 1188 459 1221 tae
481 1179 657 1220 Iunonis
681 1178 915 1219 communis
938 1177 1171 1219 Lanuvinis
1199 1178 1480 1234 municipibus
1505 1192 1601 1218 cum
1628 1175 1786 1233 populo

394 1237 588 1278 Romano
619 1244 738 1277 esset.
801 1235 967 1276 Aricini
996 1235 1342 1290 Nomentanique
1375 1243 1417 1276 et
1441 1234 1605 1275 Pedani
1635 1233 1787 1275 eodem

391 1294 496 1343 iure,
516 1309 601 1349 quo
623 1293 848 1342 Lanuvini,
878 1293 922 1333 in
950 1292 1161 1333 civitatem
1189 1292 1361 1347 accepti.
1425 1290 1675 1332 Tusculanis
1701 1303 1818 1332 ser-4

391 1360 487 1392 vata
532 1351 688 1399 civitas,
730 1365 856 1404 quam
897 1350 1134 1397 habebant;
1186 1350 1430 1404 crimenque
1476 1348 1714 1389 rebellionis
1763 1363 1788 1389 a

391 1408 560 1463 publica
587 1407 732 1447 fraude
762 1407 805 1446 in
829 1421 984 1461 paucos
1005 1415 1194 1446 auctores
1217 1421 1394 1447 versum.
1457 1405 1509 1446 In
1530 1405 1785 1454 Veliternos,

391 1473 552 1505 veteres
585 1464 695 1504 cives
730 1463 957 1512 Romanos,
988 1463 1102 1518 quod
1135 1463 1257 1504 toties
1292 1463 1573 1512 rebellassent,
1607 1462 1787 1519 graviter

392 1521 594 1561 saevitum
609 1537 618 1560 ε
643 1530 686 1561 et
702 1521 810 1561 muri
827 1520 993 1569 deiecti,
1009 1529 1050 1560 et
1066 1529 1233 1561 senatus
1250 1520 1349 1561 inde
1367 1520 1584 1570 abductus,
1601 1520 1786 1575 iussique

392 1587 505 1618 trans
537 1577 727 1617 Tiberim
759 1577 972 1617 habitare:
1007 1585 1055 1617 ut
1085 1577 1187 1626 eius,
1218 1578 1291 1633 qui
1322 1578 1380 1618 cis
1414 1577 1604 1619 Tiberim
1636 1577 1786 1633 depre-

391 1634 547 1674 hensus
578 1642 698 1682 esset,
729 1648 860 1688 usque
892 1633 946 1673 ad
976 1633 1088 1674 mille
1121 1635 1262 1690 pondo
1296 1635 1510 1690 clarigatio
1541 1643 1674 1684 esset3
1707 1646 1816 1678 ne05

391 1691 519 1746 prius,
543 1705 669 1746 quam
700 1705 793 1731 aere
825 1690 1049 1745 persoluto,
1076 1691 1123 1739 is,
1150 1691 1223 1745 qui
1253 1692 1444 1747 cepisset,
1471 1700 1590 1732 extra
1619 1691 1787 1732 vincula

392 1756 561 1803 captum
582 1747 766 1788 haberet.
815 1746 866 1787 In
888 1761 1033 1802 agrum
1055 1756 1293 1788 senatorum
1314 1748 1453 1788 coloni
1474 1749 1609 1789 missi:
1634 1748 1788 1804 quibus

392 1804 593 1860 ascriptis,
612 1804 794 1860 speciem
816 1804 1013 1859 antiquae
1035 1803 1295 1860 frequentiae
1312 1804 1500 1846 Velitrae
1521 1814 1782 1861 receperunt.
1797 1811 1817 1843 6

441 1944 452 1964 1
481 1936 550 1965 Pro
579 1937 689 1966 merito
719 1936 889 1975 cuiusque]
939 1934 1063 1965 Latinis

390 1977 514 2007 cunctis
540 1977 648 2007 datam
673 1977 837 2007 civitatem
862 1976 970 2007 scribit
998 1977 1063 2007 Dio

392 2018 425 2048 in
445 2019 526 2049 Exc.
544 2019 620 2049 vat.
640 2029 688 2057 3¹·

436 2071 452 2091 ‘2
469 2063 520 2091 De
530 2062 683 2099 sbzyulis]
700 2061 843 2092 Consilio
855 2071 1008 2100 perquam
1020 2071 1066 2091 sa-

392 2102 475 2132 lubri
488 2102 608 2142 oppida
622 2103 739 2133 Latina
751 2103 815 2133 alia
830 2103 900 2133 aliis
917 2103 1066 2143 praemiis

393 2145 536 2176 Romani
560 2145 748 2183 affecerunt,
764 2156 801 2176 eo
824 2150 860 2175 ut
883 2150 997 2176 mutua
1019 2146 1064 2176 in-

391 2191 441 2217 ter
455 2191 488 2217 se
506 2187 626 2218 invidia
641 2188 740 2217 animi
753 2187 939 2218 Latinorum
954 2188 1064 2218 distra-

391 2229 556 2265 herentur,
571 2240 675 2269 neque
693 2230 869 2268 quidquam
893 2230 967 2260 satis
982 2231 1066 2261 inter

391 2281 425 2301 se
442 2272 542 2301 fidum
561 2273 602 2302 ad
618 2273 840 2302 rebellandum
860 2272 1025 2303 haberent.

438 2323 455 2352 3
478 2315 677 2351 Lanuvinis]
705 2315 887 2351 Lavininis,
903 2314 956 2343 hic
980 2318 1011 2344 et
1033 2314 1066 2345 in

394 2365 463 2394 cap.
481 2366 585 2395 praec.
603 2356 737 2386 Niebhr.
755 2357 975 2395 reponendum
998 2367 1066 2386 sua-

393 2397 460 2433 det,
475 2402 606 2428 auctore
622 2398 718 2428 Festo
732 2399 1001 2437 vsslunicipz'nm,
1012 2398 1066 2437 qui

391 2441 542 2470 Aricinos
568 2440 651 2470 inter
677 2450 730 2470 eos
753 2444 909 2476 recenset,
930 2450 1066 2478 quorum

394 2481 506 2512 civitas
529 2482 677 2512 universa
699 2482 733 2512 in
757 2482 921 2512 civitatem
945 2482 1065 2512 Roma—

390 2533 466 2553 nam
482 2524 630 2561 venisset,
644 2525 833 2554 Lanuvinos
853 2527 961 2553 autem
981 2524 1064 2554 inter

390 2575 455 2603 eos,
481 2566 534 2605 qui
564 2566 737 2605 participes
762 2566 892 2596 fuerunt
919 2566 1063 2596 omnium

389 2617 495 2638 rerum
511 2609 553 2638 ad
568 2618 684 2638 munus
699 2608 898 2647 fungendum
911 2619 975 2638 una
989 2618 1063 2638 cum

391 2650 514 2680 civibus
530 2650 696 2681 Romanis.
743 2650 902 2680 Lanuvini
919 2654 991 2689 post
1006 2650 1063 2680 ali-

391 2694 469 2730 quot
489 2702 590 2722 annos
610 2693 693 2723 cives
712 2692 855 2722 Romani
878 2692 955 2722 facti
978 2696 1063 2729 sunt,

390 2734 471 2763 etin
489 2734 650 2765 Maeciam
673 2735 791 2764 tribum
815 2734 955 2774 ascripti.
1001 2736 1062 2764 La-

389 2777 510 2806 rinim's
526 2787 565 2806 ex
583 2777 670 2807 Fast.
687 2776 856 2816 Triumph.
873 2776 1000 2816 reponit
1016 2777 1062 2807 Si-

388 2817 512 2853 gonius,
524 2819 578 2849 sed
595 2818 766 2855 immerito,
776 2823 812 2849 ut
825 2819 949 2849 videtur
961 2819 1061 2849 Drak.

390 2857 511 2888 Civitas
535 2860 620 2889 haud
644 2860 740 2890 dubie
764 2861 795 2891 in
820 2861 880 2890 hoc
900 2862 970 2891 loco
989 2871 1060 2891 eam

388 2899 466 2928 iuris
481 2900 665 2931 societatem
683 2903 827 2939 denotat,
843 2913 924 2941 quae
937 2903 1061 2933 Graece

1108 1934 1313 1972 συμπολιτεία
1328 1934 1452 1965 dicitur.

1151 1990 1170 2015 4
1197 1979 1405 2015 Tusculanis]
1432 1976 1672 2016 Civitas,qua1n
1688 1976 1783 2007 habe-

1111 2021 1188 2049 bant
1213 2019 1401 2056 Tusculani,
1426 2019 1586 2058 optimum
1609 2019 1658 2049 ius
1680 2019 1784 2049 muni-

1112 2062 1186 2100 cipii
1218 2062 1325 2099 dabat,
1353 2062 1474 2101 quippe
1504 2061 1680 2092 Tusculani
1711 2072 1785 2092 cum

1109 2104 1147 2133 iis
1163 2108 1344 2141 censentur,
1356 2105 1411 2144 qui
1428 2114 1528 2144 aeque
1542 2105 1625 2135 cives
1636 2105 1786 2142 Romani,

1109 2151 1139 2177 et
1155 2148 1190 2176 in
1205 2148 1326 2186 legione
1341 2147 1513 2177 merebant.
1546 2146 1662 2177 Festus
1673 2148 1785 2177 v.Mw—

1108 2191 1226 2228 niceps.
1270 2189 1311 2219 Id
1327 2199 1427 2228 genus
1442 2188 1602 2219 societatis
1621 2188 1674 2218 hic
1691 2187 1784 2219 intel-

1110 2231 1228 2270 ligitur,
1239 2241 1321 2270 quae
1336 2231 1425 2270 apud
1436 2231 1578 2262 Graecos
1592 2229 1785 2261 ἰσοπολιτεία

1112 2273 1237 2303 dicitur.

1156 2324 1172 2354 5
1198 2316 1389 2355 Clari-cyano]
1427 2316 1602 2355 Clariyatio
1625 2315 1686 2345 hoc
1713 2316 1785 2346 loco

1111 2362 1159 2387 est
1185 2357 1234 2388 ius
1257 2358 1396 2388 hominis
1420 2357 1651 2397 prehendendi,
1676 2358 1722 2388 ita
1747 2361 1785 2388 ut

1112 2410 1226 2438 corpus
1247 2399 1315 2430 eius
1331 2400 1421 2439 quasi
1444 2399 1567 2439 pignori
1590 2403 1784 2439 opponatur,

1110 2442 1187 2471 dum
1215 2445 1334 2472 certam
1361 2442 1519 2482 pecuniae
1543 2451 1703 2472 summam
1729 2452 1782 2472 ex-

1109 2484 1248 2514 solverit.
1294 2484 1370 2515 Vid.
1390 2485 1484 2523 plura
1502 2485 1543 2514 de
1564 2484 1626 2514 hac
1649 2494 1727 2515 voce
1748 2484 1783 2515 in

1109 2525 1230 2555 Lexico
1246 2526 1366 2556 Matth.
1384 2526 1539 2556 Martinii.
1586 2526 1783 2557 Decreverat

1108 2566 1202 2606 igitur
1225 2572 1364 2605 senatus,
1383 2572 1418 2597 ut
1439 2568 1646 2598 Veliternum
1667 2568 1782 2605 civem,

1108 2609 1162 2647 qui
1181 2609 1226 2639 cis
1243 2609 1385 2640 Tiberim
1408 2614 1553 2648 repertus
1575 2614 1668 2648 esset,
1691 2610 1781 2641 cuili-

1107 2651 1161 2681 bet
1188 2652 1299 2681 liceret
1326 2652 1534 2690 prehendere,
1557 2655 1589 2682 et
1614 2652 1648 2682 in
1673 2653 1780 2683 vincu-

1108 2693 1147 2723 lis
1163 2693 1319 2730 retinere;
1341 2695 1444 2724 donec
1467 2694 1557 2724 mille
1579 2695 1700 2733 pondo,
1714 2695 1781 2725 sive

1108 2735 1198 2765 mille
1221 2736 1317 2766 libras
1333 2737 1498 2766 Romanas
1517 2736 1610 2773 aeris,
1625 2737 1715 2767 mille
1733 2747 1780 2767 as—

1107 2787 1156 2807 ses
1170 2778 1324 2809 solvisset.
1349 2778 1454 2809 CREv.

1153 2818 1173 2849 6
1198 2821 1351 2858 Velitrae]
1383 2820 1498 2852 Coloni
1525 2831 1597 2851 vero
1619 2819 1778 2851 Velitrani

1106 2865 1217 2900 postea
1247 2862 1278 2892 in
1307 2862 1471 2901 Scaptiam
1501 2863 1620 2893 tribum
1649 2861 1777 2900 ascripti

1104 2909 1204 2934 eraut.
