1934 3211
574 169 700 210 LIB.
734 168 813 209 III.
857 168 1002 209 CAP.
1036 173 1102 210 50.
1457 172 1535 211 199

145 258 465 315 providendum,
488 273 540 299 ne
563 257 667 311 quid
688 256 870 313 Virginii
891 256 1095 298 adventus
1124 257 1167 297 in
1188 258 1375 298 exercitu
1396 268 1533 298 motus
1549 267 1590 297 L'.
1609 265 1646 296 C.
1665 271 1736 304 305.

144 316 308 357 faceret.
372 315 521 371 Itaque
544 315 656 356 missi
678 314 861 355 iuniores
882 313 1057 355 Patrum
1078 314 1121 354 in
1145 323 1290 362 castra,
1313 329 1420 369 quae
1443 323 1533 355 tum
1548 310 1585 339 ⁸¹·-
1609 309 1647 361 Ε’-
1665 315 1737 345 447·

116 373 189 413 7in
209 381 352 413 monte
375 372 540 413 Vecilio
561 381 694 421 erant,
717 371 914 412 nuntiant
935 371 1194 419 decemviris,
1226 376 1237 393 ‘
1251 379 1298 411 ut
1318 371 1433 412 omni
1455 386 1532 426 ope
1550 408 1584 437 &1
1616 353 1683 422 '³91

146 429 226 470 ‘ab
246 429 453 470 seditione
475 429 629 470 milites
650 429 921 469 contineant)
968 428 1055 469 Ubi
1078 427 1297 484 Virginius
1319 427 1532 476 maiorem,
1548 412 1708 479 gag't‘ssffjfn

145 501 273 542 quam
302 485 529 542 reliquerat
562 486 605 526 in
639 486 754 535 urbe,
778 494 940 526 motum
970 485 1137 526 excivit.
1201 484 1327 533 Nam,
1350 493 1534 540 praeter—

145 558 271 599 quam
313 543 429 599 quod
479 543 645 598 agmine
695 557 824 598 prope
866 542 1271 598 quadringentorum
1315 541 1535 582 hominum

145 600 331 649 veniens,
354 600 428 656 qui
456 600 508 641 ab
538 601 639 641 urbe
670 599 920 656 indignitate
950 599 1010 640 rei
1040 599 1204 640 accensi
1233 599 1409 639 comites
1430 598 1468 639 ei
1490 613 1533 639 se

145 657 363 707 dederant,
392 666 643 713 conspectus
680 666 764 704 θεῖς
811 657 1000 698 strictum
1038 656 1164 697 etiam
1202 655 1346 704 telum,
1376 670 1536 711 resper-

147 729 300 770 susque
333 714 420 770 ipse
451 730 609 763 cruore,
634 723 720 755 tota
750 714 792 754 in
824 729 868 754 se
898 723 1031 754 castra
1061 713 1292 754 convertit:
1327 721 1369 753 et
1400 722 1535 768 togae,

121 786 127 789 ·
148 771 417 812 multifariam
451 772 492 812 in
524 772 667 812 castris
689 771 812 819 visae,
837 771 1003 812 maioris
1034 770 1262 826 aliquanto,
1286 785 1413 824 quam
1434 778 1535 818 erat,

147 829 329 884 speciem
376 830 559 870 urbanae
607 828 889 869 multitudinis
933 828 1129 868 fecerant.
1211 825 1535 876 Quaerentibus,

149 885 281 941 ‘quid
306 886 366 926 rei
400 886 533 935 esset,’
561 886 666 926 flens
699 885 774 925 diu
805 900 950 926 vocem
985 899 1070 925 non
1105 884 1241 925 misit:
1277 883 1460 933 tandem,
1491 893 1538 924 ut

148 942 232 984 iam
260 958 313 984 ex
339 943 630 999 trepidatione,
657 942 997 983 concurrentium
1027 942 1148 982 turba
1174 941 1374 990 constitit,
1405 956 1451 982 ac
1484 941 1538 981 si-

147 999 327 1041 lentium
366 1000 458 1049 fuit,
501 1000 646 1041 ordine
698 1008 862 1047 cuncta,
905 1008 952 1039 ut
990 1007 1108 1054 gesta
1156 1008 1287 1047 erant,
1329 998 1534 1053 exposuit.

151 1056 332 1112 Supinas
367 1056 521 1098 deinde
559 1056 737 1098 tendens
773 1071 933 1105 manus,
968 1055 1274 1096 commilitones
1309 1055 1535 1111 appellans,

148 1114 305 1163 orabat,
355 1113 467 1163 ‘Ne,
502 1113 618 1169 quod
657 1113 792 1154 scelus
825 1114 908 1168 Ap.
936 1112 1105 1153 Claudii
1146 1122 1266 1161 esset,
1304 1112 1381 1152 sibi
1422 1112 1538 1153 attri-

151 1171 380 1212 ‘buerentz
428 1186 512 1212 neu
548 1186 604 1219 sc,
643 1180 688 1211 ut
724 1169 972 1226 parricidam
1008 1169 1199 1218 liberum,
1236 1179 1535 1210 aversarentur.

151 1232 163 1251 ‘
180 1227 269 1270 Sibi
287 1228 414 1269 vitam
436 1228 544 1268 filiae
562 1243 659 1268 suae
678 1227 879 1268 cariorem
901 1227 1040 1275 fuisse,
1058 1227 1092 1266 si
1113 1226 1267 1267 liberae
1289 1241 1336 1267 ac
1358 1226 1536 1282 pudicae

151 1290 163 1308 ‘
179 1285 317 1326 vivere
344 1285 505 1326 licitum
526 1284 682 1325 fuisset.
748 1285 908 1333 Quum,
930 1283 1045 1324 velut
1072 1298 1245 1332 servam,
1267 1283 1320 1324 ad
1348 1293 1538 1338 stuprum

151 1347 163 1365 ‘
180 1342 265 1397 rapi
285 1341 458 1391 videret,
477 1351 609 1383 morte
634 1341 767 1382 amitti
790 1340 939 1382 melius
960 1349 1108 1389 ratum,
1127 1355 1253 1395 quarn
1270 1340 1538 1389 contumelia,

152 1398 344 1447 ‘liberos‚
381 1398 665 1440 misericordia
697 1413 739 1438 sc
774 1398 817 1438 in
851 1397 1034 1453 speciem
1067 1396 1324 1437 crudelitatis
1362 1396 1536 1452 lapsum.

153 1461 163 1479 ‘
182 1455 276 1497 Nec
307 1471 349 1497 sc
375 1455 638 1511 superstitem
666 1454 774 1495 filiae
803 1454 990 1495 futurum
1015 1453 1154 1502 fuisse,
1177 1453 1256 1494 nisi
1277 1467 1395 1509 spem
1417 1453 1540 1494 ulcis-

153 1518 164 1536 ‘
180 1513 338 1555 cendac
354 1513 497 1553 mortis
510 1512 600 1553 eius
614 1512 658 1551 in
671 1511 827 1552 auxilio
841 1510 1177 1552 commilitonum
1191 1510 1415 1551 habuisset.
1453 1510 1540 1551 Illis

153 1576 164 1593 ‘
212 1585 350 1626 uoque
382 1570 494 1610 enim
524 1568 642 1617 filias,
664 1583 836 1617 sorores,
867 1567 1152 1623 coniugesque
1184 1582 1298 1608 esse:
1333 1583 1411 1608 nec
1443 1583 1538 1608 cum

153 1633 163 1650 ‘
181 1586 266 1668 Elia
285 1642 359 1668 sua
380 1626 598 1667 libidinem
623 1626 704 1681 Ap.
725 1624 895 1666 Claudii
924 1624 1172 1665 exstinctam
1198 1639 1314 1672 esse;
1347 1625 1433 1674 sed,
1457 1640 1541 1680 quo

153 1684 428 1740 ‘impunitior
455 1683 519 1732 sit,
543 1698 594 1724 eo
622 1682 930 1724 effrenatiorem
959 1682 1058 1722 fore.
1123 1681 1280 1722 Aliena
1307 1681 1541 1722 calamitate

153 1746 164 1764 ‘
179 1741 482 1783 documentum
504 1740 649 1781 datum
671 1739 750 1779 illis
771 1738 981 1780 cavendae
1003 1738 1149 1779 similis
1170 1738 1358 1779 iniuriae.
1415 1738 1543 1786 Quod

154 1798 234 1840 ‘ad
266 1813 309 1839 se
342 1798 530 1847 attineat,
566 1811 740 1838 uxorem
773 1796 851 1837 sibi
888 1796 972 1836 fato
1009 1805 1222 1851 ereptam:
1268 1795 1410 1844 filiam,
1444 1796 1545 1851 quia

154 1861 166 1879 ‘
182 1871 268 1897 non
300 1855 409 1896 ultra
438 1855 592 1911 pudica
620 1854 781 1894 victura
811 1853 949 1901 fucrit,
973 1853 1178 1901 miseram,
1204 1853 1278 1894 sed
1310 1853 1541 1901 honestam,

154 1918 165 1936 ‘
182 1922 359 1954 mortem
390 1912 644 1953 occubuisse.
710 1910 811 1951 Non
840 1925 927 1951 csse
957 1910 1039 1950 iam
1058 1909 1189 1965 Appii
1218 1909 1383 1950 libidini
1404 1910 1542 1951 locum

154 1969 225 2010 ‘in
247 1969 373 2010 domo
394 1984 490 2010 sna:
515 1969 566 2009 ab
588 1968 668 2008 alia
689 1967 888 2008 violentia
909 1967 1001 2007 eius
1021 1967 1170 2007 eodem
1193 1982 1235 2008 sc
1258 1967 1398 2008 animo
1420 1982 1542 2008 suum

155 2032 167 2050 ‘
182 2040 333 2082 corpus
356 2025 678 2072 vindicaturum,
703 2040 787 2078 quo
809 2023 1083 2064 vindicaverit
1104 2023 1225 2063 filiae.
1291 2023 1435 2064 Ceteri
1464 2023 1541 2064 sibi

155 2089 229 2124 ‘ac
267 2082 406 2123 liberis
446 2082 531 2121 suis
563 2080 855 2122 consulerent)
919 2079 1037 2119 Ilaec
1072 2078 1266 2133 Virginio
1300 2079 1543 2119 vociferanti

153 2139 429 2180 succlamabat
454 2137 692 2185 multitudo,
718 2142 728 2160 ‘
746 2136 838 2177 Nec
857 2135 966 2175 illius
981 2134 1128 2183 dolori,
1148 2150 1224 2175 nec
1246 2150 1343 2175 suae
1362 2135 1544 2176 libertati

156 2204 225 2237 ‘se
257 2195 499 2236 defuturos)
561 2193 613 2234 Et
648 2193 828 2233 immixti
862 2192 1005 2232 turbae
1035 2191 1214 2231 militum
1246 2192 1388 2245 togati,
1412 2207 1544 2246 quum

155 2252 303 2294 eadem
349 2251 419 2292 illa
461 2250 692 2306 querendo,
735 2249 1026 2303 docendoque,
1069 2256 1228 2302 quanto
1278 2248 1376 2295 visa,
1419 2263 1545 2303 quam

122 2310 310 2358 saudim,
334 2308 571 2362 indigniora
603 2306 817 2363 potuerint
847 2305 992 2354 videri,
1020 2304 1144 2345 simul
1175 2305 1434 2359 profligatam
1464 2306 1545 2345 iam

122 2381 241 2416 9rem
283 2364 518 2407 nuntiando
559 2364 719 2404 Romae
761 2377 877 2410 essm
926 2361 1202 2415 insecutique,
1246 2361 1317 2415 qui
1358 2361 1547 2416 Appium

200 2487 216 2517 7
241 2479 354 2508 Alonle
392 2477 524 2514 Vecilio]
567 2475 675 2505 Hodie
716 2476 829 2504 Monte
872 2474 1027 2512 perficere
1059 2483 1133 2502 rem.
1174 2472 1213 2501 cf.
1239 2470 1307 2501 Cic.
1337 2470 1433 2500 Τιιιευ.
1465 2481 1490 2501 v.
1518 2470 1548 2502 6.

158 2521 280 2554 Fuioln,
304 2530 323 2549 n
348 2522 437 2558 purte
463 2517 607 2547 citeriore
632 2516 752 2547 Montis
775 2516 827 2545 ΑΙ·
872 2516 1045 2554 prqtlo'ynln
1075 2525 1113 2542 m·
1142 2523 1242 2552 μικίιι·
1272 2513 1314 2541 ml
1343 2513 1464 2542 avitum
1498 2514 1547 2544 dc-

157 2561 241 2591 imni,
261 2561 394 2591 Niebhr.
409 2560 439 2590 ii.
455 2566 518 2589 nni.
536 2559 604 2597 767.
642 2557 827 2588 '‘lxcreitum
874 2558 969 2586 ductu
987 2556 1137 2595 quuuwlio.
1167 2555 1278 2584 Dant.

157 2603 245 2642 npud
272 2602 424 2639 Algidum
448 2602 478 2632 in
503 2601 613 2631 cunti-in
635 2600 731 2630 sume
753 2599 830 2629 dicit
920 2608 939 2638 9
963 2598 1184 2636 lnam-utique!
1211 2597 1263 2626 Sic
1286 2596 1455 2633 legendum
1479 2608 1548 2628 ceu-

159 2645 228 2676 (ῥὶς.
245 2645 285 2674 de
306 2644 386 2683 lte-p.
405 2643 435 2674 ii.
455 2653 502 2682 27.
879 2645 926 2669 net
952 2639 1145 2673 Gronovius,
1177 2638 1338 2676 quoinmlo
1365 2644 1397 2668 et
1429 2638 1458 2668 in
1488 2649 1551 2669 uno

202 2689 221 2715 8
247 2687 473 2724 l'rqsle’ffluuml
500 2686 681 2722 I'raefiifflirc
703 2694 764 2714 nnn
785 2688 829 2713 eut
880 2683 974 2712 MSS.
996 2680 1103 2711 haberi
1127 2685 1270 2710 testatur.
1319 2680 1394 2710 Duo
1420 2680 1471 2711 hic
1496 2681 1549 2711 ho-

159 2729 328 2762 conflccrc,
352 2727 405 2756 ιιι-(Ι
439 2737 502 2756 rem
531 2732 679 2764 coeptum
709 2736 830 2764 promo-
879 2723 1002 2753 minum
1045 2732 1160 2760 geriem
1200 2722 1460 2760 distinguuntur:
1505 2724 1550 2754 ul-

162 2781 245 2805 verc,
269 2770 300 2800 in
325 2781 363 2799 eu
389 2769 526 2798 multum
556 2769 721 2806 prolicere,
748 2767 832 2805 quod
880 2772 995 2799 terum.
1023 2764 1075 2802 qui
1109 2774 1180 2794 cum
1214 2764 1359 2803 Virgini«)
1389 2770 1553 2801 venerunt,

119 2830 123 2834 -
162 2818 250 2853 putet
266 2822 304 2842 ex
322 2808 833 2847 eli-nuntiguidutioncnp.scrip<
881 2818 938 2837 nec
978 2806 1065 2836 uliud
1107 2805 1258 2837 nunciare
1297 2812 1456 2846 poterant,
1494 2808 1552 2838 nini

160 2861 244 2886 tores
276 2853 382 2887 obvia,
416 2854 619 2885 committere.
648 2852 833 2890 ytrcfie'yurc.
880 2849 1006 2879 Romae
1030 2848 1137 2878 omnin
1159 2850 1324 2879 turbarum
1350 2849 1457 2889 plenu,
1473 2860 1551 2881 rem-

159 2898 311 2936 conficcrc
329 2897 460 2928 bellurn,-
481 2895 638 2932 ern-pines
649 2894 834 2932 pastinare.
879 2902 941 2929 quc
961 2900 1074 2929 mugnis
1096 2900 1134 2920 cx
1161 2897 1250 2930 pano
1266 2892 1445 2923 confectum
1463 2904 1531 2923 esse
1547 2904 1551 2922 :
