1934 3211
361 181 444 220 372
871 176 1020 219 TITI
1062 176 1242 218 LIVII

145 271 188 302 U·
206 266 244 300 C
264 280 334 312 371-
364 267 489 308 nullis
517 267 831 308 occurrentibus
860 276 1000 308 tantae
1030 267 1158 308 cladis
1179 267 1325 316 causis,
1349 282 1402 308 cx
1425 266 1645 307 Manliano
1666 279 1765 321 sup-

143 316 182 346 A.
207 315 244 343 ⁹·
265 318 335 353 3⁸¹·
363 324 491 381 plicio
519 339 694 380 magnae
726 324 834 380 parti
864 324 997 365 videri
1022 333 1132 365 orta:
1168 324 1370 365 violatum
1394 323 1653 380 Capitolium
1675 337 1765 364 esse

365 382 579 438 sanguin&
590 382 827 423 servatoris:
856 396 935 422 nec
957 381 1036 422 diis
1056 381 1173 422 cordi
1194 381 1319 422 fuisse
1340 396 1520 438 poenam
1542 381 1631 421 eius
1652 379 1766 421 obla-

366 448 451 480 tam
472 455 602 496 prope
625 439 755 480 oculis
783 439 880 489 suis,
903 454 927 479 a
948 454 1032 494 quo
1057 454 1132 479 sua
1161 439 1318 495 templa
1345 448 1488 495 erepta
1519 454 1541 479 e
1573 437 1766 479 manibus

365 497 549 538 hostium
571 506 719 538 essent.

217 561 283 605 21.
425 554 717 595 Pestilentiam
749 553 891 608 inopia
917 552 1098 607 frugum,
1122 560 1164 593 et
1185 552 1396 608 vulgatam
1417 553 1634 609 utriusque
1666 550 1767 592 mali

149 615 192 646 U·
211 616 247 662 C·
267 624 339 655 37²-
366 612 519 653 famam
551 626 661 652 anno
692 611 942 664 insequente
974 609 1198 664 multiplex
1229 610 1387 649 bellum
1410 610 1590 665 excepit,
1613 609 1662 650 L.
1679 608 1767 649 Va-

149 659 187 730 ἒ·
207 660 339 731 {3133}
366 669 469 710 lerio
492 677 699 724 quartum,
726 667 777 707 A.
798 665 962 706 Manlio
986 666 1167 714 tertium,
1194 665 1279 706 Ser.
1303 665 1490 721 Sulpicio
1511 667 1695 715 tertium,
1713 665 1764 706 L.

151 711 354 775 lvevttceiror
369 726 582 774 Lucretio,
610 725 659 765 L.
686 723 872 764 Aelnilio
901 723 1084 771 tertium,
1114 722 1175 763 M.
1201 722 1429 772 Trebonio,
1451 723 1629 764 tribunis
1657 722 1768 763 mili-

152 785 227 817 ΜΠ.
369 792 459 824 tum
501 781 707 822 consulari
747 788 964 836 potestate.
1029 779 1184 821 Hostes
1224 780 1335 829 novi,
1377 788 1543 836 praeter
1578 779 1766 829 Volscos,

368 839 484 880 velut
504 849 613 879 sorte
636 838 818 894 quadam
839 852 968 893 prope
1000 837 1044 877 in
1073 848 1291 878 aeternum
1313 837 1550 878 exercendo
1571 837 1768 878 Romano

152 908 239 939 Novi
250 909 358 938 hostes
370 896 493 937 militi
519 896 649 945 datos,
676 894 949 950 Circeiosque
975 903 1018 935 ct
1039 894 1222 935 Velitras
1250 894 1433 936 colonias
1463 895 1547 935 iam
1574 894 1650 935 diu
1679 909 1769 935 mo-

153 951 324 982 Lanuvini.
369 954 520 995 lientes
541 953 836 1001 defectionem,
860 961 901 993 et
923 961 1163 1007 suspectum
1185 951 1369 1001 Latium,
1393 951 1606 993 Lanuvini
1627 952 1768 1001 etiam,

371 1027 478 1067 quae
507 1011 749 1051 fidelissima
779 1010 878 1050 urbs
908 1009 1055 1058 fuerat,
1079 1009 1216 1050 subito
1238 1010 1386 1050 exorti.
1448 1009 1501 1050 Id
1522 1009 1668 1050 Patres
1692 1008 1772 1050 rati

371 1076 620 1125 contemptu
651 1067 852 1116 accidere,
876 1066 992 1122 quod
1016 1066 1249 1108 Veliternis
1280 1067 1439 1108 civibus
1469 1067 1553 1108 suis
1584 1075 1669 1108 tam
1697 1066 1772 1107 diu

370 1126 580 1182 impunita
600 1125 780 1166 defectio
802 1134 922 1174 esset,
940 1124 1230 1173 decreverunt,
1248 1133 1295 1165 ut
1315 1125 1452 1180 primo
1473 1139 1643 1180 quoque
1665 1132 1772 1165 tem-

154 1192 287 1239 Nepete
304 1202 354 1223 co-
371 1199 471 1240 pore
494 1183 547 1224 ad
568 1183 774 1239 populum
794 1182 971 1223 ferretur
991 1181 1044 1222 de
1065 1181 1177 1223 bello
1203 1182 1252 1222 iis
1283 1181 1510 1223 indicendo
1527 1198 1536 1222 :
1569 1181 1623 1222 ad
1644 1196 1772 1237 quam

152 1236 249 1265 ¹⁰¹¹ffl·
372 1241 564 1282 militiam
587 1256 671 1295 quo
691 1240 874 1296 paratior
903 1239 1048 1295 plebes
1079 1248 1199 1290 esset,
1223 1239 1524 1295 quinqueviros
1542 1239 1804 1295 Pomptino9

372 1314 471 1355 agro
493 1297 737 1346 dividendo,
760 1306 803 1338 et
824 1297 1061 1338 triumviros
1084 1296 1254 1353 Nepete
1284 1297 1470 1338 coloniae
1497 1295 1772 1337 deducendae

372 1364 629 1396 creaverunt.
693 1355 820 1404 Tum,
843 1363 891 1395 ut
910 1354 1069 1395 bellum
1094 1355 1300 1403 iuberent,
1323 1354 1456 1395 latum
1484 1354 1538 1395 ad
1567 1353 1773 1410 populum

373 1421 459 1453 est:
494 1422 548 1461 et,
571 1412 856 1468 nequicquam
885 1412 1224 1453 dissuadentibus
1253 1412 1431 1453 tribunis
1458 1411 1605 1467 plebis,
1628 1425 1773 1452 omnes
1789 1429 1802 1450 1

373 1470 504 1510 tribus
529 1470 687 1510 bellum
713 1471 934 1510 iusserunt.
998 1469 1264 1526 Apparatum
1292 1485 1342 1511 eo
1368 1484 1479 1510 anno
1507 1469 1665 1510 bellum
1686 1477 1771 1518 est3

373 1527 584 1567 exercitus
599 1536 770 1582 propter
785 1527 1066 1582 pestilentiam
1085 1543 1170 1567 non
1185 1527 1372 1568 eductus.
1399 1526 1546 1582 anue
1561 1526 1773 1568 cunctatio

374 1584 531 1624 colonis
553 1585 733 1639 spatium
750 1584 925 1624 dederat
941 1584 1197 1639 deprecandi
1219 1594 1435 1631 senatum3
1466 1593 1509 1625 et
1530 1599 1682 1640 magna
1697 1583 1773 1625 ho-

374 1641 536 1682 minum
567 1656 661 1696 pars
689 1656 752 1689 eo,
775 1649 822 1681 ut
852 1641 1005 1696 legatio
1033 1641 1210 1696 supplex
1234 1642 1414 1683 Romam
1437 1642 1685 1690 mitteretur,
1708 1640 1773 1681 in-

373 1698 578 1739 clinabat:
612 1698 657 1738 ni
684 1698 857 1753 privato,
888 1707 935 1738 ut
962 1698 1022 1746 fit,
1055 1698 1242 1753 periculo
1273 1698 1489 1754 publicum
1521 1698 1773 1754 implicitum

374 1765 494 1805 esset,
527 1766 801 1810 auctoresque
833 1755 1080 1795 defectionis
1114 1755 1164 1795 ab
1198 1755 1413 1804 Romanis,
1450 1763 1568 1796 metu
1597 1770 1664 1805 ne,
1697 1754 1774 1795 soli

374 1813 536 1854 crimini
561 1813 749 1861 subiecti,
769 1812 932 1868 piacula
953 1812 1035 1852 irae
1060 1812 1350 1853 Romanorum
1371 1812 1638 1862 dederentur,
1657 1827 1774 1854 aver-

374 1870 520 1911 tissent
541 1870 723 1910 colonias
755 1886 778 1910 a
808 1869 990 1910 consiliis
1020 1870 1144 1925 pacis.
1209 1868 1364 1925 Neque
1395 1870 1439 1910 in
1468 1878 1617 1910 senatu
1637 1869 1773 1911 solum

374 1943 450 1983 per
470 1943 540 1968 eos
560 1927 713 1982 legatio
734 1926 938 1982 impedita
958 1935 1032 1975 est,
1051 1927 1125 1967 sed
1146 1942 1298 1982 magna
1317 1942 1412 1982 pars
1432 1927 1565 1982 plebis
1586 1927 1771 1977 incitata,

374 1993 421 2025 ut
454 1984 699 2040 praedatum
736 1985 780 2024 in
816 1999 961 2039 agrum
994 1983 1238 2024 Romanum
1274 1985 1451 2025 exirent.
1515 1983 1634 2026 Haec
1665 1999 1774 2026 nova

373 2042 526 2082 iniuria
547 2042 783 2082 exturbavit
805 2056 974 2081 omnem
995 2056 1112 2096 spem
1134 2041 1258 2096 pacis.
1311 2041 1380 2082 De
1401 2041 1773 2083 Praenestinorum

375 2114 544 2155 quoque
566 2098 801 2139 defectione
824 2114 874 2139 eo
896 2113 1007 2138 anno
1028 2098 1211 2153 primum
1232 2098 1342 2139 fama
1363 2108 1530 2140 exorta:
1562 2099 1774 2155 arguenti-

374 2157 535 2212 busque
559 2171 628 2197 eos
651 2155 914 2205 Tusculanis,
933 2164 975 2196 et
994 2154 1184 2205 Gabinis,
1208 2165 1249 2196 et
1271 2156 1504 2207 Lavicanis,
1528 2172 1708 2212 quorum
1729 2156 1774 2197 in

374 2214 479 2255 fines
510 2214 766 2254 incursatum
788 2221 887 2262 erat,
910 2213 968 2253 ita
995 2212 1157 2268 placide
1180 2214 1231 2254 ab
1253 2223 1400 2255 senatu
1430 2229 1676 2270 responsum
1697 2222 1772 2264 est,

374 2280 422 2312 ut
443 2272 581 2312 minus
602 2270 717 2312 credi
737 2270 789 2311 de
812 2270 1069 2320 criminibus,
1088 2271 1187 2326 quia
1207 2271 1368 2312 nollent
1389 2287 1439 2312 ea
1459 2286 1556 2312 vcra
1576 2286 1677 2321 esse,
1701 2286 1774 2327 ap-

374 2337 550 2385 pareret.

432 2385 681 2442 Insequenti
709 2401 820 2426 anno
844 2385 912 2441 Sp.
937 2394 979 2426 et
1000 2385 1048 2426 L.
1074 2385 1245 2441 Papirii,
1273 2386 1371 2427 novi
1403 2385 1559 2426 tribuni
1590 2385 1772 2426 militum

375 2443 583 2485 consulari
602 2452 822 2499 potestate,
841 2442 1022 2483 Velitras
1043 2442 1229 2499 legiones
1250 2443 1434 2492 duxere3
1467 2451 1666 2498 quattuor
1686 2443 1772 2484 col-

376 2501 491 2557 legis,
518 2501 604 2542 Ser.
627 2500 827 2541 Cornelio
850 2499 1145 2556 Maluginense
1166 2509 1374 2556 quartum,
1397 2500 1449 2548 Q.
1472 2500 1660 2551 Servilio,
1682 2500 1768 2542 Ser.
1785 2519 1802 2540 2

257 2390 280 2426 [ὑ

160 2445 198 2518 Ε>ΕΖ

198 2390 251 2518 0510

252 2418 294 2526 ἐμέο.

302 2496 316 2527 K1
301 2453 315 2484 χ1

319 2454 348 2528 &023⁴

419 2628 439 2659 9
459 2619 632 2658 Pomptino
654 2628 731 2657 ayro
754 2618 938 2655 dividendo]
976 2617 1050 2647 Hoc
1096 2621 1166 2648 rata
1192 2618 1344 2657 loquendi
1371 2619 1474 2649 forma
1503 2629 1579 2650 usus
1605 2622 1664 2657 est,
1690 2619 1770 2650 arbi-

377 2660 409 2691 id
428 2661 535 2700 ipsum
554 2660 615 2690 fuit
631 2661 717 2700 quod
737 2670 756 2690 a
779 2659 915 2690 tribunis
934 2659 1050 2699 efflagi-
1096 2660 1193 2690 trium
1210 2660 1298 2700 pacis
1314 2665 1346 2692 et
1360 2661 1439 2691 belli
1455 2661 1520 2692 iam
1536 2662 1682 2692 tribubus
1701 2671 1770 2702 per-

376 2707 481 2733 tatum
498 2713 583 2742 supr.
602 2712 630 2742 5.
647 2713 723 2740 non,
734 2702 793 2732 nisi
812 2702 939 2732 colonia
955 2702 1050 2732 Satri-
1096 2702 1228 2733 missum
1255 2713 1334 2741 esse,
1358 2703 1404 2734 ita
1430 2704 1552 2734 scilicet
1578 2708 1615 2734 ut
1639 2709 1771 2736 senatus

378 2755 451 2775 cum
467 2745 618 2783 deducta,
635 2755 720 2784 supr.
741 2744 787 2776 16.
805 2748 875 2775 tuto
892 2744 974 2775 effici
996 2754 1050 2784 po·
1096 2750 1249 2783 censeret,
1265 2747 1367 2776 trihus
1382 2747 1506 2777 bellum
1522 2747 1678 2778 iuberent.

377 2787 449 2817 tuit.
1139 2798 1155 2818 2
1180 2789 1410 2828 Alaluyz'nense
1426 2790 1595 2829 quartum]
1627 2790 1769 2820 Tertium

424 2838 435 2857 1
463 2830 579 2860 Omnes
603 2831 722 2867 tribus]
750 2830 788 2861 cf.
814 2829 907 2869 Supr.
932 2829 973 2861 iv.
1001 2839 1049 2869 30.
1097 2830 1293 2870 Burghesius
1323 2842 1340 2861 e
1370 2831 1497 2871 Fragm.
1523 2831 1610 2862 Fast.
1637 2830 1767 2869 Capit.:

378 2869 432 2899 ubi
456 2880 566 2901 omnes
587 2874 753 2903 centuriae
776 2873 899 2902 bellum
922 2871 1050 2903 iussere.
1095 2872 1179 2903 idem
1198 2883 1255 2912 pro
1270 2875 1381 2904 Servio
1395 2874 1550 2912 Sulpicio,
1566 2873 1678 2902 Caium
1694 2873 1768 2903 Sul-

380 2911 478 2941 Undc
500 2917 646 2951 apparet,
662 2913 686 2942 si
710 2914 805 2944 modo
826 2914 936 2945 Livius
958 2924 1050 2944 accu-
1092 2916 1215 2953 picium
1233 2915 1443 2947 Camerinum
1459 2914 1632 2953 legendum
1649 2919 1766 2948 censet.
