1934 3211
197 244 240 277 U.
259 246 296 277 C.
313 247 385 286 458.

194 289 234 320 A·
259 289 295 321 C·
315 298 385 329 294-

412 155 493 194 598
925 151 1071 193 TITI
1108 152 1285 194 LIVII

412 243 501 292 sita,
533 242 817 299 edictoque,‘
834 251 891 292 ut,
924 243 1165 309 quicunque
1198 244 1251 284 ad
1282 243 1437 285 vallum
1473 243 1676 293 tenderet,
1707 243 1791 284 sive

413 300 510 342 ‘ille
548 300 776 366 Romanus,
813 301 896 342 sive
936 301 1098 342 Samnis
1133 311 1250 352 esset,
1284 317 1360 358 pro
1395 302 1511 343 hoste
1544 300 1792 366 haberent?

411 358 515 399 haec
550 358 639 415 ipsa
673 359 880 408 minitans,
918 359 1077 400 obstitit
1116 359 1280 415 plofuse
1321 359 1590 400 tendentibus
1624 358 1708 400 suis
1746 357 1792 398 in

410 425 551 457 castra.
615 422 626 440 ⁶
646 415 744 464 Quo
764 417 927 481 pergis,’
947 416 1096 472 inquit,
1131 423 1142 439 ‘
1157 417 1307 458 miles?
1338 426 1380 458 et
1400 417 1467 458 hic
1489 432 1602 458 arma
1621 424 1664 458 et
1683 415 1791 457 viros

413 474 652 515 ‘invenies:
699 489 789 523 nec,
826 489 920 514 vivo
955 474 1123 514 consule
1159 483 1246 523 tuo,
1283 475 1362 514 nisi
1397 474 1529 515 victor
1562 482 1694 515 castra
1726 473 1792 513 in-

413 538 425 555 ‘
441 531 577 573 trabis.
630 531 812 572 Proinde
834 531 954 587 elige,
976 546 1072 572 cum
1093 531 1196 580 cive,
1219 547 1271 572 an
1292 531 1423 581 hoste,
1444 547 1628 587 pugnare
1649 530 1792 572 malis.’

415 589 533 630 Haec
561 589 726 630 dicente
755 589 936 638 consule,
970 589 1130 644 equites
1157 588 1314 629 infestis
1344 589 1584 645 cuspidibus
1615 588 1792 630 circum-

412 647 657 695 funduntur,
695 661 740 686 ac
776 645 961 702 peditem
997 646 1042 686 in
1076 661 1261 711 pugnam
1295 645 1430 687 redire
1465 646 1621 687 iubent.
1690 645 1792 687 Non

413 705 541 746 virtus
571 703 704 745 solum
731 703 957 753 consulem,
980 703 1053 744 sed
1079 703 1161 744 fors
1193 704 1318 744 etiam
1349 703 1533 750 adiuvit3
1566 702 1680 759 quod
1705 718 1792 744 non

413 762 654 802 institerunt
682 760 901 811 Samnites,
923 761 1185 826 spatiumque
1214 761 1524 817 circumagendi
1551 761 1680 817 signa,
1701 775 1792 801 ver-

413 819 616 874 tendique
649 818 781 859 aciem
811 834 835 859 a
864 819 1005 860 castris
1037 819 1081 859 in
1112 819 1275 860 hostem
1304 819 1394 860 fuit.
1457 819 1569 860 Tum
1596 817 1666 860 alii
1692 817 1792 859 alios

412 877 581 927 hortari,
612 885 659 917 ut
691 884 932 943 repeterent
965 892 1174 933 pugnam:
1213 877 1477 918 centuriones
1508 877 1559 918 ab
1589 875 1793 932 signiferis

412 943 529 991 rapta
549 934 666 990 signa
689 933 864 975 interret
899 942 941 975 et
966 934 1183 975 ostendere
1212 935 1306 984 suis,
1329 949 1483 991 paucos
1510 943 1553 975 et
1579 933 1793 975 ordinibus

411 992 694 1048 incompositis
715 992 842 1033 effuse
860 992 1001 1033 venire
1022 992 1170 1033 hostes.
1215 992 1333 1034 Inter
1352 992 1455 1033 haec
1471 991 1627 1041 consul,
1645 1005 1793 1032 manus

412 1049 465 1091 ad
485 1049 647 1091 coelum
669 1048 871 1099 attollens,
889 1065 989 1091 voce
1011 1049 1131 1099 clara,
1149 1050 1207 1091 ita
1228 1058 1274 1091 ut
1293 1050 1571 1100 exaudiretur,
1589 1048 1793 1105 templum

411 1107 503 1149 Iovi
531 1107 683 1149 Statori
703 1116 837 1157 vovet,
860 1107 893 1148 si
920 1107 1170 1149 constitisset
1195 1123 1219 1149 a
1244 1108 1343 1164 fuga
1364 1107 1556 1148 Romana
1582 1107 1702 1156 acies,
1724 1121 1790 1147 re-

413 1166 732 1222 dintegratoque
763 1165 920 1221 proelio
948 1165 1165 1206 cecidisset
1190 1166 1437 1221 vicissetque
1465 1165 1649 1221 legiones
1676 1164 1793 1206 Sam-

413 1223 576 1264 nitium.
641 1224 800 1265 Omnes
821 1222 1008 1279 undique
1031 1223 1165 1264 annisi
1192 1223 1246 1264 ad
1272 1222 1570 1264 restituendam
1594 1236 1791 1279 pugnam,

413 1281 553 1331 duces,
590 1281 753 1330 milites,
795 1280 983 1337 peditum
1024 1281 1298 1337 equitumque
1337 1281 1423 1321 vis:
1470 1295 1629 1321 numen
1667 1279 1825 1321 etiam6

413 1339 586 1380 deorum
622 1339 849 1394 respexisse
881 1354 1036 1379 nomen
1069 1338 1309 1380 Romanum
1339 1339 1499 1380 visum:
1538 1337 1643 1379 adeo
1674 1336 1792 1378 facile

414 1396 614 1438 inclinata
642 1411 718 1446 res,
750 1395 991 1462 repulsique
1023 1412 1047 1437 a
1075 1397 1216 1438 castris
1246 1396 1410 1445 hostes3
1443 1411 1541 1437 mox
1574 1395 1699 1436 etiam
1729 1409 1795 1436 re-

413 1454 524 1495 dacti
556 1454 608 1495 ad
638 1470 734 1495 eum
765 1454 915 1504 locum,
947 1454 991 1494 in
1021 1470 1106 1510 quo
1136 1455 1353 1495 commissa
1383 1468 1525 1510 pugna
1553 1461 1651 1495 erat.
1713 1451 1792 1502 Ibi,

412 1512 627 1552 obiacente
649 1512 901 1552 sarcinarum
922 1511 1102 1562 cumulo,
1126 1527 1227 1568 quas
1245 1512 1510 1553 coniecerant
1528 1511 1572 1552 in
1594 1510 1791 1560 medium,

411 1569 579 1610 haesere
608 1569 824 1624 impediti:
859 1569 1025 1618 deinde,
1058 1585 1110 1611 ne
1142 1569 1421 1625 diriperentur
1450 1584 1527 1619 res,
1557 1569 1699 1610 orbem
1729 1583 1793 1609 ar-

412 1635 617 1667 matorum
657 1626 824 1667 sarcinis
860 1626 1130 1667 circumdant.
1208 1627 1320 1668 Tum
1359 1642 1456 1668 vero
1491 1642 1561 1668 eos
1600 1641 1625 1667 a
1657 1626 1792 1666 fronte

412 1699 560 1740 urgere
581 1683 754 1748 pedites,
776 1684 827 1724 ab
849 1692 964 1740 tergo
985 1684 1249 1725 circumvecti
1271 1684 1442 1740 equites.
1504 1683 1599 1725 Ita
1588 1699 1633 1723 1n
1653 1682 1793 1724 medio

413 1742 520 1783 caesi
542 1742 749 1797 captique.
811 1718 1085 1797 Captivorum
1106 1756 1304 1782 numerus
1323 1741 1402 1782 fuit
1428 1749 1591 1806 septem
1615 1740 1793 1781 millium

413 1815 459 1840 ac
488 1799 777 1848 ducentorum,
804 1798 876 1854 qui
905 1814 1048 1839 omnes
1076 1798 1179 1839 nudi
1206 1799 1281 1839 sub
1312 1798 1455 1854 iugum
1483 1798 1619 1839 missi:
1653 1812 1792 1838 caesos

411 1856 589 1898 retulere
630 1856 684 1897 ad
723 1864 919 1921 quattuor
957 1855 1087 1896 millia
1125 1856 1396 1912 octingentos.
1479 1855 1547 1896 Ne
1590 1854 1793 1896 Romanis

413 1914 584 1970 quidem
616 1914 725 1955 laeta
754 1914 926 1954 victoria
956 1913 1059 1953 fuit:
1093 1922 1334 1955 recensente
1366 1913 1535 1954 consule
1566 1913 1694 1954 biduo
1725 1927 1792 1953 ac-

413 1980 576 2027 ceptam
593 1971 766 2021 cladem,
785 1971 1027 2012 amissorum
1048 1970 1228 2011 militum
1249 1985 1447 2011 numerus
1463 1970 1613 2011 relatus
1633 1978 1792 2026 septem

413 2029 589 2070 millium
610 2045 656 2070 ac
678 2029 964 2070 ducentorum.
1026 2028 1143 2069 Dum
1164 2027 1297 2070 haec
1288 2044 1331 2068 1n
1353 2028 1511 2084 Apulia
1529 2028 1791 2084 gerebantur,

414 2087 542 2128 altero
563 2087 750 2128 exercitu
774 2086 981 2127 Samnites
1001 2085 1295 2151 Interamnam,
1318 2085 1523 2127 coloniam
1544 2086 1790 2135 Romanam,
1807 2097 1825 2131 7

413 2160 520 2201 quae
536 2145 603 2185 via
618 2144 770 2185 Latina
790 2152 863 2193 est,
882 2159 1082 2200 occupare
1100 2143 1250 2193 conati,
1269 2144 1414 2185 urbem
1434 2158 1521 2184 non
1541 2151 1789 2184 tenuerunt:

413 2217 531 2258 agros
555 2202 795 2258 depopulati
815 2217 945 2257 quum
973 2201 1169 2257 praedam
1198 2201 1319 2242 aliam
1345 2200 1443 2242 inde
1465 2201 1637 2242 mixtam
1657 2200 1793 2241 homi-

412 2275 513 2300 num
542 2268 666 2315 atque
695 2259 918 2315 pecudum,
941 2259 1192 2315 colonosque
1221 2267 1362 2314 captos
1389 2267 1572 2314 agerent,
1597 2259 1642 2299 in
1662 2258 1792 2299 victo-

412 2333 499 2358 rem
521 2317 714 2358 incidunt
738 2316 962 2366 consulem,
986 2317 1036 2357 ab
1058 2316 1238 2357 Luceria
1263 2316 1535 2357 redeuntem:
1568 2330 1646 2357 nec
1672 2330 1792 2372 prae-

410 2375 506 2416 dam
529 2375 661 2416 solum
682 2374 890 2424 amittunt,
913 2374 1016 2415 sed
1006 2374 1086 2429 ipsi
1106 2373 1231 2430 longo
1252 2381 1377 2429 atque
1398 2373 1600 2429 impedito
1624 2373 1790 2429 agmine

410 2432 674 2488 incompositi
709 2431 950 2473 caeduntur.
1015 2431 1187 2481 Consul,
1222 2430 1504 2472 Interamnam
1542 2430 1680 2472 edicto
1715 2430 1790 2471 do-

411 2490 534 2530 minis
564 2490 617 2530 ad
646 2504 710 2530 res
746 2504 838 2530 suas
873 2489 1102 2530 noscendas
1134 2488 1474 2544 recipiendasque
1505 2488 1716 2537 revocatis,
1747 2497 1791 2529 et

411 2548 599 2588 exercitu
620 2547 677 2588 ibi
698 2547 854 2596 relicto,
873 2547 1135 2588 comitiorum
1151 2561 1274 2587 causa
1290 2545 1468 2586 Romam
1485 2553 1547 2587 est
1566 2545 1786 2602 profectus.

413 2604 496 2646 Cui
523 2605 575 2646 de
606 2604 819 2661 triumpho
849 2604 989 2660 agenti
1022 2612 1196 2659 negatus
1227 2603 1372 2653 honos,
1402 2612 1444 2644 et
1471 2603 1524 2644 ob
1550 2603 1698 2644 amissa
1727 2611 1789 2644 tot

451 2784 470 2815 6
492 2788 622 2817 Numen
642 2787 734 2817 etiam
753 2787 898 2824 deorum]
926 2786 981 2817 Dii
999 2796 1074 2825 quo·
1119 2788 1237 2817 Latina
1247 2791 1392 2826 esl,sup1.
1401 2786 1431 2817 ii.
1441 2795 1489 2827 39.
1497 2796 1539 2817 sc.
1549 2786 1580 2816 in
1589 2785 1696 2817 Latio.
1711 2794 1784 2815 narn

408 2837 469 2865 que
487 2827 541 2856 visi
557 2828 730 2867 respexisse
747 2829 920 2859 Romanos.
945 2830 1050 2859 CnEv.
1119 2829 1206 2859 iliud
1237 2829 1392 2868 oppidum
1420 2829 1561 2859 eiusdem
1589 2827 1725 2859 nominis
1751 2826 1783 2856 in

454 2878 468 2907 7
492 2871 727 2908 Interamnam]
765 2871 837 2901 8110
863 2872 1074 2904 Interamna<
1098 2872 1268 2908 Lmblia,
1291 2871 1378 2901 aliud
1404 2871 1434 2901 in
1459 2871 1576 2902 Piceno
1596 2871 1664 2901 fuit.
1691 2870 1729 2900 cf.
1742 2869 1782 2899 ad

409 2911 563 2942 coloniam
578 2912 673 2943 Rom.
698 2913 737 2944 cf.
753 2912 795 2944 ix.
811 2914 858 2944 28.
875 2924 956 2953 quae
973 2913 1004 2943 in
1025 2915 1074 2944 via
1120 2914 1195 2945 Tac.
1210 2917 1294 2945 Anu.
1311 2913 1330 2945 i.
1352 2922 1397 2954 79.
1425 2915 1508 2945 Rm.
