1934 3211
557 141 684 183 LIB.
718 140 843 182 VIII.
887 140 1034 182 CAP.
1069 147 1136 184 39.
1471 150 1553 189 497

151 248 291 289 neque
308 246 487 289 pugnae,
506 246 645 296 neque
661 230 786 287 fugae
803 231 901 271 satis
917 238 1126 286 potentes,
1144 231 1389 274 caeduntur.
1424 234 1552 285 Tum,
1570 245 1612 276 U.
1630 246 1668 276 C.
1686 255 1758 285 43²·

150 289 290 331 deleto
329 303 459 345 prope
496 288 690 344 equitatu
729 288 926 338 hostium,
965 287 1028 329 Μ.
1052 287 1219 338 Fabius,
1256 289 1606 334 circumductisA·
1631 289 1669 320 C
1687 297 1758 328 3²0·

148 345 381 402 paullulum
403 345 490 395 alis,
509 346 561 387 ab
582 354 699 402 tergo
720 345 958 402 pedestrem
980 345 1113 387 aciem
1135 345 1334 388 adoritur.
1381 347 1554 391 Clamor

147 403 248 444 inde
288 418 422 444 novus
463 403 658 445 accidens
697 413 740 444 et
784 402 1039 444 Samnitium
1081 403 1230 444 terruit
1270 404 1458 454 animos3
1512 417 1554 448 et

147 460 339 511 dictator,
362 461 435 502 ubi
455 468 739 517 respectantes
760 459 945 502 hostium
970 460 1278 517 antesignanos,
1302 463 1551 519 turbataque

147 517 278 574 signa,
300 526 343 559 et
370 519 647 559 fluctuantem
678 518 812 559 aciem
840 517 958 568 vidit,
984 526 1075 559 tum
1106 518 1332 575 appellare,
1355 528 1447 560 tum
1479 520 1552 562 ad-

145 574 304 617 hortari
333 575 500 626 milites,
524 576 714 617 tribunos
745 575 1041 632 principesque
1073 576 1271 617 ordinum
1301 577 1551 618 nominatim

146 632 201 674 ad
235 632 470 674 iterandam
506 648 650 675 secum
689 648 877 690 pugnam
911 648 1071 675 vocare.
1150 632 1319 676 Novato
1355 634 1551 699 clamore,

145 689 266 746 signa
285 690 548 732 inferuntur:
583 698 638 741 et,
661 691 867 747 quicquid
895 691 1284 756 progrediebantur,
1295 692 1439 757 'magis
1464 708 1553 734 ma-

143 747 292 804 gisque
322 748 510 790 turbatos
538 748 678 790 hostes
706 749 945 790 cernebant.
1010 747 1189 813 Eques'
1179 764 1267 805 lpse
1293 749 1377 790 iam
1404 750 1551 805 primis

143 813 234 846 erat
266 805 311 846 in
343 814 599 862 conspectu:
633 814 676 847 et
704 805 941 855 Cornelius,
968 806 1196 862 respiciens
1229 806 1282 847 ad
1314 807 1550 863 manipulos

143 862 339 912 militum,
358 863 475 919 quod
495 878 636 913 manu,
656 863 772 919 quod
787 878 889 904 voce.
912 872 1089 919 poterat,
1108 864 1377 913 monstrabat,
1396 864 1550 906 vexilla

143 933 186 961 se
208 935 379 961 suorum
400 935 648 985 parmasque
671 935 842 961 cernere
859 920 1063 976 equitum.
1110 919 1241 968 Quod
1262 921 1334 962 ubi
1356 921 1548 963 auditum

142 977 351 1033 simulque
382 993 517 1019 visum
545 986 620 1027 est,
643 977 748 1019 adeo
776 986 951 1033 repente
980 976 1145 1027 laboris,
1167 992 1244 1033 per
1271 977 1385 1019 diem
1415 993 1549 1034 paene

142 1042 278 1075 totum
319 1035 496 1084 tolerati,
534 1034 842 1099 vulnerumque
880 1034 999 1075 obliti
1034 1043 1145 1084 sunt,
1183 1043 1230 1075 ut
1265 1034 1380 1076 haud
1416 1050 1548 1085 secus,

142 1106 270 1157 quarn
300 1092 334 1132 si
365 1100 455 1133 tum
483 1092 638 1148 integri
666 1107 688 1133 e
715 1092 858 1133 castris
886 1092 1053 1147 signum
1081 1107 1249 1148 pugnae
1275 1093 1547 1149 accepissent,

140 1149 445 1190 concitaverint
480 1164 523 1191 se
560 1150 605 1190 in
639 1149 816 1190 hostem.
893 1149 987 1190 Nec
1023 1148 1135 1190 ultia
1171 1149 1337 1191 Samnis
1373 1150 1548 1192 tolerare

143 1214 347 1248 terrorem
387 1207 594 1272 equitum,
636 1206 915 1263 peditumque
958 1206 1041 1247 vim
1086 1207 1251 1262 potuit:
1336 1207 1458 1248 artim
1503 1208 1547 1248 in

140 1263 283 1305 medio
315 1264 438 1314 caesi,
471 1264 625 1321 partim
658 1264 704 1304 in
736 1264 880 1320 fugam
914 1263 1103 1320 dissipati
1137 1272 1245 1305 sunt.
1305 1222 1447 1305 If'edes
1483 1279 1548 1306 re-

141 1329 298 1362 stantes
336 1336 387 1362 ae
428 1322 737 1363 circumventos
777 1299 962 1362 cecidit:
1016 1321 1068 1362 ab
1109 1321 1252 1376 equite
1293 1321 1546 1376 fugientium

140 1385 199 1420 str
225 1394 297 1420 cres
318 1387 380 1420 cst
400 1378 535 1428 facta3
569 1379 680 1420 inter
702 1393 806 1435 quos
828 1387 871 1419 et
892 1378 980 1435 ipse
1004 1378 1230 1434 imperator
1250 1378 1413 1420 cecidit.

199 1393 297 1477 ῗῗοο
319 1436 491 1477 demum
513 1435 721 1492 proelium
745 1435 997 1477 Samnitium
1019 1451 1085 1477 res
1106 1436 1165 1477 ita
1185 1435 1368 1500 infregit,
1387 1445 1435 1477 ut
1455 1451 1545 1477 om-
1558 1443 1677 1474 Pacem

140 1493 265 1534 nibus
285 1493 474 1535 conciliis
494 1493 734 1543 fremerent,
770 1499 781 1517 ‘
797 1493 970 1534 minime
1000 1492 1043 1534 id
1065 1493 1239 1548 quidem
1260 1493 1412 1533 mirum
1440 1508 1542 1543 esse,
1556 1491 1657 1517 orant.

142 1551 204 1591 ‘si
245 1550 376 1607 impio
417 1550 540 1600 bello,
578 1559 621 1591 et
656 1559 801 1591 contra
832 1550 980 1591 foedus
1018 1558 1224 1606 suscepto,
1262 1550 1546 1592 infestioribus

142 1613 154 1631 ‘
170 1608 321 1649 merito
342 1608 422 1649 diis
443 1623 570 1663 quam
591 1607 846 1657 hominibus,
870 1607 977 1647 nihil
998 1622 1194 1663 prospere
1217 1615 1401 1663 agerent.
1457 1607 1546 1648 Ex-

141 1670 153 1688 ‘
199 1665 373 1706 iandum
408 1665 453 1705 id
487 1664 645 1706 bellum
682 1679 835 1721 magna
870 1664 1077 1714 mercede,
1112 1664 1403 1721 luendumque
1441 1679 1541 1706 esse.

143 1727 155 1746 ‘
193 1721 222 1763 d
253 1721 407 1764 referre
443 1730 620 1772 tantum,
650 1730 793 1763 utrum
825 1721 1032 1778 supplicia
1058 1722 1188 1763 noxio
1215 1736 1460 1778 paucorum,
1489 1738 1542 1763 au

141 1785 153 1803 ‘
169 1780 360 1820 omnium
387 1779 561 1821 innoxio
589 1780 821 1835 praebeant
848 1779 1051 1835 sanguine
1069 1779 1099 1820 ε’
1128 1778 1425 1836 audebantque
1459 1780 1542 1820 iam

140 1836 312 1893 quidam
359 1837 575 1878 nominare
622 1845 812 1878 auctores
857 1851 1079 1878 armorum.
1164 1836 1312 1878 Unum
1359 1837 1542 1878 maxime

138 1909 296 1936 nomen
353 1909 398 1935 er
425 1909 676 1935 consensum
705 1894 976 1935 clamantium
1004 1893 1172 1934 Brutuli
1194 1894 1317 1949 Papii
1343 1894 1544 1935 exaudie-

138 1951 272 1992 batur.
348 1951 400 1991 ir
421 1951 571 1992 nobilis
591 1960 826 2007 potensque
849 1959 950 1999 erat,
971 1950 1086 1990 haud
1107 1950 1234 1991 dubie
1256 1951 1540 2006 proximarum

141 2008 399 2049 indutiarum
428 2016 584 2073 ruptor.
650 2008 716 2048 De
746 2023 796 2048 co
825 2007 958 2047 coacti
987 2006 1138 2047 referre
1165 2016 1376 2062 praetores
1398 2007 1543 2048 decre-

141 2074 230 2106 tum
252 2065 455 2113 fecerunt,
490 2070 501 2088 ‘
520 2064 559 2104 I
567 2074 581 2105 t
604 2064 806 2105 Brutulus
829 2063 985 2119 Papius
1009 2062 1213 2103 Romanis
1238 2063 1476 2112 dederetur,
1499 2075 1541 2104 et

142 2128 266 2163 ‘cum
303 2137 353 2163 co
389 2121 545 2178 pracda
580 2121 716 2162 omnis
755 2121 960 2169 Romana,
997 2120 1236 2176 captivique
1274 2129 1321 2160 ut
1359 2120 1539 2161 Romam

142 2184 155 2203 ‘
171 2180 463 2227 mitterentur3
529 2194 689 2234 uaeque
712 2193 777 2219 res
798 2193 872 2234 per
892 2177 1052 2218 fetiales
1073 2192 1126 2218 cx
1148 2177 1316 2218 foedere
1339 2192 1381 2218 re
1416 2178 1535 2218 etita(

142 2242 153 2261 ‘
170 2246 322 2285 essent,
365 2251 493 2277 secun
528 2251 598 2276 um
645 2236 707 2276 ius
753 2236 896 2300 fasque
938 2235 1282 2276 iestituerentur?
1362 2192 1541 2276 Ifetiales

142 2293 337 2359 Romam,
361 2303 408 2334 ut
438 2302 705 2342 consumunt,
729 2293 855 2341 missi,
879 2301 919 2332 et
949 2306 1099 2348 corpus
1121 2291 1287 2332 B1utuli
1317 2292 1538 2333 exanime:

185 2366 229 2392 se
251 2359 384 2392 morte
407 2350 671 2392 voluntaria
663 2350 919 2406 lgnominiac
945 2364 987 2390 se
1017 2365 1063 2389 ac
1089 2364 1136 2398 su
1170 2348 1296 2405 plicio
1321 2349 1538 2389 subtraxit.

141 2351 307 2450 ἰΙξ1110111ῐ
327 2423 423 2450 011111
449 2423 620 2464 corpore
647 2408 757 2448 bona
778 2422 947 2463 quoquc
970 2407 1059 2447 cius
1080 2363 1191 2446 degi.
1258 2405 1377 2446 Nihil
1400 2415 1541 2446 tamen

141 2480 285 2507 earum
302 2481 455 2515 rerum,
479 2475 644 2522 praeter
664 2465 897 2521 captixos,
886 2480 932 2505 ac
958 2464 989 2504 si
1013 2479 1097 2519 qua
1117 2464 1285 2517 cognita
1307 2478 1358 2504 cx
1417 2462 1540 2503 raeda

140 2532 250 2572 sunt,
283 2531 502 2580 acceptum
535 2534 622 2563 cst:
662 2532 775 2563 cctel
777 2537 893 2563 arum
932 2536 1069 2562 rerum
1107 2521 1222 2561 irrita
1254 2520 1331 2561 fuit
1395 2519 1535 2560 ditio.
1555 2524 1759 2572 NegantRo-

141 2579 337 2621 Dictator
358 2595 410 2621 cx
432 2579 794 2621 senatusconsulto
816 2578 1101 2634 triumphavit.
1551 2578 1647 2598 ''¹⁸¹¹'‘

109 2653 127 2685 5
200 2636 296 2678 Hoc
318 2636 474 2677 bellum
497 2652 519 2677 a
541 2636 780 2677 consulibus
797 2635 1012 2684 bellatum,
1030 2635 1203 2690 quidam
1221 2643 1411 2675 auctores
1427 2644 1537 2683 sunt,

184 2768 202 2795 4
227 2758 268 2788 Id
281 2758 421 2797 referre]
448 2757 521 2787 Hoc
539 2767 637 2787 unum
657 2756 820 2793 interesse,
866 2756 1017 2795 pharunt.
1046 2755 1134 2785 Fabii
1149 2754 1351 2794 triumphum
1365 2756 1441 2786 Aur.
1455 2755 1540 2786 Vict.

141 2798 172 2830 id
189 2799 292 2830 solum
311 2798 341 2829 in
359 2798 622 2829 deliberationem
644 2798 758 2828 venire.
867 2798 906 2827 dc
927 2797 993 2827 Vir.
1015 2797 1066 2827 111.
1087 2807 1135 2835 3²-
1152 2802 1182 2827 et
1205 2797 1310 2827 Fulvii
1332 2797 1413 2827 Plin.
1436 2797 1478 2828 Η.
1499 2798 1540 2828 N.

184 2850 201 2880 5
227 2842 364 2878 Quidam
382 2846 527 2872 unctores
543 2842 636 2878 sunt]
663 2841 821 2870 consules
868 2839 917 2870 xii.
936 2852 985 2876 44.
1003 2844 1268 2869 commemorant.

142 2893 251 2914 mense
264 2883 439 2914 Februario
452 2894 502 2914 nn.
519 2882 818 2922 ῑ’.(Σ.431.11111111-

201 2938 297 2966 vor..
325 2939 349 2965 1.
1231 2936 1258 2962 1(
1284 2923 1306 2962 k
