1934 3211
568 150 695 192 LIB.
729 149 809 191 III.
856 149 1003 191 CAP.
1037 154 1104 192 35.

1462 153 1541 191 183

141 239 228 290 las3
243 241 412 306 quibus
443 240 628 290 adiectis,
651 239 808 281 absolvi
829 255 949 296 posse
971 241 1089 282 velut
1116 255 1267 305 corpus
1292 241 1429 282 omnis
1451 241 1541 283 Ro·
1558 248 1601 280 U.
1618 248 1656 279 C
1676 257 1746 288 303-

142 298 256 339 mani
276 297 389 338 luris.

171 355 380 409 inquaret,
421 353 679 395 desiderium
719 354 979 395 decemviros
1019 354 1174 396 iterum
1215 354 1387 394 creandi
1426 355 1539 396 fecit.

165 425 233 451 am
257 410 389 466 plebs,
412 420 707 467 praeterquam
729 411 845 467 quod
875 411 1097 452 consulum
1127 426 1299 460 nomen,
1331 410 1446 451 haud
1478 426 1542 452 se-

140 482 363 523 cusrquam
384 483 544 524 regum,
566 483 715 524 perosa
735 478 836 518 erat,
861 484 913 509 ne
937 468 1209 509 tribunicium
1232 467 1408 523 quidem
1439 483 1543 509 aux-

112 524 273 574 7ilium,
306 524 554 567 cedentibus
584 526 630 566 in
659 525 795 566 vicem
826 525 1098 581 appellationi
1129 525 1390 574 decemviris,
1414 540 1543 580 quae-

139 582 269 623 rebat.

110 654 129 685 8
200 638 433 695 Postquam
465 654 564 681 vero
597 639 768 681 comitia
797 639 1045 681 decemviris
1075 639 1266 681 creandis
1302 639 1348 680 in
1384 639 1542 680 trinum

109 695 384 762 9nundjnum
415 697 576 738 indicta
596 706 718 745 sunt3
753 705 870 738 tanta
889 697 1044 737 exarsit
1065 697 1251 746 ambitio,
1273 705 1321 738 ut
1341 697 1544 752 primores

114 942 127 964 1
142 938 193 965 ea
189 923 349 989 plebe,
367 940 465 966 cum
478 939 564 980 qua
583 924 904 974 contenderant,
927 924 1173 981 suppliciter
1192 933 1398 989 petentes.

455 297 520 338 Ea
540 297 811 354 exspectatio,
834 312 967 353 quum
988 296 1079 338 dies
1101 297 1369 338 comitiorum
1390 313 1541 354 appro-
1554 291 1593 321 A·
1617 291 1655 322 C·
1673 300 1747 330 ⁴49·

1621 639 1689 676 35.

1558 693 1682 723 Iterum
1698 703 1762 723 c1·-e

142 768 313 809 quoque
348 754 527 795 civitatis
557 754 697 809 (metu
729 754 869 803 credo,
901 769 954 794 ne
987 754 1101 794 tanti
1125 754 1330 809 possessio
1362 754 1542 810 imperii,
1556 736 1721 809 ἓὲηῗῖὶὲρ

140 824 274 851 vacuo
304 811 356 852 ab
382 826 425 852 se
447 811 594 852 relicto
615 810 722 860 loco,
745 811 860 852 haud
881 811 978 851 satis
999 810 1139 867 dignis
1169 809 1352 866 pateret)
1373 826 1546 866 prensa-

140 875 236 908 rent
256 867 473 917 homines3
505 868 724 918 honorem,
747 882 911 909 summa
931 882 1010 923 ope
1039 883 1064 908 a
1093 882 1136 908 se
1157 868 1468 924 impugnatum,
1492 868 1544 909 ab

1454 925 1545 966 De-

142 980 270 1022 missa
297 981 381 1022 iam
412 982 458 1022 in
488 981 714 1022 discrimen
735 981 930 1037 dignitas,
954 996 1005 1023 ea
1032 990 1182 1031 aetate,
1205 982 1340 1037 iisque
1372 981 1545 1023 honori-

141 1038 221 1079 bus
242 1038 357 1088 actis,
380 1038 622 1079 stimulabat
632 1040 727 1103 Ap.
755 1038 999 1080 Claudium.
1063 1038 1107 1079 N
1111 1053 1274 1088 esclres,
1307 1047 1450 1080 utrum
1480 1039 1546 1080 in-
1558 1048 1621 1087 Ap
1634 1047 1765 1078 Claudii

143 1103 208 1136 ter
241 1094 513 1146 decemviros,
545 1111 599 1137 an
629 1095 742 1137 inter
771 1095 1031 1145 candidatos,
1064 1110 1331 1137 numerares.

143 1241 339 1277 spectarent,
360 1237 440 1268 mire
463 1237 647 1277 discrepant
666 1242 824 1268 auctores.

145 1279 246 1318 Dion,
267 1290 364 1319 quem
388 1290 440 1320 ap.
459 1281 619 1311 Zonaram
638 1280 689 1311 vii.
709 1281 760 1317 28,
782 1281 824 1311 le-

142 1321 262 1361 gimus,
288 1322 416 1353 ordines
439 1323 578 1353 civitatis
600 1324 673 1354 iure
696 1324 826 1362 publico

143 1368 300 1404 aequatos
316 1375 404 1402 (θῶες
431 1365 543 1396 Livius
562 1366 732 1404 imperium
753 1376 824 1396 con-

143 1408 254 1438 sulare
276 1408 483 1444 diminutum,
499 1407 542 1437 iii.
559 1417 588 1447 9.
609 1417 734 1437 necnon
759 1417 824 1437 om-

143 1449 199 1479 nia
211 1451 345 1489 privam
361 1449 496 1479 summis
513 1449 696 1487 infimisque
707 1459 824 1488 aequa-

143 1495 179 1522 ta
201 1493 289 1528 iura,
312 1491 355 1522 iii.
377 1501 435 1530 34:
462 1491 560 1522 Dion.
577 1501 608 1522 x.
627 1500 676 1530 50.
708 1492 760 1521 ius
782 1492 824 1521 ci-

143 1534 207 1564 vile
233 1544 275 1564 sc.
306 1533 479 1572 privatum,
503 1533 607 1563 solum
638 1536 824 1571 aequatum.

146 1575 248 1607 Haud
277 1575 374 1606 dubie
401 1576 441 1606 de
472 1575 521 1605 his
550 1575 645 1605 rebus
675 1574 824 1605 omnibus

144 1618 231 1658 leges
245 1629 265 1648 a
280 1617 469 1648 decemviris
493 1617 716 1657 promulgatae
737 1620 824 1654 sunt,

144 1665 177 1690 et
202 1659 322 1691 idcirco
347 1660 494 1690 Athenas
518 1659 606 1689 missi
630 1659 740 1698 legati,
763 1659 823 1689 nisi

143 1712 193 1734 res
213 1702 345 1733 omnino
363 1702 439 1732 fieta
454 1701 507 1739 sit,
523 1706 559 1732 ut
574 1703 627 1731 ius
645 1702 824 1741 publicum,

142 1754 186 1776 sc.
203 1745 289 1785 quod
306 1745 347 1775 ad
364 1754 516 1784 personas
535 1743 705 1781 attinebat,
721 1754 740 1774 a
757 1744 823 1775 Cli-

143 1786 258 1818 sthene
278 1787 390 1817 ordine
413 1796 496 1817 novo
511 1796 616 1826 nuper
630 1786 824 1826 dispositum

142 1829 345 1869 indagarent,
364 1829 486 1869 quippe
513 1830 565 1859 ius
591 1830 685 1860 civile
712 1828 823 1864 Quiri-

144 1871 239 1910 tium,
266 1872 354 1912 quod
380 1872 421 1902 ad
448 1882 499 1902 res
525 1872 681 1911 mancipii
706 1875 738 1901 et
765 1881 824 1902 nec

142 1916 300 1955 mancipii
336 1914 516 1954 spectabat,
553 1914 595 1943 ab
634 1913 824 1944 Atheniensi

143 1957 276 1987 omnino
302 1956 447 1987 alienum
475 1959 568 1987 esset.
623 1956 716 1986 Inter
743 1955 825 1985 alias

143 1999 281 2030 maximi
307 1998 464 2029 momenti
491 2008 541 2029 rcs
567 2002 709 2028 mutatas
735 1998 823 2028 haud

143 2041 242 2072 dubie
258 2046 337 2079 erat,
353 2041 439 2080 quod
456 2040 583 2080 patricii
607 2050 710 2079 aeque
726 2044 824 2078 atque

145 2083 280 2114 clientes
295 2083 356 2120 sui,
371 2083 426 2122 qui
442 2083 601 2113 hactenus
623 2082 711 2121 apud
735 2092 823 2112 aera-

145 2125 208 2155 rios
225 2130 329 2162 erant,
344 2125 376 2155 in
400 2124 548 2155 tribubus
569 2134 635 2154 una
657 2134 731 2154 cum
757 2124 824 2163 ple-

146 2167 226 2198 beiis
257 2167 403 2208 dispositi
439 2171 526 2202 sunt,
553 2171 651 2205 atque
686 2165 826 2196 iuniores

145 2214 274 2250 patrum
299 2220 372 2240 cum
397 2209 575 2240 senioribus
591 2208 748 2248 dignitate
771 2218 822 2239 ae-

145 2252 255 2292 quati:
277 2262 401 2283 necnon
419 2252 520 2282 tribus
536 2251 612 2282 illae
630 2255 752 2281 veteres
767 2260 822 2290 pa-

144 2294 257 2326 triciae
286 2296 468 2333 abrogatae.
500 2294 539 2325 cf.
569 2293 704 2324 Niebhr.
732 2293 763 2324 ii.
791 2303 822 2332 p.

146 2346 218 2377 314.
244 2338 353 2377 Hugo.
371 2337 490 2368 Gesch.
504 2337 560 2366 des
578 2336 673 2366 Rom.
690 2335 822 2366 Rechts.

147 2380 210 2411 vol.
227 2379 246 2411 i.

195 2430 212 2462 7
239 2423 479 2462 Appellatioui]
520 2421 659 2452 Codices
679 2421 823 2460 appella-

145 2466 242 2501 tione,
251 2465 306 2495 sed
317 2466 541 2505 appellationi,
551 2464 636 2503 quod
652 2464 823 2500 legendum

145 2507 327 2546 suspicatur
351 2507 465 2544 Drnk.,
488 2507 520 2536 in
545 2511 670 2537 textum
697 2516 826 2545 recepe·

148 2554 222 2579 runt
238 2549 358 2580 Stroth.
375 2554 407 2579 et
426 2549 566 2580 Bekker.

191 2593 210 2620 8
228 2592 361 2621 Tritium
375 2593 576 2629 nundinum]
595 2591 731 2621 Trinum
746 2600 824 2620 nun-

148 2633 273 2669 dinum,
286 2633 352 2663 sive
368 2633 603 2670 trinundinum,
614 2638 681 2663 erut
699 2633 728 2663 id
747 2637 825 2662 tem·

150 2675 235 2715 poris
247 2675 386 2714 spatium
404 2675 485 2705 intra
496 2676 580 2714 qumi
597 2681 645 2705 ter
661 2675 826 2705 nundinae

148 2718 335 2756 agebantur.
394 2717 570 2748 Nundinne
601 2723 709 2747 nutem
741 2727 826 2747 nono

149 2771 278 2800 quoque
303 2760 366 2796 die,
390 2760 476 2789 unde
499 2760 597 2789 etium
622 2765 748 2789 tmxere
773 2769 827 2788 no-

152 2813 239 2838 men,
270 2802 497 2832 recurrebant:
539 2806 574 2831 ut
604 2801 725 2836 runtici,
755 2806 828 2830 octo

151 2845 264 2876 (liebus
286 2844 368 2881 ugr-in
391 2843 526 2883 operati,
543 2854 627 2873 nono
647 2843 700 2872 die
723 2842 753 2873 in
780 2852 827 2872 ur-

152 2889 223 2918 bem
265 2886 423 2917 vendendi
466 2885 694 2925 mvrcnndiqm·
733 2895 829 2915 cuum

1375 1096 1547 1152 ΡΓΟΡῙΟΓ

870 1241 1100 1268 commearent.
1143 1236 1248 1277 Igitur
1264 1235 1406 1274 comitia,
1421 1235 1487 1267 sive
1502 1236 1547 1268 le-

868 1281 961 1319 gibus
981 1280 1140 1319 rogandis.
1158 1280 1223 1310 sive
1246 1279 1374 1309 iudiciis
1397 1289 1547 1310 exercen—

870 1322 929 1359 dis,
954 1322 1020 1352 sive
1045 1322 1190 1352 creandis
1221 1321 1471 1361 magistratibus,
1494 1321 1548 1351 tri—

870 1364 1016 1395 nundino
1039 1369 1114 1394 ante
1139 1363 1236 1394 indici
1255 1364 1416 1399 solebant,
1439 1368 1474 1393 ut
1497 1373 1547 1394 ru-

869 1406 952 1443 stici,
966 1406 1020 1445 qui
1037 1416 1101 1435 non
1118 1406 1184 1435 fere
1201 1406 1233 1435 in
1250 1405 1375 1442 urbem,
1390 1405 1452 1435 nisi
1467 1415 1548 1435 nun-

869 1448 964 1486 dinis,
986 1447 1170 1484 veniebant,
1194 1457 1260 1477 rem
1285 1457 1410 1477 versare
1433 1447 1550 1477 animis

869 1494 901 1521 et
931 1490 1128 1529 expendere,
1154 1489 1259 1528 spatio
1291 1489 1379 1525 dato,
1406 1493 1548 1528 possent,

868 1536 1043 1571 antequam
1066 1531 1098 1561 in
1122 1531 1308 1570 suffragium
1333 1531 1548 1562 mitterentur.

868 1575 975 1605 Cnssv.
1026 1574 1090 1605 Sed
1120 1573 1231 1604 Livius
1257 1575 1476 1612 προληπτικῶς
1502 1575 1548 1604 lo-

868 1616 988 1655 quitur,
1016 1616 1138 1656 quippe
1163 1626 1227 1646 non
1254 1616 1314 1645 nisi
1342 1620 1415 1655 post
1442 1616 1547 1656 legem

869 1658 1080 1689 Hortensium
1105 1669 1157 1688 an.
1183 1659 1255 1697 458.
1282 1658 1325 1688 U.
1351 1659 1388 1689 C.
1417 1658 1550 1689 comitia

868 1700 900 1731 in
914 1701 1034 1731 trinum
1051 1701 1233 1731 nundinum
1251 1699 1392 1730 indicere
1403 1700 1435 1730 in
1453 1711 1548 1731 usum

869 1744 976 1774 venit:
1006 1743 1134 1774 Ernest.
1159 1743 1190 1772 in
1215 1743 1309 1773 Clav.
1333 1742 1402 1774 Cic.
1424 1743 1548 1773 trinun-

869 1786 981 1816 dinum
1006 1796 1070 1815 non
1096 1785 1206 1825 viginti
1223 1789 1376 1824 quattuor
1398 1785 1454 1815 sed
1477 1795 1549 1824 sep-

868 1827 1040 1858 temdecim
1059 1827 1182 1858 dierum
1208 1837 1368 1857 summam
1390 1827 1549 1858 conficere

868 1870 1109 1906 animadvertit,
1125 1880 1224 1908 quum
1249 1869 1416 1900 nundinae
1436 1880 1548 1900 secun-

869 1913 931 1943 dae
968 1922 1057 1943 more
1089 1912 1207 1943 Latino
1242 1912 1291 1942 bis
1325 1916 1546 1943 numerantur.

870 1955 1026 1986 Similiter
1054 1959 1178 1994 septem
1210 1958 1338 1984 tantum
1367 1954 1436 1985 dies
1465 1954 1549 1985 binis

868 1997 1021 2028 nundinis
1066 1997 1250 2027 interiectos
1288 1996 1385 2027 fuisse
1430 1997 1548 2027 diserte

867 2039 980 2070 asserit
1000 2039 1090 2069 Varr.
1108 2039 1148 2069 de
1166 2039 1218 2069 Re
1235 2039 1329 2069 Rust.
1341 2039 1372 2069 ii.
1386 2048 1413 2078 3.
1454 2039 1545 2069 Hinc

868 2081 977 2111 evenit
1006 2084 1044 2111 ut
1073 2080 1239 2111 nundinae
1269 2090 1303 2110 re
1335 2090 1409 2110 vera
1439 2085 1548 2111 octavo

868 2133 994 2164 quoque
1008 2124 1059 2153 die
1083 2126 1290 2155 recurrerent.
1317 2121 1452 2153 Niebhr.
1466 2122 1498 2153 ii.
1514 2132 1546 2161 p.

871 2175 943 2204 ⁴213.

912 2218 932 2248 9
959 2209 1063 2237 Tanta
1082 2207 1204 2238 exarsit
1227 2206 1373 2244 ambitio]
1400 2205 1546 2237 Tantum

868 2255 1043 2287 certamen,
1068 2254 1178 2279 tantus
1205 2249 1266 2279 fuit
1291 2249 1387 2278 ardor
1413 2249 1546 2288 petendi

868 2292 1005 2323 honoris.
1062 2292 1184 2322 Sedulo
1214 2291 1374 2330 distingue
1404 2292 1547 2321 ambitio-

867 2346 937 2366 nem
955 2336 996 2364 ab
1011 2336 1142 2364 ambitu.
1183 2335 1334 2363 Ambitus
1349 2332 1469 2363 crimen
1487 2338 1546 2370 est,

867 2382 899 2408 et
919 2376 1064 2415 designat
1090 2386 1203 2416 pravas
1227 2375 1415 2413 legibusque
1432 2375 1547 2406 vetitas

870 2419 936 2449 vias
965 2419 1138 2449 affectandi
1174 2417 1311 2447 alicuius
1343 2417 1548 2455 magistratus

871 2463 919 2492 vel
938 2461 1073 2501 imperii.
1119 2463 1144 2490 A
1153 2461 1259 2490 mbitio
1275 2459 1468 2489 ‹lt-siderium
1491 2459 1546 2489 ho-

870 2515 983 2534 norum
1001 2504 1134 2539 indicat,
1149 2503 1204 2532 sed
1222 2502 1389 2532 innoxium
1411 2513 1449 2532 uc
1470 2501 1547 2541 legi-

870 2547 997 2577 timum.
1022 2548 1127 2577 Ciu-zv.

928 2599 935 2618 ι
970 2588 1134 2624 Hunis-su]
1180 2588 1240 2625 Ap.
1266 2586 1441 2616 Claudium
1470 2596 1547 2617 curn.

870 2632 1028 2671 qliae-dun
1060 2635 1091 2660 et
1122 2628 1308 2658 sollicitudo
1346 2629 1547 2676 stimulabat,

870 2683 970 2712 quum
1004 2672 1122 2701 xideret
1162 2670 1356 2700 clarissimos
1386 2670 1478 2707 viros,
1508 2681 1547 2701 en

871 2720 989 2750 uctutc,
1006 2714 1114 2752 visque
1134 2713 1307 2743 honoribus
1323 2713 1415 2750 netis,
1431 2713 1545 2744 demit-

872 2763 939 2787 tert
970 2757 1000 2786 iu
1027 2756 1195 2785 ‹limrinwn
1223 2754 1412 2792 ‹lignium-m
1443 2766 1545 2787 sunm.

872 2802 1024 2830 Ceterum
1058 2798 1118 2827 hoc
1151 2798 1222 2827 loco
1253 2803 1338 2828 recte
1365 2797 1453 2828 iussit
1484 2798 1545 2837 legi

874 2841 1057 2873 Gronovius
1067 2841 1200 2871 (lentiam
1214 2849 1271 2879 pro
1283 2841 1422 2872 dimissa.
1439 2841 1549 2874 Catu

1558 1089 1704 1120 ambitio.
