1934 3211
549 201 674 242 LIB.
709 200 786 242 IV.
832 200 868 242 (3
882 202 980 243 ΑΡ.
1015 207 1082 243 20.

121 296 237 333 ‘esse
273 291 332 332 dii
367 290 549 345 volunt,)
584 289 817 346 legatorum
852 290 1053 332 Manibus
1085 291 1219 332 dabo.'

1443 202 1525 240 245

1282 290 1526 330 Calcaribus
1542 299 1585 331 U.
1603 300 1641 331 C.
1661 300 1731 338 3¹8-

119 348 308 397 subditis,
323 347 473 389 infesta
489 348 662 404 cuspide
681 348 724 388 in
742 363 875 389 unum
890 348 1022 390 fertur
1042 349 1224 390 hostem:
1250 361 1378 402 quem
1392 362 1524 402 quum
1540 343 1578 373 A.
1603 343 1641 374 C·
1659 351 1731 381 434-

86 405 249 446 8ict'um
270 420 381 461 equo
402 405 634 454 deiecisset,
657 405 876 447 confestim
905 415 949 446 et
975 406 1064 462 ipse
1089 406 1209 446 hasta
1233 404 1394 444 mnisus
1416 419 1458 444 se
1481 404 1525 443 in

117 461 248 518 pedes
272 463 450 519 excepit.
515 463 820 519 Assurgentem
842 463 899 503 ibi
926 478 1068 519 regem
1090 463 1274 504 umbone
1296 461 1524 516 resupinat,

117 520 431 576 repetitumque
463 520 628 576 saepius
653 520 826 576 cuspide
849 520 902 561 ad
923 529 1077 561 terram
1105 520 1247 561 affixit.
1312 518 1426 559 Tum
1452 533 1526 558 ex-

117 578 266 634 sangui
297 577 483 619 detracta
513 577 670 633 spolia3
715 586 927 634 caputque
964 578 1170 619 abscisum
1200 577 1334 617 vietor
1364 575 1525 632 spiculo

116 649 280 691 gerens,
303 636 457 676 terro're
479 635 587 676 caesi
612 635 721 691 regis
743 635 882 676 hostes
902 635 1054 677 fundit.
1118 635 1184 676 Ita
1204 634 1397 690 equitum
1419 648 1525 689 quo-

118 707 201 747 que
221 691 314 733 fusa
333 692 454 742 acies,
474 708 581 748 quae
604 708 689 733 una
707 692 862 734 fecerat
882 708 1036 749 anceps
1057 701 1281 734 certamen.
1329 690 1526 732 Dictator
1539 695 1736 727 Vincuntur.

116 748 353 805 legionibus
372 750 525 806 fugatis
546 750 684 800 instat,
703 759 744 791 et
765 750 819 790 ad
839 760 973 791 castra
992 749 1230 806 compulsos
1251 748 1399 790 caedit.
1456 747 1525 788 Fi-

116 806 335 848 denatium
356 807 526 863 plurimi
548 807 734 848 locorum
757 807 906 849 notitia
926 808 1110 863 effugere
1128 807 1173 848 in
1189 815 1364 848 montes
1418 805 1525 847 Cos—

117 878 200 914 SUS,
223 864 413 905 Tiberim
445 880 542 906 cum
571 865 764 921 equitatu
789 875 1060 914 transvectus,
1084 880 1137 906 ex
1163 879 1262 920 agro
1284 862 1524 904 Veientano

116 921 335 977 ingentem
357 922 509 964 detulit
530 922 728 978 praedam
751 922 804 963 ad
826 923 984 963 urbem.
1041 922 1159 963 Inter
1179 920 1386 978 proelium
1408 929 1450 962 et
1472 920 1525 961 ad

117 988 252 1020 castra
287 979 479 1021 Romana
512 989 747 1036 pugnatum
778 990 841 1020 est
872 979 1069 1021 adversus
1101 989 1263 1036 partem
1295 979 1524 1034 copiarum,

118 1037 170 1077 ab
187 1036 431 1086 Tolumnio,
450 1047 497 1078 ut
517 1047 614 1078 ante
637 1037 798 1078 dictum
820 1046 895 1086 est,
913 1037 966 1078 ad
987 1046 1120 1078 castra
1142 1037 1319 1077 missam.
1374 1035 1527 1076 Fabius

118 1093 357 1135 Vibulanus
378 1110 531 1135 corona
553 1095 736 1150 primum
753 1095 907 1135 vallum
925 1095 1134 1136 defendit:
1166 1095 1350 1135 intentos
1371 1093 1526 1134 deinde

85 1151 259 1194 9hostes
280 1151 324 1192 in
344 1152 513 1201 vallum,
537 1167 726 1207 egressus
747 1152 894 1193 dextra
916 1152 1149 1208 principali,
1172 1167 1268 1192 culn
1292 1151 1442 1192 triariis
1463 1166 1528 1191 re-

118 1217 246 1265 pente
269 1209 452 1250 invadit:
488 1226 573 1265 quo
594 1225 746 1266 pavore
769 1210 937 1259 iniecto,
961 1210 1109 1251 caedes
1131 1209 1280 1258 minor,
1304 1209 1403 1264 quia
1424 1223 1528 1264 pau-

118 1266 251 1308 ciores
280 1276 422 1316 erant3
456 1267 555 1323 fuga
586 1283 671 1308 non
704 1267 844 1307 minus
876 1267 1050 1323 trepida,
1075 1282 1201 1323 quam
1234 1267 1276 1306 in
1309 1266 1410 1314 acie,
1433 1265 1524 1306 fuit.

121 1323 334 1366 Omnibus
364 1324 466 1366 locis
496 1340 539 1365 re
571 1325 679 1366 bene
709 1334 838 1379 gesta,
862 1324 1041 1365 dictator
1061 1323 1422 1365 senatusconsulto
1443 1323 1528 1363 ius-

1612 1327 1680 1365 20.

118 1396 252 1437 suque
286 1382 430 1438 populi
463 1382 729 1438 triumphans
760 1382 803 1422 in
834 1383 982 1423 urbem
1014 1382 1148 1423 rediit.
1212 1380 1361 1435 Longe
1394 1380 1527 1420 maxi·
1543 1381 1695 1413 Dictator

119 1454 236 1480 mum
265 1439 469 1496 trlumphi
501 1439 786 1496 spectaculum
807 1439 888 1479 fuit
912 1438 1080 1489 Cossus,
1103 1437 1236 1494 spolia
1256 1438 1397 1493 opima
1417 1452 1526 1478 retus

118 1496 327 1538 interfecti
357 1512 517 1553 gerens.

120 1563 298 1610 quantes
319 1570 417 1595 curn
440 1554 638 1603 Romulo,
661 1569 822 1595 canere.
888 1553 1031 1610 Spolia
1062 1554 1106 1594 in
1137 1553 1240 1594 aede
1269 1552 1380 1594 Iovis
1402 1552 1528 1593 Fere-

91 1629 101 1650 ι
121 1611 189 1653 trii
210 1627 340 1668 prope
364 1611 537 1653 Romuli
558 1611 703 1668 spolia,
726 1626 848 1667 quac,
866 1612 1001 1667 prima
1023 1611 1180 1667 Opima
1200 1610 1420 1667 appellata,
1443 1610 1531 1651 sola

119 1684 170 1711 ea
200 1678 446 1725 tempestate
473 1678 604 1719 erant,
627 1684 724 1710 cum
756 1668 935 1709 sollenni
966 1668 1233 1710 dedicatione
1265 1667 1379 1709 dono
1410 1668 1526 1709 fixit:

119 1735 408 1783 averteratque
435 1727 477 1767 in
507 1742 550 1768 se
579 1742 604 1768 a
624 1742 749 1768 curru
770 1726 986 1767 dictatoris
1007 1727 1161 1767 civium
1184 1741 1267 1775 ora,
1291 1735 1333 1766 et
1355 1725 1531 1767 celebri-

121 1784 216 1826 tatis
237 1784 326 1825 eius
347 1784 431 1826 diei
452 1785 635 1825 fructum
668 1799 797 1840 prope
827 1784 938 1825 solus
971 1783 1132 1825 tulerat.
1197 1783 1392 1824 Dictator
1413 1798 1530 1824 coro-

120 1857 218 1883 nam
239 1857 407 1883 auream
428 1841 576 1883 libram
598 1841 740 1898 pondo
757 1857 810 1883 ex
832 1841 1002 1898 publica
1022 1841 1214 1898 pecunia,
1232 1840 1379 1897 populi
1402 1841 1528 1889 iussu,

120 1899 166 1940 in
189 1898 402 1956 Capitolio
425 1898 516 1941 Iovi
538 1899 698 1941 donum
720 1900 871 1955 posuit.

181 1956 343 1998 Omnes
368 1967 465 1999 ante
492 1973 558 1998 me
585 1966 774 1998 auctores
796 1966 976 2006 secutus,
1002 1956 1054 1997 A.
1074 1955 1323 1997 Cornelium
1349 1955 1530 1996 Cossum

122 2014 339 2056 tribunum
366 2015 547 2056 militum
573 2014 759 2055 secunda
779 2014 912 2070 spolia
932 2014 1072 2070 opima
1094 2013 1204 2054 Iovis
1227 2013 1400 2054 Feretrii
1425 2022 1530 2054 tcm-

91 2071 192 2128 2plo
232 2072 435 2121 intulisse,
473 2072 660 2127 exposui.
738 2071 955 2120 Ceterum,
994 2080 1287 2126 praeterquam
1324 2069 1439 2124 quod
1481 2085 1531 2110 ea

123 2129 200 2170 rite
232 2129 373 2185 opima
403 2129 535 2185 spolia
567 2128 787 2177 habentur,
821 2143 928 2183 quae
958 2127 1044 2168 dux
1075 2127 1174 2168 duci
1202 2127 1411 2176 detraxit3
1450 2141 1528 2168 nec

167 2315 186 2345 8
209 2317 250 2345 Se
273 2316 308 2344 in
328 2315 426 2354 perles
445 2316 587 2355 erc-epit]
614 2315 645 2346 h.
663 2326 689 2346 c.
710 2315 801 2346 Desi-

124 2358 185 2388 luit
201 2368 239 2387 ex
258 2368 342 2397 equo
358 2357 414 2395 ita,
435 2363 469 2388 ut
486 2368 602 2397 corpas
621 2358 690 2388 eius
715 2359 801 2398 pedi-

124 2401 184 2431 bus
195 2400 399 2440 exciperetur
411 2405 443 2430 et
456 2401 655 2431 inniteretur.
676 2401 800 2431 RAscu.

171 2452 191 2483 9
219 2444 346 2474 Deoetra
378 2444 576 2483 principali]
623 2454 666 2474 sc.
696 2444 800 2474 Porta.

124 2485 152 2516 F
154 2490 251 2522 estus,
261 2486 475 2525 principalem
489 2491 664 2516 castrorum
675 2491 801 2526 portam

123 2530 321 2559 nominatam
337 2529 422 2568 quor!
435 2530 469 2558 in
489 2540 525 2559 eo
541 2530 606 2559 loco
620 2530 673 2563 sit,
691 2530 724 2558 in
741 2540 803 2569 qno

120 2572 288 2611 principe»
318 2571 446 2601 ordines
479 2573 626 2602 tendunt.
667 2572 705 2602 cf.
730 2571 800 2602 infr.

124 2613 233 2644 xxxiv.
252 2612 302 2652 46.
327 2613 371 2643 xl.
389 2612 437 2643 26.

176 2666 185 2686 1
213 2656 324 2695 Spolia
349 2679 356 2686 .
374 2679 380 2687 .
399 2679 406 2686 .
423 2679 430 2686 .
454 2657 560 2695 prima
585 2658 720 2695 OJn'ma]
762 2657 801 2686 cf.

124 2698 267 2729 Gronov.
280 2698 413 2728 Obscrr.
428 2698 446 2728 i.
463 2707 488 2737 7.
527 2699 677 2735 Sigonius
692 2709 800 2728 vocem

846 2326 930 2356 qnae
955 2316 1023 2345 ‹Irm-
1049 2315 1123 2345 duci
1150 2315 1308 2352 detram't]
1340 2313 1434 2344 llaec
1461 2313 1527 2352 qui-

848 2359 921 2388 dem
953 2357 1090 2397 vulgaris
1117 2357 1226 2396 opinio
1254 2357 1323 2386 fuit.
1371 2356 1434 2386 sed
1464 2366 1526 2385 non

849 2401 893 2430 ita
912 2400 1013 2430 visum
1035 2399 1182 2434 Varroni,
1200 2399 1252 2438 qui
1275 2398 1401 2429 disertis
1424 2398 1528 2428 verbis

847 2443 999 2479 affirmat,
1027 2447 1059 2472 ut
1091 2453 1129 2472 ex
1166 2442 1261 2471 Festo
1293 2441 1527 2478 cognoscimu&

849 2487 964 2525 (lJn'mn
989 2487 1091 2525 spolia
1115 2486 1209 2515 ctiam
1234 2495 1312 2518 csse,
1327 2486 1353 2513 si
1376 2484 1525 2523 nianilm-

847 2529 927 2558 laris
951 2530 1039 2559 miles
1061 2528 1250 2562 «lenm-erit,
1267 2528 1433 2556 darnumdo
1451 2527 1526 2556 ‹lac-i

846 2572 992 2601 hostium.
1043 2571 1093 2600 Dc
1117 2581 1153 2599 ca
1179 2581 1210 2599 re
1236 2569 1296 2599 rid.
1327 2569 1424 2599 l'criz.
1449 2568 1524 2599 Ani-

847 2614 952 2644 n1a‹lv.
975 2613 1095 2643 ilistor.
1117 2621 1142 2652 7.
1167 2615 1274 2642 (ῚιΙ-ῐν.
1307 2612 1346 2642 cf.
1368 2611 1481 2641 Festus
1498 2622 1525 2642 v.

848 2657 965 2695 Opima
990 2656 1114 2695 s1ml1'n,-
1145 2664 1280 2693 quoram
1310 2655 1370 2684 tria
1396 2664 1525 2692 genera,

847 2700 971 2737 “cujus
987 2699 1132 2737 auspicio
1152 2698 1251 2726 classe·
1270 2698 1436 2736 procincla
1457 2698 1524 2736 (ψί-

121 2742 228 2781 prima
253 2740 433 2770 redundare
456 2740 633 2777 existimat,
656 2741 710 2770 aed
738 2751 799 2770 non

124 2782 285 2814 intellexit
307 2782 386 2812 Livii
405 2787 545 2813 int-ntem
566 2795 572 2818 ;
597 2783 718 2822 qnippe
734 2785 799 2822 pri-

124 2838 175 2857 ma
192 2830 281 2855 crant
306 2824 361 2855 illa
378 2825 481 2864 spolia
499 2836 561 2855 mm
578 2830 727 2864 tempore,
744 2826 798 2855 sed

120 2879 250 2908 yerwn‘,
267 2872 380 2907 utpote
401 2879 484 2908 qma·
499 2868 567 2897 dua·
583 2868 656 2897 rim-i
672 2868 798 2899 detrus-

122 2913 194 2943 erit.

168 2964 184 2985 2
209 2955 262 2985 Ea
288 2955 349 2985 rite:
371 2955 477 2993 opima
500 2954 603 2993 spolia
628 2954 800 2987 lmhcumr,

847 2751 896 2769 ma
928 2742 1030 2780 spolia
1064 2741 1255 2779 rapirmlur,
1284 2741 1351 2769 lou-l
1381 2740 1525 2769 l-'cra-tru‘o

846 2784 950 2813 lun-cm
976 2783 1116 2811 emulum.-
1148 2783 1203 2822 qai
1227 2783 1310 2821 repit
1334 2783 1420 2812 neris
1444 2782 1529 2812 (JCG

843 2826 953 2855 darier
979 2829 1128 2864 apportem.
1182 2825 1329 2855 hcc-unda
1359 2825 1461 2863 spolia
1489 2825 1524 2855 ln

846 2868 967 2897 Alarte'x
993 2878 1085 2896 aram
1117 2868 1151 2897 in
1177 2878 1289 2907 campo
1314 2867 1524 2904 solitaurilia,

847 2914 920 2939 ulra
940 2911 1086 2947 vuluerit,
1101 2910 1244 2940 caedito:
1266 2911 1322 2950 qui
1338 2910 1422 2949 cepit
1437 2911 1523 2940 aeris

847 2954 903 2980 (Ψ
929 2953 1040 2984 darier
1069 2957 1218 2992 oporeeto.
1279 2953 1386 2984 Tertia
1420 2953 1523 2992 spolia

1494 1437 1502 1445 ·
1539 1425 1731 1464 triumphat.

839 1497 846 1504 .
870 1496 878 1503 .
1093 1496 1100 1504 .
1198 1495 1206 1503 .
1357 1495 1365 1502 .
1463 1471 1488 1493 δ’
1539 1467 1631 1498 Cossi
1647 1467 1755 1507 spolia.

581 1496 632 1537 In
663 1511 761 1538 eum
792 1496 945 1538 milltes
976 1511 1161 1537 carmlna
1195 1495 1425 1543 mcondrta,
1457 1510 1526 1536 ae-
1539 1510 1658 1550 opima.
