1934 3211
551 166 676 224 LI'B.
710 180 763 221 v.
809 180 957 220 (JAP.
990 182 1058 221 46.
1418 183 1498 222 337

102 274 263 316 cultum
290 288 344 314 ne
377 272 520 313 mortis
548 270 721 327 quidem
750 278 868 310 metu
900 269 1137 325 prohibitus
1165 268 1426 317 deseruisset,
1457 270 1500 309 in
1518 281 1560 312 U.
1579 283 1616 313 C.
1636 281 1706 320 365.

105 330 171 373 Ca
201 329 364 372 itolium
399 329 452 369 ad
487 343 584 369 suos
618 327 756 376 rediit,
793 341 868 367 seu
903 325 1092 366 attonitis
1130 324 1264 366 Gallis
1300 325 1500 366 miraculo
1515 325 1554 354 A.
1579 324 1707 362 (2387-

102 403 154 429 au
186 387 315 436 aciae,
347 400 421 426 seu
453 385 656 441 religione
688 384 815 425 etiam
848 383 985 432 motis,
1019 382 1138 423 cuius
1170 381 1499 438 haudquaquam

101 443 320 500 negligens
340 451 404 484 est
422 457 537 498 gens.

159 499 279 542 Veiis
300 500 469 541 interim
490 514 577 541 non
598 498 728 539 animi
751 507 915 539 tantum
936 497 981 538 in
1002 496 1105 546 dies,
1133 496 1207 538 sed
1232 495 1360 538 etiam
1382 495 1502 544 vires,
1518 501 1619 549 Veips
1635 512 1707 532 con-

101 558 366 600 crescebant:
400 572 479 598 nec
494 556 699 598 Romanis
714 555 850 596 solum
872 570 922 596 eo
943 554 1292 596 convenientibus
1312 569 1365 594 ex
1383 553 1503 609 agris,
1519 548 1723 616 ἷξῐῐὶῗωηᾙξψ

73 631 90 663 7
103 615 177 672 qui
204 630 229 656 a
248 614 409 671 proelio
438 613 610 655 adverso
632 621 705 654 aut
732 612 850 653 clade
872 620 1017 668 captae
1039 611 1152 652 urbis
1176 611 1305 666 palati
1325 611 1503 660 fuerant,
1518 597 1623 659 mantis

102 671 178 714 sed
207 672 334 713 etiam
365 686 418 712 ex
452 670 576 712 Latio
603 669 846 711 voluntariis
878 668 1202 718 confluentibus,
1235 676 1283 708 ut
1312 668 1357 708 in
1387 677 1505 724 parte

102 728 282 786 praedae
318 734 468 769 essent.
532 727 752 769 Maturum
788 727 871 767 iam
899 725 1132 774 videbatur,
1164 725 1298 781 repeti
1328 725 1506 780 patriam

103 786 294 842 eripique
327 801 381 826 ex
417 785 602 826 hostium
640 783 855 824 manibus:
900 782 974 824 scd
1005 782 1170 838 corpori
1203 781 1341 823 valido
1379 791 1506 838 caput

104 843 259 885 deerat.
323 842 464 884 Locus
504 842 592 898 ipse
633 840 888 882 admonebat
921 839 1104 889 Camilli,
1142 848 1185 880 et
1225 854 1378 895 magna
1412 854 1506 894 pars

105 900 289 942 militum
328 909 430 949 erat,
472 899 546 955 qui
586 898 719 940 ductu
763 897 1034 953 auspicioque
1075 896 1165 938 eius
1204 912 1269 938 res
1308 911 1505 952 prospere

74 965 339 1014 sgesserant:
374 966 417 998 et
450 955 677 998 Caedicius
704 970 871 1011 negare,
893 970 937 996 se
968 954 1301 1003 commissurum,
1324 969 1398 994 cur
1428 953 1505 994 sibi

107 1024 179 1056 aut
200 1014 377 1056 deorum
393 1023 464 1054 aut
480 1013 701 1054 hominum
718 1013 942 1068 quisquam
956 1011 1179 1067 imperium
1197 1011 1337 1052 finiret
1353 1011 1505 1067 potius,

107 1087 236 1128 quam
258 1072 345 1128 ipsc
368 1086 529 1112 memor
549 1070 707 1111 ordinis
721 1069 784 1110 sui
805 1077 996 1125 posceret
1017 1069 1324 1124 imperatorem.
1390 1067 1508 1109 Con·
1521 1077 1695 1107 Arcessnnt

107 1144 232 1170 sensu
267 1128 457 1170 omnium
498 1127 669 1183 placuit,
701 1127 752 1167 ab
796 1126 940 1167 Ardea
982 1124 1211 1167 Camillum
1243 1125 1390 1174 acciri3
1434 1125 1508 1166 sed
1521 1119 1710 1151 Camillum.

107 1195 232 1228 antea
247 1185 438 1228 consulto
452 1193 613 1233 senatu,
628 1184 703 1239 qui
719 1183 881 1225 Romae
898 1191 1027 1224 esset:
1061 1182 1166 1224 adeo
1183 1183 1353 1239 regebat
1366 1183 1509 1224 omnia

139 1243 258 1293 udor,
272 1242 600 1297 discriminaque
622 1256 761 1282 rerum
783 1256 912 1296 prope
935 1239 1108 1296 perditis
1129 1240 1253 1281 rebus
1274 1241 1505 1281 servabant.

108 1259 281 1355 frigenti
310 1299 497 1356 periculo
526 1298 829 1340 transeundum
857 1313 932 1353 per
953 1297 1135 1338 hostium
1167 1297 1376 1338 custodias
1407 1307 1505 1338 erat.

76 1356 183 1406 9Ad
214 1373 306 1399 eam
338 1372 426 1398 rem
459 1356 636 1397 l'ontius
670 1354 906 1404 Cominius,
929 1355 1107 1410 impiger
1138 1355 1312 1403 iuvenis,
1339 1369 1508 1410 operam

109 1414 332 1471 pollicitus,
382 1414 584 1455 incubans
632 1413 790 1460 cortici,
832 1412 1019 1453 secundo
1067 1411 1214 1453 Tiberi
1260 1411 1314 1452 ad
1362 1412 1509 1452 urbem

109 1472 305 1514 defertur.
371 1471 489 1520 Inde,
508 1485 593 1527 qua
612 1470 852 1526 proximum
868 1469 948 1509 fuit
968 1484 992 1509 a
1008 1469 1109 1524 ripa,
1128 1483 1202 1524 per
1222 1476 1508 1524 praeruptum,

109 1545 246 1586 eoque
272 1528 511 1585 neglectum
540 1527 724 1568 hostium
752 1525 979 1575 custodiae,
1002 1541 1150 1566 saxum
1172 1525 1216 1565 in
1248 1525 1509 1581 Capitolium

110 1586 274 1628 evadit:
308 1595 362 1635 et,
385 1585 438 1627 ad
467 1585 730 1641 magistratus
755 1583 920 1632 ductus,
943 1582 1142 1623 mandata
1169 1583 1378 1624 exercitus
1408 1583 1507 1624 edit.

82 1665 94 1685 ι
111 1644 302 1700 Accepto
323 1643 422 1684 inde
444 1651 612 1684 senatus
633 1641 815 1689 decreto,
838 1649 886 1682 ut
916 1648 971 1689 et,
994 1640 1174 1681 comitiis
1195 1640 1364 1681 curiatis
1392 1655 1510 1681 revo-
1523 1651 1684 1683 Camillus

79 1709 227 1743 2catus
255 1700 307 1742 de
340 1699 500 1749 exsilio,
527 1699 641 1740 iussu
703 1697 819 1754 opuli
853 1697 1058 1739 Camillus
1089 1697 1269 1738 dictator
1296 1697 1511 1753 extemplo
1524 1694 1663 1742 dictator

109 1758 332 1808 diceretur,
355 1757 592 1813 militesque
621 1714 825 1797 haberent
854 1755 1161 1811 imperatorem,
1192 1769 1319 1810 quem
1341 1754 1510 1804 vellent,
1524 1737 1650 1768 ‹ht-nur.

109 1815 258 1857 eadem
272 1815 490 1871 degressus
506 1814 680 1855 nuntius
696 1811 826 1853 Veios
839 1812 1076 1853 contendit:
1106 1812 1304 1868 missique
1323 1812 1511 1853 Ardeam

111 1872 238 1929 legati
278 1872 332 1913 ad
367 1871 611 1920 Camillum,
644 1870 777 1911 Veios
817 1885 914 1910 eum
954 1869 1214 1925 perduxere:
1265 1884 1340 1910 seu
1375 1869 1512 1924 (quod

113 1930 244 1986 magis
271 1929 440 1970 credere
470 1928 584 1976 libet,
608 1943 693 1968 non
722 1927 837 1982 prius
863 1926 1096 1982 profectum
1122 1927 1173 1967 ab
1205 1927 1361 1976 Ardea,
1383 1941 1511 1982 quam

83 1986 317 2043 scomperit
348 1986 485 2041 legem
522 1984 674 2032 latam3
719 1983 835 2039 quod
872 1998 949 2024 nec
984 1983 1144 2024 iniussu
1182 1983 1325 2039 populi
1360 1984 1511 2024 mutari

161 2126 177 2156 7
202 2118 229 2147 A
258 2117 379 2156 proelio
404 2116 553 2153 adver-m]
597 2115 673 2145 Post
703 2123 789 2152 proc-

837 2113 923 2143 tinus
952 2123 1018 2143 rem
1048 2112 1172 2143 inverso
1199 2113 1310 2143 ordine
1340 2117 1458 2148 narmt,
1482 2118 1512 2144 et

117 2158 196 2191 lium
213 2159 394 2189 adversum.
421 2158 534 2187 Dium.

837 2155 1022 2187 Cominium
1053 2165 1071 2185 a
1098 2159 1211 2184 senatu
1242 2155 1339 2184 Veios
1365 2155 1405 2184 ad
1434 2165 1511 2185 aux·

165 2202 184 2230 8
213 2202 354 2240 Λίῃανε,
377 2211 410 2230 se
440 2200 690 2234 commissurum,
713 2199 788 2236 cur]

120 2242 281 2274 Unitatinn
296 2243 376 2273 foret
393 2246 438 2272 ut.
485 2241 727 2279 Quoquomodo
750 2241 790 2270 lc-

116 2296 183 2324 gas,
195 2295 306 2315 sensus
321 2289 452 2324 apertus
463 2289 520 2314 est.
554 2282 727 2313 Caedicius
738 2283 791 2312 dc-

118 2328 218 2359 clamt
245 2326 303 2357 sibi
333 2337 427 2357 curae
459 2326 535 2361 fore,
562 2336 600 2355 nc
627 2330 791 2364 exspectet

118 2370 195 2401 dum
217 2369 276 2400 sibi
295 2369 336 2399 ab
360 2369 424 2399 alio
443 2368 552 2407 aliquo
569 2367 633 2397 siue
650 2368 710 2397 deo
726 2367 793 2396 sive

120 2412 250 2443 homine
268 2411 398 2442 finiatur
414 2410 598 2450 imperium,
614 2410 668 2439 sed
688 2408 795 2448 potius

119 2458 154 2485 ut
182 2454 249 2494 ipse
275 2458 419 2493 posceret
442 2453 682 2492 imperatorem,
701 2451 794 2490 eique

122 2496 224 2527 libens
241 2500 375 2535 pareret.
399 2496 506 2526 Casv.

164 2548 184 2579 9
209 2539 346 2568 Pontius
363 2537 544 2574 Cominitu]
574 2536 663 2567 Cau-
686 2536 796 2565 creda-4

123 2581 202 2611 haec
233 2580 298 2610 duo
332 2579 491 2618 gentilitia
523 2578 653 2609 nomina
689 2577 797 2613 fuisse,

124 2627 158 2653 ut
173 2622 298 2652 videtur
309 2626 449 2651 statuere
464 2620 625 2651 Dukerus.
664 2620 798 2650 Pontius

123 2670 200 2696 tunc
217 2663 277 2694 suit
294 2673 501 2703 praenomen,
517 2663 601 2701 quod
620 2661 795 2701 posteriori-

125 2708 184 2737 bun
199 2705 399 2745 temporibus
415 2714 531 2735 nomen
550 2704 670 2742 gentile
686 2704 797 2734 evasit.

127 2748 220 2779 ltalia
246 2747 330 2778 enim
361 2746 568 2786 praenomina
594 2746 694 2781 fuere,
716 2756 799 2784 quac

126 2790 284 2823 Romania
300 2790 383 2820 sucu«
399 2793 473 2818 nunt
489 2787 666 2827 gentilium
681 2787 725 2817 uti
744 2788 800 2816 Oc-

125 2831 582 2867 maimMarniltus‚()ctm·ius
597 2830 730 2863 Aledius,
741 2831 802 2859 De-

126 2877 195 2906 eius
207 2873 491 2914 stlayius,zilii‹1ue.
509 2872 548 2903 cf.
558 2871 756 2910 Oudendorp
771 2871 801 2901 in

129 2917 274 2948 Frontin.
293 2917 518 2953 Strati-gemm.
543 2913 584 2944 iii.
611 2923 655 2951 ¹3·
707 2914 801 2943 Fron-

188 2971 282 3000 VOL.
310 2971 333 2998 Ι.

838 2197 928 2228 ilium
959 2208 977 2227 ιι
1005 2197 1147 2227 Camillo
1172 2197 1412 2236 exposcendum
1441 2197 1514 2227 inis-

837 2250 906 2269 snm
924 2239 1042 2270 scribit.

886 2292 894 2312 ι
924 2284 1102 2312 leet-ocutus
1117 2283 1155 2312 de
1170 2283 1298 2319 exsilio]
1319 2281 1450 2312 Scilicet
1468 2281 1512 2311 in-

838 2324 1028 2354 terdictione
1062 2335 1165 2363 itqutu:
1196 2329 1227 2354 ct
1265 2324 1345 2363 ignis
1375 2324 1512 2354 sublata.

842 2366 976 2396 Niebhr.
995 2366 1025 2397 ii.
1044 2377 1073 2405 p.
1093 2376 1163 2405 547.

883 2419 898 2439 2
925 2410 1020 2438 Iussu
1036 2410 1148 2448 populi
1163 2409 1318 2438 Camillus
1333 2409 1513 2440 dictator...

839 2452 1015 2489 diceretur]
1045 2451 1118 2480 lloc
1136 2451 1324 2481 notandum.
1367 2451 1516 2481 Dictator

840 2493 925 2523 enim
945 2493 1007 2523 dici
1028 2493 1167 2523 debebat
1190 2493 1231 2522 ab
1254 2503 1292 2522 co
1317 2493 1516 2529 magistratu,

841 2535 932 2565 cuiun
954 2545 1080 2565 summa
1097 2541 1163 2564 crat
1183 2540 1332 2573 potestas.
1379 2534 1440 2565 Sed
1463 2546 1515 2565 nc-

842 2577 972 2608 ocsnitas
988 2578 1121 2615 cogebat
1143 2587 1162 2606 a
1185 2577 1279 2606 solito
1297 2588 1384 2608 more
1402 2577 1431 2607 in
1449 2577 1516 2616 qni-

843 2620 976 2649 busdam
990 2620 1146 2650 recedere.
1183 2619 1375 2650 Plutarchus
1386 2620 1516 2651 inCnm.

843 2662 910 2691 sinc
927 2661 994 2691 ulla
1011 2661 1175 2691 mentione
1193 2660 1270 2697 legin
1287 2662 1439 2697 curiatae,
1454 2672 1519 2702 qun

843 2703 1003 2734 Camillum
1022 2703 1063 2733 ab
1081 2703 1195 2733 exsilio
1218 2709 1430 2740 revocaretur,
1445 2714 1518 2735 eum

844 2745 1033 2776 dictatorem
1051 2745 1174 2775 dictum
1199 2755 1267 2775 csse
1291 2746 1399 2776 scribit
1419 2747 1460 2777 nb
1484 2746 1521 2777 iis

848 2787 900 2825 qui
920 2786 949 2816 in
967 2797 1040 2817 arco
1055 2787 1293 2818 obsidebantur.
1315 2790 1420 2819 Cam.

892 2838 909 2867 3
927 2830 1207 2868 „llicearn‘fim'bnaJ
1228 2829 1256 2860 E
1273 2831 1439 2870 peregrino
1453 2831 1522 2861 ⁶010

849 2871 879 2900 in
905 2871 984 2901 fines
1008 2871 1184 2907 Romanoa.
1199 2872 1265 2902 nivo
1289 2872 1319 2903 in
1344 2873 1449 2904 locum
1467 2874 1520 2912 qui

852 2913 1019 2944 Romnum-
1036 2913 1166 2944 ditionin
1181 2919 1275 2951 emet,
1292 2915 1434 2947 transire.
1459 2917 1521 2948 Cn.

1268 2970 1290 2997 Z
