1934 3211
145 266 188 297 U.
205 265 243 297 C.
263 274 335 305 354.

142 310 181 339 A.
206 309 244 339 C.
263 310 335 349 398.

144 351 277 381 Bellum

140 393 325 433 multiplex.

138 1238 192 1268 Tr.
210 1236 284 1268 Mil.

137 1279 298 1320 plebeius.

138 1493 176 1523 P.
195 1492 321 1522 Licinio

137 1535 253 1571 Calvo,
271 1539 332 1566 etc.

137 1577 192 1608 Tr.
211 1577 285 1608 Mil.

365 176 447 214 302
875 175 1024 218 ΤΙΤΙ
1066 175 1244 217 LIVII

362 263 462 318 spei.
526 263 725 320 Namque
747 264 866 306 Veiis
888 274 1033 315 castra,
1057 281 1165 321 quae
1194 265 1342 306 amissa
1363 273 1493 314 erant,
1517 272 1763 321 recuperata

362 320 540 362 castellis
575 322 878 378 praesidiisque
909 323 1140 364 firmantur.
1204 323 1433 363 Praeerant
1463 322 1621 363 tribuni
1652 321 1762 362 mili-

361 386 452 418 tum
481 377 554 419 M'.
575 379 786 420 Aemilius
818 388 860 420 et
892 380 948 421 K.
968 380 1132 421 Fabius.
1197 379 1258 420 M.
1276 380 1403 420 Furio
1434 379 1477 419 in
1508 379 1691 428 Faliscis,
1718 386 1763 419 et

363 434 443 476 Cn.
464 434 665 477 Cornelio
695 437 741 476 in
765 436 983 492 Capenate
1012 452 1111 492 agro
1145 436 1285 477 hostes
1313 436 1418 477 nulli
1447 444 1566 476 extra
1593 436 1762 476 moenia

358 491 545 533 inventi.
581 493 761 548 praedae
794 504 923 542 actae,
956 494 1250 548 incendiisque
1288 493 1481 533 villarum
1512 508 1559 533 ac
1590 493 1760 548 frugum

356 549 505 589 vastati
527 550 655 590 fines:
690 550 845 605 oppida
865 565 944 590 nec
966 558 1220 605 oppugnata,
1238 565 1317 590 nec
1340 550 1504 590 obsessa.
1525 558 1634 590 sunt.
1698 549 1761 589 At

356 606 399 646 in
427 605 602 655 Volscis,
625 606 880 662 depopulato
909 621 1020 661 agro,
1045 606 1200 646 Anxur
1228 606 1512 670 nequicquam
1541 621 1759 662 oppugna-

357 671 460 712 tum,
496 663 587 704 loco
621 663 704 703 alto
740 663 893 710 situm3
936 671 991 711 et,
1023 671 1245 717 postquam
1275 663 1337 703 vis
1372 663 1488 704 irrita
1517 672 1618 712 erat,
1650 662 1758 704 vallo

356 720 547 783 fossaque
590 719 773 759 obsideri
813 727 1022 774 coeptum.
1086 718 1258 759 Valerio
1299 719 1442 760 Potito
1474 720 1621 761 Volsci
1660 735 1757 776 pro-

356 776 494 816 vincia
524 784 731 816 evenerat.
796 775 893 816 Hoc
924 783 1034 816 statu
1062 775 1306 816 militarium
1334 791 1486 825 rerum,
1516 776 1702 818 seditio
1691 792 1757 817 111-

356 833 510 872 testina
537 832 693 872 maiore
720 831 829 872 mole
859 841 1014 881 coorta,
1037 847 1166 888 quam
1186 831 1297 873 bella
1328 833 1622 874 tractabantur.
1686 833 1754 883 Et,

356 904 489 943 quum
518 889 724 929 t1ibutun1
753 889 933 930 conferri
964 905 1041 954 per
1069 890 1259 930 tribunos
1287 905 1374 930 non
1401 898 1554 945 posset,
1576 905 1655 930 nec
1683 891 1757 931 sti-

354 945 560 1000 pendium
588 945 910 1001 imperatoribus
938 946 1186 996 mitteletur,
1210 961 1389 1002 aeraque
1418 946 1614 987 militaria
1639 947 1758 1003 flagi-

355 1009 463 1043 taret
484 1002 616 1052 miles,
639 1002 754 1043 haud
782 1003 928 1059 procul
956 1015 1057 1053 erat,
1082 1004 1186 1059 quin
1215 1012 1350 1045 castra
1370 1019 1540 1059 quoque
1572 1004 1756 1046 urbanae

355 1059 574 1100 seditionis
602 1060 854 1116 contagione
877 1061 1157 1101 turbarentur.
1222 1060 1340 1101 Inter
1360 1061 1464 1102 has
1454 1076 1535 1101 1133
1555 1060 1722 1116 plebis
1710 1076 1757 1102 111

355 1115 516 1166 Patres,
535 1132 667 1172 quum
685 1117 842 1158 tribuni
863 1117 998 1173 plebis
1014 1133 1128 1158 nunc
1149 1117 1256 1158 illud
1273 1126 1438 1174 tempus
1459 1133 1548 1159 esse
1566 1117 1757 1159 dicerent

355 1173 629 1215 stabiliendae
647 1174 863 1224 libertatis,
879 1183 921 1215 et
943 1176 994 1216 ab
1019 1174 1174 1231 Sergiis
1187 1174 1476 1240 Virginiisque
1494 1175 1546 1216 ad
1566 1174 1756 1230 plebeios

355 1230 465 1271 viros
495 1231 622 1272 fortes
653 1247 700 1272 ac
731 1240 922 1273 strenuos
954 1232 1232 1273 tiansferendi
1263 1233 1415 1273 summi
1439 1232 1635 1281 honoris3
1667 1247 1756 1273 non

355 1296 497 1328 tamen
525 1288 635 1329 ultra
661 1304 902 1344 processum
931 1298 1006 1339 est,
1031 1305 1158 1345 quam
1183 1298 1231 1330 ut
1259 1305 1368 1330 unus
1396 1305 1450 1330 ex
1477 1289 1613 1346 plebe,
1636 1304 1756 1330 usur-

353 1345 514 1400 pandi
505 1346 606 1386 luris
622 1360 758 1396 causa,
782 1346 828 1387 P.
850 1346 1041 1387 Licinius
1065 1346 1222 1387 Calvus
1243 1347 1435 1387 tiibunus
1457 1346 1639 1387 militum
1655 1361 1756 1387 con-

321 1431 328 1439 .
355 1401 480 1442 sulari
501 1411 706 1458 potestate
729 1413 961 1445 crearetur:
996 1404 1125 1445 ceteri
1142 1403 1307 1460 patricii
1323 1404 1452 1445 cleati
1473 1404 1522 1445 P.
1542 1403 1753 1453 Maenius,
1767 1421 1785 1452 3

320 1473 328 1481 ·
356 1458 405 1499 L.
423 1459 622 1509 Titinius,
646 1460 693 1501 P.
714 1460 911 1510 hIaelius,
934 1461 984 1502 L.
1001 1461 1152 1502 Furius
1175 1460 1454 1510 Medullinus,
1477 1460 1526 1502 L.
1546 1460 1756 1502 Publilius

356 1514 545 1557 Volscus.
609 1516 706 1572 Ipsa
725 1517 869 1572 plebes
892 1518 1132 1568 mirabatur,
1155 1533 1197 1559 se
1220 1526 1380 1559 tantam
1396 1533 1486 1559 rem
1503 1518 1751 1567 obtinuisse;

355 1587 442 1613 non
473 1573 507 1613 is
539 1573 679 1622 modo,
714 1575 788 1629 qui
820 1583 983 1616 creatus
1014 1584 1113 1624 erat,
1145 1576 1209 1615 vir
1238 1575 1364 1616 nullis
1395 1584 1492 1616 ante
1523 1575 1753 1616 honoribus

354 1645 465 1678 usuS,
488 1638 608 1670 vetus
630 1639 795 1671 tantum
815 1640 993 1681 senator,
1009 1641 1051 1672 et
1072 1641 1206 1673 aetate
1228 1633 1312 1673 iam
1333 1633 1480 1687 gravis.
1544 1631 1638 1673 Nec
1655 1631 1786 1678 satis4

353 1695 529 1736 constat,
562 1702 636 1727 cur
665 1688 825 1742 primus
856 1703 903 1728 ac
934 1689 1172 1743 potissimus
1203 1689 1257 1729 ad
1287 1704 1444 1729 novum
1480 1688 1752 1729 delibandum

353 1743 557 1784 honorem
579 1744 631 1784 sit
646 1743 824 1785 habitus.
890 1744 979 1785 Alii
995 1744 1075 1786 Cn.
1096 1745 1285 1786 Cornelii
1301 1746 1450 1795 fratris,
1469 1745 1542 1800 qui
1559 1745 1752 1786 tribunus

354 1800 536 1841 militum
564 1801 702 1857 priore
732 1817 843 1842 anno
873 1801 1021 1851 fuerat,
1045 1802 1284 1857 triplexque
1310 1802 1568 1857 stipendium
1597 1802 1782 1857 equiti-5

353 1857 430 1898 bus
451 1858 637 1907 dederat,
655 1859 787 1914 gratia
808 1867 1041 1899 extractum
1064 1859 1118 1899 ad
1140 1868 1305 1899 tantum
1325 1859 1530 1899 honorem
1552 1859 1748 1900 credunt:

353 1914 424 1954 3111
452 1915 685 1955 orationem
715 1915 853 1970 ipsum
881 1916 1173 1971 tempestivam
1202 1915 1254 1955 de
1283 1916 1509 1957 concordia
1539 1916 1749 1965 ordinum,
1804 1947 1809 1950 -

353 1971 548 2012 Patribus
569 1971 767 2027 plebique
789 1980 962 2027 gratam,
985 1972 1189 2013 habuisse.
1255 1971 1349 2013 Hac
1366 1973 1540 2014 victoria
1559 1972 1752 2014 comitio-

353 2094 509 2127 rerentur,
535 2090 590 2120 sed
620 2089 666 2119 ita
692 2093 815 2126 tamen,
839 2093 875 2119 ut
902 2090 1030 2120 nullum
1076 2091 1172 2130 plebe
1188 2091 1329 2130 primum
1344 2091 1447 2121 factos
1461 2101 1546 2122 anno
1564 2091 1608 2122 U.
1622 2091 1660 2123 C.
1678 2090 1750 2131 263.

352 2133 475 2163 bellum
494 2132 721 2162 terminaretur
743 2136 871 2171 sperata
888 2132 1029 2163 victoria.

353 2176 459 2206 CuEv.

397 2227 414 2256 3
437 2219 478 2248 P.
495 2218 670 2254 sslaenius]
698 2217 792 2246 Haec
809 2227 871 2246 vox
893 2227 932 2247 ex
956 2227 1028 2247 con-

353 2260 474 2290 iectura
491 2259 611 2298 Sigonii
627 2259 766 2298 irrepsit,
781 2259 837 2288 sed
856 2259 1029 2298 legendum

352 2304 393 2332 P.
401 2303 554 2332 Manlius
572 2301 733 2338 Vulso,ut
746 2311 785 2331 ex
801 2301 929 2341 Fragm.
941 2302 1029 2333 Fast.

352 2344 461 2383 Capit.
486 2344 535 2374 ed.
561 2343 740 2382 Burghesio
764 2347 864 2382 patet.
913 2344 953 2373 In
978 2344 1029 2373 iis-

353 2386 427 2416 dem
454 2385 571 2425 legitur
593 2387 734 2424 Spurius
758 2385 875 2415 Furius
899 2386 1028 2416 Medul-

353 2428 449 2466 linus,
465 2438 530 2458 non
545 2429 677 2458 Lucius.
715 2427 762 2457 Hi
778 2429 874 2458 ambo
891 2427 1028 2467 patricii,

353 2471 450 2501 ceteri
482 2480 593 2500 omnes
622 2470 751 2509 plebeii.
784 2470 920 2501 Niebhr.
942 2470 973 2501 ii.
995 2481 1026 2500 n.

395 2566 414 2593 4
444 2556 540 2586 Vetus
555 2559 682 2585 tantum
697 2556 842 2592 senator]
874 2555 949 2584 Hoc
965 2555 1027 2593 pri-

353 2606 442 2627 mum
471 2598 542 2627 loco
569 2596 605 2626 fit
633 2596 756 2627 mentio
781 2597 870 2635 apud
897 2597 1027 2627 Livium

353 2639 509 2669 senatoris
532 2638 662 2678 plebeii.
709 2638 787 2673 Quo
811 2642 920 2669 autem
946 2643 1026 2669 tem-

355 2691 432 2719 pore
461 2681 568 2711 aditus
596 2681 629 2711 in
659 2680 855 2711 senatorium
882 2681 1027 2711 ordinem

354 2723 488 2761 plebeiis
518 2723 670 2763 patuerit,
693 2733 758 2753 non
789 2723 865 2753 satis
892 2727 1028 2760 constat,

354 2774 412 2794 nec
436 2765 512 2794 certi
536 2766 712 2804 quidquam
736 2765 797 2795 hac
820 2766 861 2796 de
884 2776 917 2796 re
940 2746 1028 2805 apud

354 2806 502 2844 antiquos
516 2812 662 2837 auctores
681 2807 847 2847 reperitur.
893 2808 1027 2838 Glarea-

354 2857 414 2876 nus
429 2848 460 2876 in
478 2853 553 2878 nota
572 2849 613 2878 ad
637 2849 723 2879 hunc
746 2850 855 2879 locum
877 2850 1028 2888 affirmat,

356 2889 453 2920 Dion.
468 2889 520 2919 vii.
536 2888 586 2927 65.
603 2900 796 2921 memorasse
811 2896 973 2923 senatores
988 2903 1028 2923 ex

1075 2134 1131 2163 sed
1162 2143 1226 2163 non
1257 2133 1334 2163 satis
1362 2134 1503 2164 attendit
1531 2134 1573 2164 ad
1601 2133 1752 2174 Dionysii

1075 2176 1181 2212 verba,
1197 2185 1333 2214 quorum
1354 2176 1434 2206 haec
1455 2186 1546 2206 mens
1561 2180 1628 2214 est3
1652 2180 1689 2207 ut
1703 2177 1750 2207 in-

1073 2221 1123 2248 ter
1146 2218 1352 2248 incommoda
1375 2228 1457 2257 quae
1479 2218 1513 2248 in
1535 2218 1687 2258 patricios
1709 2229 1750 2249 ex

1073 2260 1280 2290 accusatione
1304 2264 1336 2290 et
1359 2260 1567 2291 damnatione
1585 2261 1751 2292 Coriolani

1074 2302 1219 2332 derivata
1248 2305 1334 2339 sunt,
1364 2302 1425 2332 hoc
1452 2313 1581 2342 quoque
1609 2306 1750 2341 notetur,

1073 2345 1199 2374 aditum
1228 2344 1262 2374 in
1288 2344 1410 2374 curiam
1437 2344 1580 2383 patuisse
1604 2344 1749 2384 plebeiis.

1074 2387 1119 2417 At
1140 2386 1173 2417 id
1193 2387 1250 2416 illo
1269 2397 1354 2417 anno
1370 2386 1491 2416 factum
1507 2396 1576 2417 esse
1590 2397 1655 2417 non
1671 2386 1749 2417 dicit

1075 2428 1260 2468 Dionysius.
1278 2429 1384 2459 CREV.
1427 2428 1528 2458 Hunc
1544 2429 1675 2468 quidem
1692 2439 1749 2469 per

1072 2475 1277 2510 quaesturam
1291 2470 1375 2501 viam
1388 2469 1446 2500 sibi
1462 2470 1496 2500 in
1508 2475 1656 2501 senatum
1672 2481 1747 2511 ape-

1071 2513 1170 2543 ruisse
1186 2512 1351 2543 existimat
1367 2512 1503 2543 Niebhr.
1519 2512 1551 2543 ii.
1568 2523 1600 2553 p.
1617 2523 1690 2554 4²9·

1116 2563 1132 2594 5
1158 2556 1351 2595 Tripleoeque
1366 2555 1577 2594 stipendium]
1596 2555 1747 2595 Triplum

1073 2596 1140 2627 eius
1165 2598 1251 2636 quod
1279 2596 1380 2636 pediti
1407 2597 1563 2628 dabatur:
1588 2601 1624 2627 ut
1649 2597 1746 2629 eonii-

1072 2649 1144 2669 cere
1160 2650 1199 2670 ex
1216 2649 1254 2670 eo
1271 2649 1452 2679 possumus,
1468 2640 1554 2678 quod
1572 2640 1688 2680 Polyb.
1705 2639 1746 2671 vi.

1074 2691 1122 2722 39.
1150 2682 1234 2712 hanc
1263 2681 1379 2712 servari
1405 2691 1485 2712 aevo
1511 2691 1568 2712 suo
1594 2681 1746 2729 stipendii

1072 2724 1227 2763 equestris
1239 2725 1280 2754 ad
1295 2724 1443 2763 pedestre
1455 2724 1611 2754 rationem
1627 2723 1744 2755 scribit.

1072 2766 1178 2797 szv.
1217 2766 1262 2796 Iis
1277 2770 1386 2796 autem
1403 2765 1478 2796 solis
1492 2766 1611 2806 triplex
1626 2765 1744 2806 stipen—

1072 2808 1161 2839 dium
1188 2809 1335 2845 dabatur,
1359 2808 1413 2847 qui
1440 2808 1530 2848 equis
1555 2808 1619 2839 suis
1645 2816 1744 2838 mere-

1072 2852 1160 2883 bant.
1192 2850 1232 2882 cf.
1249 2861 1334 2891 supr.
1355 2858 1382 2889 7.
