1934 3211
421 177 505 216 404
942 174 1091 216 ΤΙΤΙ
1128 174 1307 216 LIVII

207 276 252 308 U.
268 276 307 308 C.
325 286 399 318 393·
423 266 592 316 scirent,
613 281 656 308 se
687 266 851 323 parenti
872 281 995 322 opem
1025 266 1164 316 latam,
1187 281 1314 322 quam
1344 264 1525 306 inimicis
1555 264 1658 314 01115,
1680 263 1818 314 malle,

237 319 307 351 ..O
325 328 397 361 359·
424 324 537 380 capit
557 324 791 374 consilium,
809 323 924 364 rudis
940 323 1114 379 quidem
1128 332 1254 379 atque
1275 323 1448 380 agrestis
1468 322 1610 371 animi,
1627 330 1671 363 et
1685 336 1819 377 quan-

425 396 552 437 quam
574 396 662 422 non
682 381 814 423 civilis
835 381 1033 437 exempli,
1056 390 1198 422 tamen
1223 381 1380 437 pietate
1401 379 1623 421 laudabile.
1686 378 1847 422 Insci-1

424 439 592 480 entibus
613 439 787 489 cunctis,
810 438 943 479 cultro
972 439 1221 487 succinctus,
1244 453 1366 479 mane
1392 438 1436 478 in
1457 438 1617 486 urbem,
1640 445 1767 493 atque
1795 450 1820 476 a

423 505 544 552 porta
592 496 766 537 domum
812 495 1031 537 confestim
1076 495 1131 536 ad
1181 495 1243 536 M.
1267 495 1551 551 Pomponium
1601 494 1819 536 tribunum

423 554 578 609 pergit.
624 554 804 603 ianitori,
849 558 860 576 ‘
876 567 980 608 opus
1019 567 1107 593 esse
1150 552 1229 593 sibi
1268 552 1441 593 domino
1482 552 1571 592 eius
1611 558 1820 593 convento

427 616 439 634 ‘
455 610 693 666 extemplo,’
724 610 803 651 ait:
850 615 862 633 ‘
877 609 1103 658 nuntiaret,
1136 609 1187 649 T.
1213 608 1425 649 Manlium
1462 608 1511 649 L.
1534 609 1669 650 filium
1705 607 1820 650 05503

426 667 534 709 Mox
554 667 831 732 introductus,
854 666 1032 721 (etenim
1053 665 1261 721 percitum
1282 665 1342 706 ira
1363 665 1408 705 in
1432 674 1595 720 patrem
1615 681 1709 721 spes
1730 672 1821 706 erat

425 733 497 766 aut
532 725 717 765 criminis
754 723 916 779 aliquid
952 723 1064 771 novi,
1097 731 1170 763 aut
1200 722 1363 763 consilii
1393 722 1448 763 ad
1477 737 1567 763 rem
1598 722 1819 779 agendam,

425 780 608 837 deferre)
621 780 752 822 salute
775 788 947 844 accepta
961 779 1252 835 redditaque,‘
1267 779 1382 829 esse,’
1402 779 1471 829 ait,
1496 784 1508 803 ‘
1523 795 1630 836 quae
1652 794 1750 821 cum
1770 794 1821 820 eo

427 844 574 903 ‘agere
603 838 767 879 arbitris
797 837 967 879 remotis
987 836 1114 878 velit)
1173 836 1329 877 Procul
1349 836 1448 877 inde
1480 838 1675 879 omnibus
1705 836 1819 879 abire

424 895 557 945 iussis,
581 895 762 937 cultrum
776 895 964 950 stringit:
998 903 1053 944 01,
1072 909 1197 950 super
1211 893 1369 935 lectum
1383 903 1495 935 stans
1510 894 1619 936 ferro
1639 895 1818 944 intento,

422 953 516 1002 nisi,
538 953 584 994 in
604 968 712 1009 quae
741 953 829 1009 ipse
851 952 1112 1008 concepisset
1132 952 1269 1001 verba,
1291 952 1460 1002 iuraret,
1484 957 1550 993 ‘se
1581 952 1711 1008 patris
1730 952 1820 993 eius

424 1016 436 1034 ‘
451 1010 676 1051 accusandi
697 1025 822 1051 causa
837 1009 1064 1051 concilium
1084 1009 1218 1066 plebis
1239 1024 1459 1065 nunquam
1485 1009 1755 1059 habiturum,'
1775 1023 1818 1050 se

423 1083 522 1109 eum
557 1067 771 1133 extemplo
804 1067 1103 1108 transfixurum
1143 1067 1338 1108 minatur.
1401 1066 1585 1108 Pavidus
1625 1066 1819 1108 tribunus

423 1124 602 1181 (quippe
624 1125 698 1181 qui
713 1125 870 1166 ferrum
891 1133 988 1166 ante
1011 1124 1153 1165 0011105
1174 1124 1341 1175 micare,
1356 1140 1398 1166 se
1420 1124 1597 1174 solum,
1586 1139 1792 1165 mermem
1804 1139 1817 1174 3

422 1182 542 1223 illum
558 1182 845 1238 praevalidum
859 1182 1068 1231 iuvenem,
1083 1190 1138 1231 et,
1156 1181 1272 1238 quod
1291 1181 1407 1223 haud
1422 1181 1561 1222 minus
1582 1181 1819 1222 timendum

423 1249 523 1289 erat,
546 1240 696 1281 stolide
718 1240 901 1281 ferocem
920 1239 1078 1280 viribus
1099 1239 1182 1280 suis
1203 1239 1413 1293 cerneret)
1437 1239 1614 1288 adiurat,
1636 1238 1682 1279 in
1709 1253 1818 1294 quae

423 1297 595 1338 adactus
622 1305 685 1339 est
704 1298 854 1346 verba3
887 1305 930 1338 et
957 1312 1055 1353 prae
1081 1311 1123 1337 se
1152 1296 1307 1338 deinde
1336 1296 1444 1346 tulit,
1467 1311 1516 1337 ea
1535 1296 1576 1337 vi
1600 1295 1820 1337 subactum

423 1369 467 1396 se
503 1355 674 1411 incepto
704 1355 923 1396 destitisse.
987 1353 1082 1395 Nec
1118 1354 1308 1410 perinde,
1340 1362 1388 1395 ut
1418 1353 1631 1394 maluisset
1659 1353 1817 1409 plebeS‚

424 1412 503 1453 sibi
532 1412 718 1468 suffragii
738 1413 901 1454 ferendi
932 1411 984 1452 de
1017 1421 1101 1452 tam
1122 1411 1283 1452 crudeli
1314 1419 1356 1453 et
1387 1411 1566 1468 superbo
1596 1425 1668 1452 reo
1698 1419 1818 1467 pote-

424 1477 573 1510 statem
589 1470 708 1519 fieri3
741 1470 800 1511 ita
819 1485 941 1527 aegre
963 1469 1124 1519 habuit,
1138 1469 1273 1510 filium
1286 1469 1331 1510 id
1350 1484 1426 1525 pro
1447 1476 1622 1525 parente
1643 1483 1814 1510 ausum:

423 1541 558 1591 eoque
580 1526 624 1566 id
639 1501 889 1570 laddabilius
905 1535 1006 1577 erat,
1022 1526 1138 1591 quod
1159 1526 1346 1568 animum
1369 1526 1457 1567 01115
1479 1534 1594 1567 tanta
1614 1525 1817 1568 acerbitas

423 1583 558 1639 patria
591 1583 698 1624 nihil
726 1599 750 1624 a
775 1585 932 1639 pietate
961 1584 1186 1625 avertisset.
1249 1583 1399 1640 Itaque
1435 1599 1523 1625 non
1557 1583 1666 1640 patri
1690 1583 1816 1625 modo

422 1641 595 1682 remissa
614 1655 761 1682 causae
787 1641 916 1682 dictio
946 1649 1020 1690 est,
1043 1641 1148 1681 5οᾶ
1138 1641 1217 1696 1psi
1245 1641 1373 1682 etiam
1397 1641 1657 1682 adolescenti
1682 1656 1732 1681 ea
1751 1655 1818 1682 res

423 1697 575 1739 honori
594 1698 695 1739 fuit:
730 1705 772 1738 et
793 1713 925 1753 quum
953 1713 1003 1738 eo
1025 1712 1136 1738 anno
1156 1698 1340 1753 primum
1367 1698 1603 1753 placuisset,
1626 1698 1817 1739 tribunos

423 1755 603 1796 militum
638 1755 692 1796 ad
726 1754 913 1810 legiones
948 1754 1144 1810 suffragio
1175 1754 1280 1804 fieri,
1314 1754 1433 1810 (nam
1465 1762 1508 1795 et
1540 1762 1675 1804 antea,
1709 1754 1847 1796 sicut2

421 1827 549 1862 nunc,
592 1827 697 1867 quos
738 1812 918 1853 Rufulos
952 1819 1116 1860 vocant,
1158 1811 1429 1867 imperatores
1468 1811 1548 1867 ipsi
1588 1811 1816 1868 faciebant)
1829 1831 1847 1862 3

421 1869 655 1910 secundum
685 1870 729 1910 in
759 1884 832 1910 sex
862 1869 964 1910 locis
994 1869 1145 1918 tenuit,
1162 1868 1289 1909 nullis
1322 1868 1440 1909 domi
1467 1868 1727 1925 militiaeque
1761 1869 1847 1918 ad4

420 1926 726 1967 conciliandam
754 1927 929 1982 gratiam
951 1925 1132 1975 meritis3
1166 1934 1213 1967 ut
1233 1925 1308 1982 qui
1334 1940 1429 1967 rure
1461 1934 1504 1967 et
1523 1926 1670 1982 procul
1690 1934 1816 1968 coetu

420 1983 642 2024 hominum
662 1984 877 2024 iuventam
897 1983 1060 2039 egisset.

282 2049 319 2088 6,
480 2040 643 2083 Eodem
676 2056 800 2090 anno,
832 2056 907 2081 seu
939 2049 1057 2081 motu
1090 2048 1236 2090 terrae,
1271 2055 1345 2081 seu
1377 2055 1462 2096 qua
1487 2040 1529 2081 vi
1558 2040 1650 2091 alia,
1677 2040 1814 2082 forum

421 2097 609 2138 medium
641 2097 770 2139 ferme
804 2113 932 2154 specu
959 2106 1074 2139 vasto
1106 2097 1335 2154 collapsum
1368 2097 1411 2138 in
1444 2097 1691 2139 immensam
1722 2097 1815 2139 alti-

204 2162 333 2202 Vorago
348 2161 381 2192 in
422 2155 613 2196 tudinem
649 2155 829 2204 dicitur3
868 2170 1007 2211 neque
1039 2170 1131 2196 eam
1162 2155 1405 2211 voraginem
1440 2154 1635 2196 coniectu
1665 2163 1812 2206 terrae,

201 2205 278 2236 foro.
420 2227 553 2267 quum
573 2227 649 2268 pro
673 2227 716 2253 50
738 2212 916 2268 quisque
941 2221 1116 2268 gereret,
1139 2212 1298 2268 expleri
1326 2212 1508 2268 potuisse
1536 2212 1663 2268 prius,
1686 2227 1814 2269 quam

418 2269 547 2312 deum
572 2270 736 2311 monitu
757 2284 902 2325 quaeri
922 2278 1132 2325 coeptum,
1156 2285 1240 2325 quo
1267 2269 1495 2325 plurimum
1522 2269 1702 2325 populus
1725 2270 1813 2311 Ro-

417 2340 566 2368 manus
585 2327 755 2382 posset?
795 2326 847 2367 Id
868 2327 981 2367 enim
1003 2326 1063 2367 illi
1084 2326 1176 2368 1000
1197 2326 1438 2375 dicandum,
1455 2335 1569 2366 vates
1590 2327 1810 2376 canebant,

417 2384 451 2425 si
481 2384 783 2441 rempublicam
809 2383 1045 2425 Romanam
1075 2392 1322 2440 perpetuam
1353 2398 1440 2424 esse
1465 2382 1632 2424 vellent.
1696 2383 1810 2424 Tum

466 2544 478 2564 1
504 2535 581 2565 Non
596 2534 699 2564 civih's
713 2534 866 2572 exempli]
898 2532 989 2570 Eius,
1006 2531 1092 2571 quod
1136 2531 1206 2571 quit
1223 2532 1340 2562 Ascon.
1356 2531 1389 2562 in
1404 2531 1473 2563 Cic.
1491 2531 1601 2563 Divin.
1617 2534 1674 2573 qui
1690 2533 1809 2566 Romae

419 2576 524 2606 civem
540 2577 665 2613 deceat,
680 2580 717 2605 ut
732 2585 818 2614 supr.
835 2575 874 2605 vi.
892 2585 943 2612 40.
1136 2576 1270 2606 comitiis
1285 2575 1507 2614 desiynantur.
1531 2575 1638 2607 CREV.

463 2628 480 2648 2
503 2618 775 2657 Suff'rayz'ofieri]
802 2618 842 2648 cf.
861 2617 939 2647 Infr.
956 2616 998 2647 ix.
1017 2625 1066 2655 30.
1179 2628 1198 2654 4
1220 2618 1402 2648 Secundum
1418 2618 1454 2647 in
1468 2628 1524 2648 sea·
1539 2618 1630 2655 locis]
1656 2617 1691 2649 Si
1711 2617 1807 2658 legio-

462 2669 480 2699 3
510 2661 595 2697 Quos
623 2661 766 2699 Rufulos
795 2660 926 2697 vocant]
971 2660 1091 2698 Rufuli
1134 2669 1192 2689 nes
1206 2662 1368 2698 quattuor,
1383 2663 1420 2689 ut
1440 2659 1537 2690 moris
1551 2662 1631 2698 erat,
1645 2659 1707 2691 hoc
1722 2670 1808 2691 anno

419 2703 682 2742 appellabantur,
721 2701 826 2741 inquit
867 2702 992 2739 Festus,
1034 2702 1089 2732 tri·
1133 2700 1271 2740 scriptae
1291 2705 1378 2739 sunt,
1393 2705 1545 2741 quattuor
1564 2705 1597 2733 et
1620 2701 1730 2741 viginti
1753 2702 1807 2733 tri-

420 2746 498 2774 buni
528 2746 666 2775 militum
691 2755 711 2775 a
738 2745 867 2775 consule
891 2745 991 2782 jacti,
1025 2753 1090 2774 mm
1133 2744 1228 2774 bunis
1256 2743 1397 2773 militum
1422 2754 1504 2783 opus
1529 2747 1606 2776 erat.
1656 2744 1721 2775 Sed
1749 2754 1807 2783 per

418 2796 438 2815 a
455 2788 595 2825 populo.-
619 2788 658 2817 de
678 2797 814 2827 quorum
833 2787 906 2817 iure
923 2787 1007 2826 quod
1022 2787 1088 2816 Ru·
1134 2785 1213 2816 haec
1236 2788 1383 2825 tempora
1399 2785 1571 2817 dictatores
1594 2789 1626 2816 et
1648 2786 1805 2824 consules,

417 2828 506 2857 tilius
530 2830 641 2866 Rufus
673 2830 772 2868 leyem
805 2829 927 2865 tulerit,
957 2829 1090 2867 Rufuli,
1134 2838 1290 2867 perquam
1314 2828 1425 2867 paucis
1447 2828 1597 2867 suffragio
1623 2827 1736 2866 populi
1759 2838 1805 2858 re-

416 2878 453 2898 ac
467 2874 537 2907 post
552 2871 680 2907 Rutuli,
696 2870 761 2901 sive
778 2870 885 2909 potius
900 2870 1018 2907 Rutili,
1033 2881 1089 2909 ap·
1134 2870 1218 2900 lictis
1241 2869 1331 2908 locis,
1346 2870 1469 2909 reliqua
1484 2869 1531 2900 sui
1546 2869 1694 2899 beneficii
1708 2869 1805 2901 facie·

411 2911 526 2950 pellati
549 2916 634 2942 sunt.
680 2913 750 2942 Alii
771 2917 848 2943 sunt
866 2913 1030 2951 comitiati,
1044 2912 1089 2943 in-
1135 2913 1225 2950 bant,
1241 2915 1323 2943 teste
1340 2911 1433 2943 Livio
1448 2911 1519 2942 infr.
1535 2911 1578 2942 ix.
1595 2919 1645 2950 30.
1670 2911 1774 2943 ΟΜΝ.
