1934 3211
137 259 182 292 U.
199 261 237 292 C.
256 269 329 304 359.

136 304 175 334 A.
201 306 238 335 C.
257 313 328 345 393.

141 782 340 814 Cuniculum

139 826 173 855 in
190 835 297 855 arcem

141 867 298 897 Veiorum

140 909 216 949 agit.

143 1412 346 1443 Deliberatio

140 1456 181 1485 de
198 1456 318 1494 praeda

142 1497 309 1527 Veiorum.

355 167 440 205 310
871 169 1019 212 ΤΙΤΙ
1061 170 1242 213 LIVII

355 253 575 296 hominum
597 257 766 308 maiore,
785 275 912 315 quam
929 276 1014 317 spe,
1033 261 1077 302 in
1099 277 1198 318 agro
1211 261 1394 318 primum
1412 259 1643 317 Nepesino,
1658 274 1755 301 cum

356 312 527 354 Faliscis
555 323 598 355 et
622 314 910 371 Capenatibus
937 319 1057 374 signa
1083 319 1256 360 confert.
1323 319 1480 361 Omnia
1506 318 1565 359 ibi
1593 331 1757 358 summa

355 370 516 412 ratione
548 373 806 429 consilioque
840 383 932 416 aeta
966 377 1134 418 fortuna
1166 377 1306 426 etiam,
1338 385 1385 417 ut
1413 376 1473 425 fit,
1505 383 1648 416 secuta
1679 382 1754 415 est.

357 427 460 468 Non
481 430 641 484 proelio
669 439 833 472 tantum
854 432 965 474 fudit
986 434 1138 483 hostes,
1161 434 1235 475 sed
1262 434 1406 474 eastris
1427 448 1597 489 quoque
1624 431 1755 481 exuit,

356 485 604 541 ingentique
625 489 781 543 praeda
797 498 858 530 est
879 491 1060 545 potitus3
1095 492 1213 532 cuius
1234 506 1330 547 pars
1350 492 1533 531 maxima
1553 489 1607 531 ad
1628 503 1758 545 quae-

357 551 510 583 storem
539 544 708 586 redacta
728 555 812 587 est:
847 547 960 587 haud
989 548 1048 588 ita
1068 548 1248 588 multum
1277 548 1399 588 militi
1428 548 1585 588 datum.
1648 545 1756 587 Inde

358 599 412 639 ad
433 599 563 641 Veios
588 603 796 643 exercitus
817 603 981 653 ductus,
1004 605 1281 660 densioraque
1310 605 1478 645 castella
1498 605 1630 653 faeta3
1664 612 1706 644 et
1734 618 1758 643 a

358 658 752 712 procursationibus,
771 675 878 715 quae
893 661 1049 701 multae
1065 670 1221 701 temere
1238 662 1348 702 inter
1361 676 1528 702 murum
1542 677 1589 702 ae
1602 660 1758 701 vallum

359 714 530 764 fiebant,
561 715 711 765 edicto,
742 732 795 757 ne
828 718 922 772 quis
950 718 1109 758 iniussu
1139 727 1359 774 pugnaret,
1386 718 1439 758 ad
1470 733 1575 774 opus
1605 717 1758 758 milites

360 773 550 813 traducti.
597 773 786 828 Operum
802 773 882 814 fuit
904 775 1093 815 omnium
1114 775 1238 831 longe
1257 775 1487 816 maximum
1509 791 1557 816 ac
1578 775 1759 816 laborio-

359 829 580 879 sissimum,
603 831 823 872 cuniculus
844 832 888 871 in
910 846 1049 873 arcem
1074 832 1259 873 hostium
1281 833 1347 888 agi
1369 841 1553 888 coeptus.
1628 831 1759 881 Quod

358 901 411 926 ne
425 887 774 929 intermitteretur
787 904 903 945 opus,
915 904 996 947 neu
1012 890 1088 930 sub
1104 898 1212 931 terra
1220 890 1445 931 continuus
1458 890 1575 930 labor
1586 890 1758 931 eosdem

359 944 598 994 conficeret,
616 945 661 985 in
676 955 815 1001 partes
828 961 900 987 sex
918 947 1177 988 munitorum
1195 962 1419 988 numerum
1436 947 1599 988 divisit:
1634 962 1758 987 senae

359 1001 485 1041 horae
507 1002 551 1041 in
573 1003 716 1044 orbem
732 1004 846 1059 operi
865 1004 1087 1045 attributae
1101 1014 1220 1045 sunt:
1254 1013 1377 1045 nocte
1392 1019 1440 1045 ac
1456 1004 1524 1045 die
1539 1019 1759 1061 nunquam

360 1067 456 1099 ante
479 1060 691 1109 omissum,
715 1076 840 1116 quam
864 1062 908 1102 in
930 1076 1068 1102 arcem
1089 1063 1198 1102 viam
1219 1062 1416 1103 facerent.

419 1115 624 1166 Dictator,
655 1133 788 1173 quum
820 1119 901 1159 iam
930 1119 974 1159 in
1004 1120 1196 1160 manibus
1223 1119 1384 1160 videret
1411 1119 1627 1160 victoriam
1655 1134 1757 1169 esse,

361 1174 506 1214 urbem
530 1174 887 1230 opulentissimam
910 1177 1017 1232 capi,
1036 1186 1285 1232 tantumque
1306 1176 1485 1232 praedae
1506 1176 1607 1225 fore,
1625 1191 1760 1232 quan-

362 1242 451 1271 tum
483 1247 570 1272 non
602 1233 797 1273 omnibus
819 1234 862 1274 in
891 1249 1024 1274 unum
1053 1233 1213 1275 collatis
1235 1243 1332 1274 ante
1364 1233 1484 1274 bellis
1503 1233 1672 1283 fuisset3
1704 1248 1759 1274 ne

361 1304 487 1343 quam
502 1289 600 1330 inde
618 1299 691 1330 aut
707 1290 888 1331 militum
906 1291 1010 1332 iram
1027 1307 1080 1332 ex
1094 1291 1354 1347 malignitate
1371 1291 1551 1347 praedae
1567 1291 1758 1347 partitae,
1774 1302 1792 1336 7

360 1354 432 1386 aut
464 1346 665 1388 invidiam
699 1348 813 1403 apud
844 1349 990 1389 Patres
1024 1364 1077 1390 ex
1108 1349 1287 1405 prodiga
1321 1348 1541 1404 largitione
1578 1356 1758 1404 caperet,

360 1402 498 1443 literas
519 1404 571 1444 ad
594 1414 783 1445 senatum
803 1406 937 1447 misit:
974 1412 986 1430 ⁶
1002 1406 1146 1447 Deum
1168 1405 1467 1446 immortalium
1483 1405 1758 1461 benignitate,

362 1465 373 1482 ‘
389 1460 472 1500 suis
494 1462 689 1510 consiliis,
707 1463 911 1517 patientia
925 1463 1120 1513 militum,
1136 1463 1266 1504 Veios
1287 1463 1369 1504 iam
1382 1463 1470 1504 fore
1492 1463 1536 1503 in
1552 1470 1759 1519 potestate

361 1517 534 1572 ‘populi
558 1518 752 1559 Romani.
820 1520 938 1567 Quid
964 1521 1016 1561 de
1045 1521 1200 1576 praeda
1229 1520 1469 1561 faciendum
1491 1520 1762 1561 censerent?'

360 1573 484 1614 Duae
527 1584 718 1615 senatum
760 1576 1018 1618 distinebant
1066 1578 1322 1618 sententiae:
1370 1578 1480 1618 senis
1522 1577 1568 1618 P.
1589 1576 1758 1627 Licinii,
1773 1589 1792 1620 8

360 1646 487 1686 quem
524 1632 706 1687 primum
743 1633 896 1673 dixisse
929 1649 952 1674 a
982 1634 1069 1674 filio
1105 1635 1407 1690 interrogatum
1437 1635 1591 1684 ferunt,
1626 1634 1761 1676 ‘edici

363 1694 373 1711 ‘
389 1688 527 1743 palam
544 1689 708 1744 placere
730 1690 899 1745 populo,
919 1699 978 1739 ut,
994 1691 1067 1746 qui
1089 1692 1296 1746 particeps
1313 1706 1401 1731 esse
1423 1691 1602 1746 praedae
1618 1690 1758 1740 vellet,

363 1753 373 1769 ‘
392 1746 434 1785 in
467 1755 600 1786 castra
625 1747 753 1788 Veios
774 1747 853 1787 iret
867 1764 875 1787 :
889 1748 897 1764 '
928 1747 1058 1788 altera
1079 1749 1162 1803 Ap.
1183 1748 1366 1796 Claudii,
1390 1748 1477 1803 qui,
1495 1747 1760 1803 largitionem

361 1818 526 1852 novam,
568 1803 800 1859 prodigam,
844 1804 1124 1860 inaequalem,
1166 1804 1445 1845 inconsultam
1493 1820 1683 1860 arguens,
1725 1805 1760 1846 si

362 1860 490 1900 semel
522 1861 637 1901 nefas
668 1861 885 1910 ducerent,
918 1870 1082 1917 captam
1114 1877 1167 1902 ex
1203 1861 1391 1902 hostibus
1422 1862 1466 1902 in
1497 1862 1655 1902 aerario
1686 1877 1760 1903 ex-

362 1917 510 1958 hausto
546 1917 665 1958 bellis
697 1919 920 1974 pecuniam
957 1933 1059 1968 esse,
1094 1928 1240 1960 auctor
1275 1928 1363 1959 erat
1395 1919 1594 1975 stipendii
1625 1934 1678 1960 ex
1711 1934 1761 1960 ea

361 1975 543 2029 pecunia
573 1975 696 2015 militi
725 1976 988 2025 numerandi,
1011 1984 1059 2016 ut
1079 1991 1128 2016 eo
1157 1976 1296 2016 minus
1318 1976 1463 2016 tributi
1487 1975 1630 2032 plebes
1660 1991 1761 2018 con-

361 2031 508 2072 ferret:
560 2038 570 2055 ‘
588 2031 691 2072 Eius
732 2033 845 2073 enim
887 2033 988 2073 doni
1021 2033 1262 2074 societatem
1303 2047 1494 2074 sensuras
1530 2033 1762 2089 aequaliter

364 2094 374 2111 ‘
389 2089 576 2129 omnium
592 2089 757 2130 domos:
785 2105 871 2130 non
886 2090 1026 2131 avidas
1042 2090 1087 2130 in
1100 2089 1357 2145 direptiones
1371 2105 1519 2131 manus
1533 2091 1761 2133 otiosorum

364 2151 375 2167 ‘
388 2146 643 2187 urbanorum
665 2155 954 2202 praerepturas
975 2147 1145 2188 fortium
1167 2147 1416 2188 bellatorum
1444 2149 1629 2203 praemia
1649 2164 1757 2190 esse:

365 2210 374 2225 ‘
393 2218 525 2258 quum
547 2204 604 2244 ita
624 2204 753 2244 ferme
780 2205 957 2254 eveniat,
981 2214 1027 2245 ut
1049 2205 1216 2260 segnior
1246 2204 1298 2245 sit
1322 2205 1556 2260 praedator,
1578 2214 1625 2247 ut
1646 2206 1792 2262 quis-9

365 2266 375 2282 ⁶
393 2275 474 2315 que
503 2261 653 2301 laboris
675 2261 936 2316 periculique
958 2263 1226 2317 praecipuam
1253 2270 1396 2317 petere
1422 2271 1584 2318 partem
1605 2263 1760 2304 soleat)

365 2317 563 2362 Licinius,
585 2328 744 2367 contra,
769 2324 779 2341 ‘
796 2328 1030 2374 suspectam
1060 2328 1101 2359 et
1122 2319 1297 2359 invisam
1326 2334 1491 2374 semper
1518 2335 1608 2360 eam
1631 2335 1759 2376 pecu-

366 2380 375 2397 ‘
393 2375 506 2415 niam
547 2375 661 2424 fore,'
701 2376 837 2416 aiebat
850 2392 860 2424 3
915 2382 927 2399 ‘
942 2391 1168 2432 causasque
1216 2375 1440 2416 criminum
1480 2376 1534 2417 ad
1575 2376 1757 2432 plebem,

366 2438 376 2454 ‘
390 2432 645 2473 seditionum
668 2433 767 2473 inde
790 2448 836 2473 ae
858 2433 999 2488 legum
1022 2447 1237 2481 novarum,
1260 2433 1554 2487 praebituram.
1621 2433 1759 2475 Satius

365 2489 520 2545 ‘igitur
544 2505 645 2538 esse,
668 2489 928 2530 reconciliari
949 2505 999 2531 eo
1025 2490 1137 2531 dono
1167 2489 1301 2545 plebis
1330 2490 1511 2531 animos:
1546 2491 1759 2532 exhaustis

409 2663 423 2692 7
440 2655 494 2683 Em
508 2653 707 2691 rnalifflzitale
719 2652 862 2691 praedae
874 2652 1034 2691 partitae]
1082 2655 1133 2681 tur
1156 2662 1239 2683 unus
1262 2663 1279 2683 e
1303 2652 1396 2692 regiis
1412 2652 1503 2682 codd.
1521 2662 1585 2682 non
1609 2661 1757 2691 spernen-

364 2696 414 2725 Ex
446 2695 598 2734 maligna,
624 2694 655 2724 id
683 2698 742 2731 est,
773 2694 909 2723 nimium
940 2703 1038 2733 parca
1081 2694 1141 2723 dae
1162 2694 1218 2725 ille
1239 2695 1368 2734 quidem
1393 2693 1480 2731 fidei,
1503 2697 1535 2724 et
1560 2693 1756 2725 Victorinus.

364 2739 501 2775 praedae
517 2736 705 2775 partitione:
728 2737 752 2765 si
769 2736 905 2766 nimium
922 2746 1037 2775 pareus
1081 2736 1186 2766 CnEv.

364 2779 520 2808 militibus
543 2779 574 2808 in
592 2778 765 2808 dividenda
782 2779 901 2817 praeda
917 2778 1035 2808 videre-
1123 2788 1142 2819 9
1171 2780 1213 2810 Ut
1232 2780 1375 2819 sequior]
1404 2779 1463 2815 Ut,
1479 2788 1543 2817 quo
1559 2777 1694 2817 quisque
1714 2778 1755 2808 ad

364 2824 424 2849 tur.
447 2822 551 2849 (JREV.
1081 2821 1222 2851 laborem
1237 2822 1468 2861 capessendum
1482 2820 1689 2860 periculaque
1701 2820 1754 2850 ad-

407 2863 425 2890 8
448 2863 540 2890 Senis
553 2863 740 2900 P.L1'cim'i]
767 2862 913 2901 Sigonius
929 2873 946 2892 e
960 2867 1035 2893 vett.
1081 2864 1185 2893 eunda
1210 2863 1389 2903 promptior
1407 2867 1465 2899 est,
1481 2872 1519 2892 eo
1539 2861 1665 2901 segnior
1687 2861 1753 2899 ple-

364 2903 452 2933 l'l'vris
474 2903 560 2939 legit,
577 2914 642 2932 urm
662 2906 765 2933 senis:
791 2906 884 2942 eique
905 2904 1035 2934 asse-nti·
1081 2915 1216 2943 rumque
1232 2905 1270 2935 sit
1287 2906 1326 2935 ad
1346 2905 1574 2943 praedandum.
1598 2903 1703 2933 ΟΜΝ.
