1934 3211
555 165 681 225 L1'13.
717 182 793 224 VI.
840 183 986 224 CAP.
1022 186 1058 224 6.
1430 187 1511 225 355

110 272 242 315 buum
276 287 498 315 numerum
539 273 772 329 explevere.
842 273 910 314 De
952 288 1051 328 agro
1093 272 1322 328 Pomptino
1362 273 1414 314 ab
1456 273 1505 314 L.
1526 283 1567 314 U.
1585 284 1622 315 C.
1642 283 1713 323 368.

112 329 270 372 Sicinio
283 331 452 371 tribtmo
468 329 602 386 plebis
615 338 755 372 actum
775 330 829 371 ad
842 330 1171 386 frequentiorem
1188 330 1271 370 iam
1288 329 1505 384 populum,
1521 325 1560 356 A.
1585 327 1623 357 C.
1641 327 1714 365 384.

108 386 454 443 mobilioremque
485 387 539 428 ad
563 387 838 443 cupiditatem
870 387 970 443 agri,
1003 401 1131 443 quam
1157 386 1303 427 fuerat.
1367 385 1424 426 Et
1454 386 1507 427 de
1607 371 1644 409 6·

107 441 262 484 Latino
294 442 570 499 Hernicoque
603 443 713 486 bello
744 444 905 485 mentio
935 444 1044 499 facta
1073 444 1118 484 in
1146 452 1306 493 senatu,
1339 443 1507 484 maioris

106 499 205 541 belli
224 515 336 550 cura,
359 501 474 556 quod
498 501 666 542 Etruria
685 502 730 542 in
751 502 876 543 armis
897 510 998 551 erat,
1021 500 1151 542 dilata
1170 510 1244 542 est.

164 556 252 598 Res
276 557 330 598 ad
355 557 584 600 Camillum
614 559 831 600 tribunum
853 558 1035 600 militum
1061 557 1271 599 consulari
1298 565 1504 615 potestate
1522 570 1564 602 U.
1582 572 1619 603 C.
1639 572 1710 614 369.

104 612 240 655 rediit.
306 614 507 671 Collegae
539 615 674 656 additi
705 616 908 672 quinque,
944 615 1030 657 Ser.
1062 615 1287 657 Cornelius
1319 615 1506 671 Malugi-
1518 614 1557 686 ie·
1581 615 1618 645 C.
1636 616 1708 662 3⁸83-

212 671 220 678 .
463 673 470 680 .
495 673 502 680 .
622 673 629 680 .
1147 673 1155 680 .
1237 672 1245 680 .
1371 673 1378 680 .
1442 673 1450 680 ·
1539 656 1565 686 1.
1584 657 1681 687 Furio

103 685 256 721 nensis,
283 672 336 720 Q.
357 671 556 714 Servilius
584 672 766 714 Fldenas
791 682 970 722 sextum,
1001 673 1050 714 L.
1071 673 1299 721 Qumctms
1328 671 1505 714 Clncln-
1517 698 1659 729 Camillo
1674 700 1715 730 v·

103 737 239 778 natus,
270 729 319 770 L.
338 729 541 771 Horatius
573 730 791 780 Pulvillus,
820 730 868 771 P.
885 730 1092 772 Valerius.
1155 730 1372 786 Principio
1402 730 1503 771 anni
1516 741 1721 773 etc.Tr.Mil.

102 799 269 827 aversae
291 802 415 828 curae
445 787 663 828 hominum
685 796 784 828 sunt
805 803 829 828 a
856 787 966 829 bello
989 787 1182 837 Etrusco,
1200 787 1316 843 quod
1335 787 1503 843 fugicn-
1516 783 1710 830 Antiatesin

103 841 209 883 tium
235 859 289 884 ex
315 859 415 900 agro
445 843 672 900 Pomptino
703 860 855 900 agmen
883 854 1056 900 repente
1088 844 1251 886 illatum
1278 845 1323 885 in
1354 845 1502 885 urbem
1513 835 1619 857 amus.

100 899 256 950 attulit,
287 901 484 942 Antiates
513 902 556 942 in
588 902 712 942 armis
737 917 839 951 esse,
863 901 1200 958 Latinorumque
1229 901 1407 959 populos
1436 902 1500 942 iu-

101 966 320 999 ventutem
341 959 593 1000 summisisse
615 959 668 1000 ad
685 959 728 1000 id
743 959 924 1008 bellum3
958 974 1008 1001 eo
1029 960 1262 1001 abnuentes
1282 959 1499 1016 publicum

72 1013 227 1057 2fuisse
257 1016 491 1065 consilium,
514 1016 631 1072 quod
662 1032 747 1058 non
776 1017 1007 1073 prohibitos
1036 1017 1329 1059 tantummodo
1349 1016 1499 1058 volun-

102 1073 227 1114 tarios
257 1072 447 1114 dicerent
479 1073 669 1123 militare,
703 1074 774 1115 ubi
805 1074 971 1115 vellent.
1036 1074 1263 1116 Desierant
1298 1075 1378 1116 iam
1414 1074 1499 1115 ulla

99 1130 316 1171 contemni
346 1130 465 1172 bella.
530 1130 679 1186 Itaque
712 1141 881 1173 senatus
913 1131 993 1172 diis
1026 1147 1148 1188 agere
1184 1132 1350 1188 gratias,
1383 1131 1499 1188 quod
1512 1142 1717 1175 Camilloru-

102 1185 309 1228 Camillus
330 1188 374 1228 in
392 1188 638 1243 magistratu
658 1199 766 1230 esset
783 1205 791 1229 :
826 1189 1072 1231 dictatorem
1091 1189 1248 1245 quippe
1267 1189 1495 1231 dicendum
1509 1185 1618 1232 gtmen
1635 1197 1702 1217 ⁰¹¹¹·

98 1258 196 1285 eum
217 1245 355 1294 fuisse,
382 1245 414 1286 si
437 1246 621 1301 privatus
650 1255 768 1287 esset.
834 1246 888 1287 Et
916 1246 1100 1303 collegae
1122 1246 1255 1296 fateri,
1280 1253 1291 1270 ‘
1307 1248 1496 1303 regimen
1509 1237 1713 1310 mxlssgrzfgum

100 1302 318 1343 ‘omnium
344 1318 497 1352 rerum,
525 1304 595 1344 ubi
626 1303 730 1359 quid
758 1303 896 1345 bellici
930 1305 1096 1345 terroris
1126 1304 1306 1360 ingruat,
1338 1305 1382 1345 in
1407 1304 1496 1346 viro
1510 1315 1714 1353 permittunt.

99 1363 111 1381 ‘
124 1374 209 1400 uno
223 1375 334 1401 esse:
369 1360 530 1416 sibique
554 1360 808 1402 destinatum
831 1361 875 1402 in
896 1361 1037 1402 anitno
1057 1377 1160 1410 esse,
1181 1361 1362 1403 Camillo
1382 1377 1496 1403 sum-

99 1416 294 1458 ‘mittere
326 1417 573 1474 imperium;
617 1433 695 1459 nec
727 1419 953 1474 quicquam
985 1418 1038 1459 dc
1070 1419 1284 1460 maiestate
1317 1434 1391 1460 sua
1421 1419 1496 1461 de-

99 1478 303 1515 ‘tractum
334 1475 519 1524 credere,
552 1475 666 1531 quod
699 1476 902 1516 maiestati
934 1475 1024 1515 eius
1060 1476 1136 1515 viri
1167 1477 1496 1518 concessissent.'

99 1530 361 1573 Collaudatis
389 1533 440 1573 ab
462 1542 611 1573 senatu
643 1533 833 1581 tribunis,
863 1541 903 1573 ct
933 1532 1020 1588 ipsc
1046 1532 1264 1583 Camillus,
1297 1533 1496 1575 confusus

95 1589 249 1638 animo,
281 1590 433 1645 gratias
466 1590 563 1645 egit.
628 1589 836 1644 ‘IngeliS,'
871 1589 970 1630 inde
1006 1590 1076 1639 ait,
1111 1596 1241 1631 ‘onus
1274 1606 1298 1631 a
1337 1591 1494 1647 populo

63 1659 80 1687 3
97 1652 108 1669 ‘
126 1645 320 1688 Romano
336 1647 428 1696 sibi,
443 1647 516 1702 qui
538 1662 580 1688 sc
598 1646 846 1688 dictatorcm
864 1647 945 1688 iam
961 1656 1157 1702 quartum
1172 1658 1363 1698 creasset,
1379 1663 1494 1706 mag-

95 1708 106 1726 ‘
123 1718 225 1744 num
246 1719 271 1744 a
290 1713 438 1745 senatu
461 1703 610 1744 talibus
632 1703 684 1744 de
707 1719 749 1745 se
773 1704 939 1745 iudiciis
960 1705 1049 1745 eius
1071 1705 1241 1755 ordinis,
1260 1706 1491 1747 maximum

94 1765 204 1802 ‘tam
226 1760 525 1802 honoratorum
547 1761 802 1817 collegarum
823 1762 1026 1817 obsequio
1048 1763 1223 1818 iniungi.
1288 1763 1436 1820 Itaque
1459 1765 1493 1805 si

94 1823 105 1840 ‘
121 1818 224 1874 quid
256 1818 407 1860 laboris
428 1818 750 1875 vigiliarumque
772 1819 898 1860 adiici
929 1820 1071 1875 possit,
1094 1816 1326 1862 certantem
1348 1837 1489 1863 secum

93 1875 254 1932 ‘ipsum
275 1876 533 1925 annisurum,
557 1885 603 1917 ut
626 1885 742 1917 tanto
763 1876 816 1917 dc
838 1892 880 1918 sc
903 1892 1109 1918 consensu
1127 1878 1307 1919 civitatis
1327 1879 1492 1935 opinio-

93 1938 232 1983 ‘nem‚
285 1949 362 1975 uae
394 1933 577 1975 maxima
597 1933 661 1982 sit,
684 1933 810 1975 etiam
839 1943 1102 1976 constantem
1130 1935 1294 1976 efficiat.
1361 1936 1491 1985 Quod

92 1995 104 2014 ‘
117 1990 170 2032 ad
191 1990 256 2032 bel
279 2006 348 2032 um
366 1999 492 2046 atquc
517 1990 711 2031 Antiates
728 1991 914 2039 attineat,
933 1991 1027 2047 plus
1049 1992 1105 2032 ibi
1124 1993 1344 2041 minarum,
1363 2008 1490 2049 quam

92 2047 308 2104 ‘periculi,
339 2063 454 2088 csse:
488 2063 531 2088 se
561 2056 716 2096 tamen,
744 2056 789 2088 ut
818 2048 923 2087 nihil
952 2048 1142 2097 timendi,
1172 2050 1230 2090 sic
1259 2050 1364 2090 nihil
1389 2066 1491 2091 con-

92 2111 103 2128 ‘
119 2104 337 2146 temnendi
354 2114 568 2145 auctorem
585 2119 685 2144 esse.
752 2104 1063 2145 Circumsedcri
1083 2105 1227 2146 urbem
1253 2105 1488 2148 Romanam

92 2162 171 2202 ‘ab
194 2161 353 2202 invidia
380 2170 419 2202 ct
447 2160 544 2201 odio
573 2161 871 2201 finitimorum:
908 2161 1048 2216 itaque
1079 2170 1120 2202 et
1149 2161 1328 2203 ducibus
1359 2163 1489 2218 pluri-

92 2224 103 2242 ‘
116 2218 194 2260 bus
214 2228 257 2259 ct
272 2217 525 2259 exercitibus
542 2217 914 2259 administrandam
933 2218 1233 2274 rempublicam
1251 2235 1358 2261 csse..
1397 2220 1436 2261 T
1438 2222 1489 2269 0,’

91 2275 242 2331 inquit,
286 2281 296 2298 ‘
314 2275 361 2316 P.
394 2274 549 2323 Valeri,
592 2275 750 2316 socium
793 2275 955 2331 imperii
997 2275 1258 2331 consiliique,
1302 2276 1487 2333 legiones

90 2338 102 2356 ‘
120 2347 284 2374 mecum
305 2332 503 2374 adversus
533 2332 750 2373 Antiatem
779 2332 942 2373 hostem
971 2332 1124 2374 (lucere
1153 2332 1312 2388 placet:
1349 2345 1402 2384 tc,
1430 2335 1483 2384 Q.

91 2395 102 2414 ‘
121 2389 283 2439 Servili,
306 2390 437 2431 altero
459 2389 647 2430 exercitu
670 2390 874 2430 instructo
896 2399 1138 2446 paratoque,
1164 2390 1205 2430 iu
1229 2392 1330 2432 urbe
1352 2402 1486 2434 castra

91 2446 295 2494 ‘habere;
329 2447 552 2495 intentum,
570 2447 654 2487 sive.
687 2446 854 2487 Etruria
876 2462 918 2487 se
949 2447 1130 2496 iuterim,
1155 2457 1199 2487 ut
1230 2463 1375 2504 nuper,
1398 2450 1484 2491 sive

91 2509 226 2544 ‘nova
258 2503 360 2544 haec
396 2518 507 2552 cura,
548 2503 689 2544 Latini
727 2513 853 2559 atquc
894 2503 1082 2550 Hernici,
1119 2505 1336 2546 moverint.
1402 2506 1484 2548 Pro

91 2566 228 2601 ‘certo
256 2559 402 2608 habeo,
426 2561 483 2601 ita
512 2575 597 2601 rem
627 2570 856 2614 gesturum,
889 2570 933 2601 ut
966 2571 1095 2616 patre,
1119 2577 1207 2607 avo,
1240 2570 1364 2618 teque
1395 2564 1484 2620 ipso

57 2623 162 2659 ⁴‘ac
202 2631 275 2657 sex
313 2617 591 2658 tribunatibus
627 2614 802 2671 (lignum
841 2627 914 2658 est.
979 2618 1149 2658 'rm-tius
1186 2620 1394 2661 exercitus
1429 2637 1482 2663 ex

138 2755 152 2776 2
177 2746 489 2783 Quod...rlo'ae·crcne}
508 2746 591 2775 s'um
607 2745 761 2779 dicon-nt.
806 2747 972 2783 augendae
1001 2758 1096 2777 eausa
1127 2754 1154 2777 ct
1184 2754 1273 2783 grano
1303 2749 1411 2780 :inimo
1439 2750 1483 2781 ita

88 2798 150 2818 non
169 2787 226 2817 nisi
246 2788 441 2817 solanum-»³
458 2788 607 2822 militare,
626 2788 746 2826 quiqui
810 2789 960 2826 loquitur.
978 2795 1009 2819 ut
1034 2790 1084 2819 cui
1111 2790 1248 2827 regimen
1272 2792 1415 2823 munium
1437 2802 1481 2824 re-

87 2831 174 2866 dcm.
201 2830 253 2860 ubi
281 2829 418 2859 militare
446 2830 576 2864 vellent,
603 2840 665 2859 non
693 2840 760 2868 pro-
808 2841 875 2860 rum
894 2841 912 2860 n
929 2831 1219 2868 collegindclntum
1236 2839 1328 2865 ens-et.

88 2871 311 2902 bibitione-ent.
339 2871 446 2902 Dinia.
856 2885 872 2909 4
907 2874 1031 2903 'l'n-rtu'us
1062 2876 1221 2905 eser-ciem
1251 2887 1290 2906 es
1323 2878 1482 2907 (ποιων-Εἰ,

131 2924 148 2953 3
178 2915 372 2945 luctatorem
403 2916 462 2943 inm
491 2915 661 2953 quartum]
704 2913 760 2944 Rei
807 2916 1063 2955 m1inre'bmq11r]
1089 2918 1240 2947 ‹vna-aria·
1262 2918 1376 2956 quibus
1401 2919 1481 2952 ius-ia

1129 2962 1249 3000 Aa2
