1934 3211
354 158 439 197 610
869 156 1016 201 ΤΙΤΙ
1054 156 1236 202 LIVII

141 253 185 284 U.
203 253 240 284 C.
258 260 330 293 459-
359 246 628 289 dimicatione
660 256 798 290 votam
832 251 945 306 apud
977 251 1192 292 neminem
1221 258 1407 292 veterem
1441 259 1654 293 auctorem
1690 250 1758 292 in-

140 297 180 328 Α·
205 296 243 328 C.
261 304 332 336 293·
359 305 497 354 venio,
520 305 693 361 (neque,
716 306 901 357 hercule,
920 316 1005 349 tam
1027 309 1181 365 exiguo
1203 317 1390 364 tempore
1411 308 1612 364 perficere
1633 317 1759 365 potu-

359 361 480 418 isset)
501 363 552 403 ab
577 363 780 405 dictatore
809 373 927 421 patre
948 374 1102 415 votam,
1125 366 1236 407 filius
1264 365 1410 407 consul
1438 366 1661 415 dedicavit,
1684 380 1759 407 ex-

360 420 607 476 ornavitque
636 420 821 463 hostium
852 422 1016 478 spoliis:
1051 437 1231 478 quorum
1262 431 1379 464 tanta
1406 423 1634 464 multitudo
1663 422 1757 472 fuit,

360 485 408 517 ut
428 492 515 518 non
537 477 742 534 templum
769 487 933 520 tantum
961 479 1184 534 forumque
1206 479 1270 519 his
1292 488 1521 529 ornaretur,
1543 480 1617 521 sed
1638 479 1760 521 sociis

360 534 488 575 etiam
519 535 762 591 colonisque
788 536 990 585 finitimis,
1013 536 1066 576 ad
1095 535 1347 591 templorum
1378 536 1649 592 locorumque
1679 551 1760 592 pu-

359 591 565 633 blicorum
586 601 793 642 ornatum,
815 592 1114 634 dividerentur.
1163 593 1205 633 A
1226 593 1441 649 triumpho
1462 594 1694 634 exercitum
1714 593 1758 634 in

361 664 507 705 agrum
528 649 774 699 Vescinum,
797 650 897 706 quia
917 650 1032 706 regio
1053 665 1103 691 ea
1123 650 1274 691 infesta
1301 650 1353 691 ab
1379 649 1638 692 Samnitibus
1658 658 1759 701 erat,

359 707 627 748 hibernatum
649 706 782 748 duxit.

419 763 537 804 Inter
557 763 661 805 haec
687 763 896 806 Carvilius
912 765 1071 816 consul,
1089 766 1134 805 in
1157 765 1327 806 Etruria
1348 764 1556 806 Troilium
1576 765 1759 821 primum
1772 777 1792 805 4

362 836 605 877 oppugnare
637 821 819 871 adortus,
853 823 1184 879 quadringentos
1215 823 1481 878 septuaginta
1520 822 1758 873 difissimoe,

360 879 541 935 pecunia
560 879 710 934 grandi
731 888 888 935 pactos,
911 888 958 921 ut
984 881 1096 920 abire
1125 880 1225 920 inde
1253 879 1410 929 liceret,
1433 879 1614 920 dimisit:
1648 890 1761 921 cete-

360 951 449 977 ram
490 936 808 978 multitudinem
849 937 1139 993 oppidumque
1188 937 1326 993 ipsum
1365 937 1407 977 vi
1447 937 1570 993 cepit.
1651 936 1760 978 Inde

360 994 550 1050 quinque
572 994 752 1044 castella,
775 994 876 1036 locis
897 995 976 1035 sita
1003 994 1189 1044 munitis,
1212 994 1482 1050 expugnavit.
1547 994 1683 1035 Caesa
1701 994 1761 1035 ibi

359 1051 544 1092 hostium
570 1050 656 1092 duo
685 1051 817 1093 millia
844 1052 1167 1108 quadringenti3
1200 1051 1339 1092 minus
1370 1051 1455 1093 duo
1477 1051 1608 1092 millia
1634 1051 1758 1107 capti.

362 1108 419 1149 Et
440 1108 611 1149 Faliscis
631 1124 779 1165 pacem
801 1110 1043 1165 petentibus
1068 1124 1229 1150 annuas
1256 1109 1440 1150 indutias
1461 1109 1592 1158 dedit,
1613 1117 1761 1165 pactus

361 1174 533 1207 centum
549 1166 679 1207 millia
695 1168 831 1223 gravis
847 1167 965 1216 aeris,
984 1175 1026 1208 et
1042 1166 1302 1222 stipendium
1318 1166 1408 1207 eius
1429 1166 1529 1207 anni
1545 1165 1758 1207 militibus.

361 1223 443 1265 His
464 1224 588 1265 rebus
610 1224 711 1265 actis
733 1224 787 1265 ad
808 1224 1069 1281 triumphum
1091 1224 1281 1273 decessit,
1300 1232 1347 1265 ut
1367 1224 1506 1265 minus
1527 1223 1685 1265 clarum
1707 1223 1760 1264 de
1774 1237 1792 1269 5

364 1281 634 1331 Samnitibus,
667 1297 795 1337 quam
826 1282 1009 1338 collegae
1047 1281 1284 1337 triumphus
1313 1281 1462 1331 fuerat,
1493 1281 1553 1322 ita
1591 1280 1761 1322 cumulo

362 1339 529 1380 Etrusci
550 1339 650 1380 belli
672 1349 910 1396 aequatum.
974 1339 1099 1380 Aeris
1115 1339 1251 1395 gravis
1267 1338 1364 1380 tulit
1384 1339 1428 1379 in
1450 1338 1656 1380 aerarium
1677 1346 1761 1379 tre-

360 1405 484 1438 centa
511 1397 727 1452 octoginta
747 1397 900 1438 millia:
934 1397 988 1438 de
1017 1397 1181 1453 reliquo
1209 1411 1304 1437 aere
1331 1396 1479 1437 aedem
1502 1395 1638 1437 Fortis
1659 1395 1793 1437 For-6

360 1463 487 1495 tunae
524 1454 576 1495 de
610 1455 819 1496 manubiis
853 1454 1090 1496 faciendam
1125 1454 1288 1503 locavit,
1320 1469 1451 1510 prope
1488 1453 1636 1494 aedem
1671 1453 1761 1494 eius

361 1511 464 1552 deae
487 1512 538 1552 ab
559 1526 657 1566 rege
683 1512 769 1553 Ser.
795 1512 938 1553 Tullio
959 1511 1219 1553 dedicatam:
1254 1520 1295 1552 et
1317 1511 1520 1552 militibus
1536 1526 1589 1552 ex
1605 1510 1762 1567 praeda

360 1577 561 1609 centenos
581 1569 702 1609 binos
723 1584 844 1618 asses,
863 1578 906 1610 et
922 1569 1098 1610 alterum
1119 1577 1281 1610 tantum
1299 1568 1615 1610 centurionibus
1632 1576 1758 1624 atque
1776 1582 1792 1615 7

360 1625 585 1680 equitibus,
609 1625 869 1681 malignitate
892 1626 1075 1681 collegae
1092 1627 1250 1682 gratius
1267 1626 1571 1682 accipientibus
1591 1639 1757 1674 munus,
1772 1632 1792 1662 8

359 1682 512 1724 divisit.
576 1682 709 1724 Favor
737 1682 919 1725 consulis
948 1691 1108 1724 tutatus
1137 1683 1190 1724 ad
1222 1683 1427 1739 populum
1448 1691 1511 1724 est
1531 1682 1581 1723 L.
1606 1682 1791 1729 Postu-9

141 771 301 804 Tro'l'lium
316 771 348 801 in

143 814 275 845 Etruria

142 861 274 897 captum
289 868 308 887 a

141 899 293 932 Carvilio.

142 1226 275 1257 Carvilii
294 1224 346 1255 tri-

142 1269 292 1309 umphus.

363 1841 529 1880 Papirium
558 1842 697 1881 primum
728 1842 879 1872 solarium
911 1842 1035 1872 horolo-

360 1884 447 1922 gium
471 1884 619 1914 statuisse
636 1884 742 1914 scribit
760 1885 845 1914 Plin.
864 1885 909 1914 H.
926 1885 971 1914 N.
985 1884 1036 1914 vii.

361 1926 411 1956 60.
444 1927 529 1965 quod
561 1927 644 1957 inter
674 1926 832 1966 primitias
860 1926 1037 1965 spoliorum

361 1968 555 1998 Samnitium
573 1969 670 1999 fuisse
687 1973 780 2008 putat
798 1969 933 2000 Niebhr.
951 1968 993 1999 iii.
1005 1979 1035 1999 n.

364 2019 432 2050 725.

396 2064 415 2090 4
424 2055 595 2092 Troilium]
607 2054 775 2093 Oppidum
788 2054 944 2093 ignotum.
962 2054 1037 2084 For-

362 2101 394 2126 te
411 2096 470 2135 leg.
488 2098 684 2134 Trossulum,
700 2107 776 2136 opp.
796 2097 958 2134 Etruriae,
974 2107 1038 2126 non

363 2139 456 2178 longe
472 2150 492 2169 a
506 2143 617 2170 monte
630 2139 797 2177 Fiascone‚
810 2138 900 2179 (hod.
912 2137 1037 2179 Trosso)

361 2192 381 2211 a
397 2191 460 2220 quo
476 2182 544 2212 sine
561 2182 707 2221 peditum
725 2192 822 2221 opera
839 2185 935 2221 capto
951 2182 1038 2220 equi-

362 2229 409 2254 tes
433 2224 531 2254 Rom.
554 2226 716 2255 Trossulos
738 2224 835 2254 fuisse
858 2224 961 2254 dictos
984 2225 1038 2254 (lo-

362 2270 435 2296 cent
454 2266 538 2297 Plin.
557 2267 603 2297 H.
621 2267 664 2298 N.
682 2267 795 2297 xxxiii.
814 2277 841 2297 2.
865 2271 897 2297 et
914 2267 1038 2297 Festus.

362 2310 448 2339 RUP.

406 2359 422 2390 5
447 2354 502 2382 Ad
523 2353 722 2392 triumphum
743 2353 889 2390 decessit]
917 2352 1039 2383 Contra

362 2394 399 2424 in·
409 2394 495 2425 Fast.
510 2395 618 2435 Capit.
632 2394 811 2426 Carvilium
828 2394 928 2434 prius,
941 2404 1037 2433 quam

363 2437 533 2477 collegam,
543 2437 759 2476 triumphasse
772 2437 917 2476 legimus.
952 2437 1037 2467 Nec-

360 2490 425 2509 non
447 2490 501 2519 ap.
525 2480 611 2512 Plin.
629 2480 675 2510 H.
693 2480 737 2510 N.
757 2479 865 2510 xxxiv.
894 2480 940 2509 18.
965 2479 1037 2509 scri-

361 2527 454 2561 ptum
469 2522 663 2560 invenimus,
674 2522 851 2553 Carvilium
868 2521 901 2551 in
917 2531 1037 2551 memo-

361 2564 440 2594 riam
459 2564 609 2595 victoriae
626 2575 702 2595 suae
717 2566 755 2596 de
770 2566 969 2595 Samnitibus
992 2574 1037 2594 re-

308 2622 311 2626 ·
362 2611 509 2645 portatae
538 2607 697 2637 aheneam
719 2607 807 2637 Iovis
833 2610 973 2637 statuam
1001 2617 1039 2637 ea

362 2650 459 2687 mole,
483 2654 519 2680 ut
540 2651 580 2680 ab
607 2650 734 2680 Albano
760 2653 871 2679 monte
895 2649 1037 2688 conspici

362 2696 480 2730 posset,
496 2693 528 2722 in
545 2691 710 2731 Capitolio
726 2692 878 2731 posuisse.

404 2733 423 2763 6
446 2736 565 2766 Aedem
585 2736 694 2765 Fortis
715 2735 898 2772 Fortunae]
934 2734 1038 2764 Trans

362 2774 515 2806 Tiberim.
570 2777 741 2807 Donatus:
777 2778 926 2807 Fortuna
952 2777 1037 2806 dicta

360 2822 406 2847 est
424 2819 547 2849 incerta
563 2830 624 2857 res,
640 2821 721 2850 Fors
736 2821 885 2850 Fortuna
905 2823 1038 2850 eventus

353 2861 513 2897 sorlmzae
536 2862 644 2892 bonus.
677 2862 715 2892 cf.
736 2862 775 2891 ad
797 2862 874 2891 Tac.
896 2861 979 2891 Ann.
1005 2860 1036 2891 ii.

362 2912 411 2939 41.
437 2902 530 2933 Ovid.
546 2902 631 2934 Fast.
647 2904 685 2934 vi.
704 2911 773 2943 773,
786 2914 830 2942 sq.
849 2907 880 2934 et
898 2903 1036 2935 Nardini

1083 1843 1189 1873 Roma
1202 1841 1321 1871 Antica
1332 1841 1382 1872 vii.
1395 1852 1406 1872 1
1417 1851 1441 1872 1.
1467 1842 1519 1872 De
1534 1842 1656 1882 reliquo
1672 1852 1758 1879 aere,

1082 1885 1119 1915 de
1139 1885 1302 1914 manubiis
1317 1884 1348 1914 h.
1366 1894 1393 1914 e.
1410 1884 1451 1914 de
1473 1883 1597 1922 reliqua
1619 1884 1758 1923 praedae

1083 1929 1186 1966 parte,
1207 1930 1239 1956 et
1260 1925 1391 1965 quidem
1416 1936 1465 1963 ea,
1481 1936 1564 1965 quae
1585 1927 1759 1957 manubiae

1083 1972 1182 1999 erant.
1208 1969 1283 1999 STR.
1310 1969 1495 1999 ,Manubiae
1509 1968 1605 1998 tertia
1619 1969 1759 2007 praedae

1084 2021 1167 2051 pars,
1183 2021 1266 2050 quae
1286 2010 1472 2050 imperatori
1491 2011 1615 2041 solebat
1631 2010 1711 2048 dari,
1727 2014 1759 2041 et

1083 2055 1124 2084 ab
1156 2063 1194 2084 eo
1220 2053 1253 2083 in
1283 2053 1520 2083 monimentum
1549 2052 1682 2092 aliquod
1712 2063 1759 2083 01·-

1084 2099 1314 2126 namentumve
1338 2095 1507 2135 publicum
1531 2095 1686 2127 consumi.
1718 2095 1759 2127 cf.

1084 2138 1152 2170 Cic.
1170 2139 1244 2177 Agr.
1262 2138 1293 2169 ii.
1313 2147 1362 2177 23.
1388 2138 1473 2169 Eup,

1134 2188 1149 2220 7
1172 2182 1324 2212 Alterum
1356 2185 1484 2211 tantum
1518 2181 1760 2212 centurionibus

1083 2228 1181 2264 atque
1203 2224 1380 2264 equitibus]
1414 2223 1509 2254 Haec
1532 2222 1676 2263 praemia
1701 2233 1760 2263 pro

1084 2266 1231 2306 portione
1260 2265 1412 2305 stipendii
1443 2265 1511 2296 dari
1541 2265 1648 2303 solita,
1672 2266 1759 2305 quod

1082 2309 1176 2339 miles
1190 2308 1342 2347 simplex,
1357 2307 1502 2339 centurio
1516 2309 1653 2347 duplex,
1662 2318 1761 2347 eques

1083 2351 1201 2391 triplex
1214 2350 1405 2390 accipiebat.
1423 2351 1509 2381 Bur.
1545 2350 1682 2389 Equites
1691 2350 1759 2390 qui-

1084 2394 1170 2431 dem,
1191 2393 1245 2432 qui
1269 2393 1359 2432 equis
1382 2393 1447 2423 suis
1470 2393 1648 2430 merebant,
1671 2390 1759 2423 haud

1084 2435 1180 2466 dubie
1207 2436 1326 2475 trz'plea.¹
1357 2435 1554 2476 stipendium
1583 2435 1760 2473 habebant,

1083 2479 1139 2508 sed
1169 2478 1284 2517 quibus
1314 2488 1416 2517 equus
1449 2478 1610 2518 publicus,
1639 2478 1760 2517 duplex·

1083 2524 1209 2551 tantum
1237 2521 1438 2551 solvebatur:
1470 2523 1568 2560 atque
1595 2520 1657 2550 hoc
1686 2520 1759 2550 loco

1082 2564 1170 2593 haud
1187 2562 1284 2593 dubie
1300 2563 1424 2602 equites
1439 2563 1529 2602 equis
1551 2561 1691 2603 publicis
1710 2561 1757 2592 in-

1083 2606 1285 2645 telliguntur,
1310 2606 1350 2636 cf.
1373 2615 1459 2644 supr.
1484 2605 1536 2636 vii.
1561 2615 1612 2644 41.
1636 2604 1759 2644 quippe

1082 2650 1220 2679 alterum
1236 2652 1360 2678 tantum
1377 2648 1430 2678 hic
1445 2649 1581 2687 duplum
1596 2650 1654 2678 est.

1125 2691 1144 2721 8
1166 2692 1379 2729 llffaliynitate
1394 2691 1548 2730 colleyae]
1582 2689 1671 2726 Quia
1690 2698 1757 2720 ma·

1082 2733 1198 2772 lignus,
1225 2733 1291 2763 sive
1320 2733 1458 2763 nimium
1488 2742 1603 2772 parcus
1632 2732 1757 2771 collega

1082 2775 1162 2805 nihil
1179 2775 1336 2805 militibus
1351 2774 1416 2805 suis
1431 2775 1573 2805 dederat.
1598 2774 1704 2805 (ἷκεν.

1125 2828 1144 2858 9
1163 2819 1199 2849 L.
1212 2819 1432 2856 Postumiam]
1459 2817 1546 2847 Eum
1562 2826 1690 2855 nempe,
1701 2814 1755 2854 qui

1082 2861 1192 2891 consul
1219 2860 1322 2899 priore
1345 2870 1430 2889 anno
1452 2860 1566 2896 fuerat,
1586 2859 1686 2889 virum
1708 2857 1754 2887 in-

1081 2903 1164 2942 genii
1203 2902 1414 2939 contumacis,
1452 2901 1542 2932 cuius
1581 2898 1755 2931 certamina
