1934 3211
231 272 274 304 U.
292 273 330 304 O.
349 282 419 312 305.

228 316 268 347 A.
293 316 331 347 C·
348 324 421 355 447.

297 841 365 878 39.

227 896 371 933 Asperae

226 936 405 966 sententiae

226 978 258 1008 in
275 979 400 1008 decem-

226 1020 318 1051 viros.

958 185 1106 227 ΤΙΤΙ
1143 185 1323 227 LIVII

447 273 709 314 amovissent.
784 273 1014 330 Postquam
1049 275 1165 316 citati
1204 291 1290 316 non
1325 273 1644 322 conveniebant,
1681 270 1841 312 dimissi

447 329 557 370 circa
577 330 723 371 domos
744 332 1012 387 apparitores,
1035 332 1158 373 simul
1183 332 1236 372 ad
1265 332 1442 388 pignora
1462 330 1678 387 capienda,
1701 327 1871 369 scisci-2

446 386 721 443 tandumque,
744 403 846 428 num
869 389 1059 430 consulto
1081 390 1392 429 detrectarent?
1422 388 1621 437 referunt,
1648 393 1840 427 senatum

444 443 489 483 in
511 444 619 499 agris
640 460 739 486 esse.
804 445 977 486 Laetius
998 446 1041 486 id
1064 446 1309 486 decemviris
1331 445 1494 494 accidit,
1518 459 1645 500 quam
1666 443 1699 484 si
1720 456 1841 498 prae-

445 509 585 541 sentes
616 501 849 543 detrectare
881 502 1106 557 imperium
1137 503 1352 543 referrent.
1416 501 1572 542 Iubent
1601 499 1726 542 acciri
1751 513 1841 539 om—

445 572 533 606 nes,
557 569 834 614 senatumque
856 559 901 598 in
922 559 1034 599 diem
1064 568 1278 614 posterum
1301 559 1474 599 edicunt
1487 574 1498 607 3
1531 558 1605 613 qui
1626 557 1840 612 aliquanto

445 629 518 669 spe
544 614 730 669 ipsorum
751 616 1011 670 frequentior
1031 616 1240 656 convenit.
1307 614 1406 662 Quo
1436 615 1546 655 facto
1576 613 1786 669 proditam
1816 626 1842 652 a

444 670 639 711 Patribus
659 671 777 727 plebs
798 672 1034 712 libertatem
1056 680 1155 720 rata,
1175 671 1290 727 quod
1311 671 1372 720 iis,
1396 672 1470 726 qui
1490 672 1574 712 iam
1596 669 1842 726 magistratu

444 728 638 776 abissent,
671 728 939 782 privatisque,
965 729 997 768 si
1020 729 1081 768 vis
1102 729 1276 778 abesset,
1299 737 1501 783 tanquam
1530 728 1620 768 iure
1651 725 1871 782 cogenti-3

444 784 533 832 bus,
557 793 724 824 senatus
745 785 961 839 paruisset.

505 840 589 880 Sed
620 840 751 895 magis
780 841 1026 882 obedienter
1045 851 1219 883 ventum
1250 842 1295 882 in
1326 842 1483 883 curiam
1516 850 1590 891 est,
1613 855 1741 897 quam
1766 840 1873 881 ob-4

442 897 568 937 noxie
590 896 722 937 dictas
747 899 976 939 sententias
1006 899 1256 955 accepimus.
1320 899 1369 940 L.
1398 899 1613 939 Valerium
1635 897 1838 946 Potitum,

441 953 657 1008 proditum
678 955 904 996 memoriae
927 964 1001 1004 est,
1022 964 1117 1011 post
1137 956 1384 997 relationem
1402 955 1485 1011 Ap.
1505 955 1687 1003 Claudii,
1705 941 1873 1009 prius-2

442 1025 568 1065 quam
600 1010 747 1052 ordine
780 1013 1013 1053 sententiae
1044 1022 1304 1068 rogarentur,
1330 1012 1582 1068 postulando
1612 1020 1661 1053 ut
1690 1011 1742 1052 de
1774 1025 1840 1051 re-

440 1067 609 1122 publica
639 1067 784 1109 liceret
815 1069 967 1118 dicere,
990 1070 1311 1124 prohibentibus
1336 1070 1557 1110 minaciter
1577 1067 1837 1117 decemviris,

438 1123 707 1178 proditurum
737 1140 780 1165 se
813 1125 865 1166 ad
896 1125 1064 1181 plebem
1095 1126 1432 1175 denuntiantem,
1465 1126 1694 1167 tumultum
1725 1124 1839 1165 exci-

439 1181 557 1221 visse.
622 1180 716 1222 Nec
749 1182 889 1222 minus
921 1183 1117 1224 ferociter
1145 1183 1206 1224 M.
1237 1183 1463 1224 Horatium
1495 1182 1726 1224 Barbatum
1757 1181 1838 1222 isse

440 1237 485 1276 in
513 1246 740 1287 certamen,
775 1239 963 1280 ‘Decem
987 1240 1253 1295 Tarquinios'
1281 1240 1577 1296 appellantem,
1607 1239 1839 1280 admonen-

441 1301 626 1349 temque,
662 1295 867 1336 ‘Valeriis
893 1305 936 1337 et
962 1295 1152 1337 Horatiis
1177 1297 1353 1338 ducibus
1381 1296 1523 1352 pulsos
1549 1311 1680 1352 reges.
1743 1283 1871 1349 Nee}

443 1356 455 1373 ‘
471 1351 654 1391 nominis
675 1352 867 1393 homines
889 1362 979 1393 tum
1001 1363 1238 1409 pertaesum
1260 1369 1372 1402 esse3
1406 1354 1564 1409 quippe
1586 1368 1671 1408 quo
1692 1351 1839 1393 Iovem

443 1407 671 1463 ‘appellari
701 1409 761 1450 fas
794 1410 858 1459 sit,
886 1425 970 1465 quo
1001 1410 1233 1451 Romulum
1267 1410 1529 1451 conditorem
1561 1410 1689 1458 urbis,
1718 1408 1838 1449 dein-

443 1470 652 1520 ‘cepsque
680 1481 799 1522 reges
830 1467 1073 1522 appellatos,
1097 1468 1213 1523 quod
1243 1468 1367 1508 sacris
1397 1467 1538 1516 etiam,
1560 1476 1609 1508 ut
1635 1465 1838 1514 sollenne,

443 1527 681 1563 ‘retentum
722 1524 785 1564 sit.
871 1523 1119 1579 Superbiam
1160 1524 1488 1580 violentiamque
1531 1532 1623 1565 tum
1667 1537 1838 1579 perosos

443 1578 604 1632 ‘regisz
651 1595 758 1634 quae
792 1580 826 1620 si
859 1581 904 1621 in
939 1596 1036 1636 rege
1074 1589 1165 1622 tum
1202 1581 1365 1631 eodem,
1400 1589 1473 1622 aut
1510 1581 1554 1621 in
1590 1580 1679 1621 filio
1713 1579 1871 1635 regis,9

451 186 529 224 188

485 1730 502 1750 2
529 1722 693 1759 Piynora]
732 1721 923 1761 Pignoribus
949 1722 1035 1753 enim
1063 1724 1116 1753 ab-

442 1762 518 1792 latis
542 1763 678 1792 coerceri
703 1768 864 1794 senatores
887 1765 1043 1795 solebant.
1076 1766 1115 1795 cf.

442 1805 511 1835 Cic.
536 1805 576 1835 de
601 1805 690 1836 Orat.
714 1806 757 1836 iii.
786 1816 811 1836 1.
837 1806 958 1845 Philip.
980 1807 1000 1837 i.
1023 1816 1050 1846 5.
1076 1808 1115 1837 A.

442 1846 571 1876 Gellius
591 1847 654 1877 xiv.
674 1855 700 1886 7.
718 1849 754 1878 de
770 1849 907 1887 pignore
923 1859 1051 1887 quoque
1066 1860 1116 1879 ca-

437 1889 556 1927 piendo
575 1889 710 1926 disserit,
727 1890 830 1928 deque
854 1891 957 1920 multa
980 1891 1117 1921 dicenda

440 1930 590 1967 senatori,
608 1931 661 1969 qui
679 1941 778 1970 quum
794 1932 827 1962 in
844 1937 991 1962 senatum
1009 1933 1116 1963 venire

441 1973 584 2010 deberet,
599 1983 663 2002 non
682 1974 818 2004 adesset.
843 1974 985 2005 Srnorfl.
1030 1976 1116 2005 Vide

442 2014 517 2044 Gaii
536 2015 679 2045 Institut.
696 2015 736 2045 iv.
755 2016 772 2052 ἓ
791 2015 839 2046 26.

485 2066 502 2095 3
526 2058 560 2086 Sa·
578 2058 625 2087 vis
641 2058 778 2095 abesset]
810 2058 878 2093 Qui
895 2057 1018 2097 reliqua
1034 2059 1115 2089 nihil

440 2108 460 2128 a
491 2098 622 2137 privatis
649 2099 824 2137 differrent,
850 2100 911 2130 nisi
938 2102 1024 2139 quod
1053 2102 1116 2131 vim

440 2140 644 2178 adhiberent,
661 2152 743 2180 quae
766 2142 966 2181 magistratui
989 2147 1117 2174 tantum

442 2183 607 2222 competit.
632 2183 773 2214 Srnom.

483 2237 503 2263 4
530 2226 688 2262 Obnooeie]
728 2226 868 2263 Timide,
894 2230 1049 2266 tanquam
1076 2229 1117 2257 ab

440 2267 608 2297 humiliter
624 2268 843 2299 servientibus.

486 2319 502 2347 5
520 2311 690 2340 Proditum
703 2312 887 2348 memoriae]
904 2310 1055 2349 Valeriis,
1068 2315 1116 2342 ut-

441 2355 517 2390 pote
531 2351 706 2382 Messallae
717 2352 901 2391 gentilibus,
914 2353 1033 2392 primas
1046 2364 1115 2392 par-

441 2398 490 2423 tes
515 2398 622 2423 noster
644 2404 771 2433 semper
793 2394 915 2429 tribuit,
938 2398 1036 2434 atque
1062 2406 1116 2425 eos

441 2435 617 2474 singulares
633 2436 790 2467 libertatis
806 2441 965 2467 amatores
981 2437 1114 2476 effingit.

493 2477 512 2508 6
540 2480 619 2509 Post
653 2480 839 2510 relationem
867 2480 932 2518 Ap.
964 2480 1111 2517 Claudii]

442 2519 619 2559 Postquam
642 2521 704 2560 Ap.
722 2521 879 2551 Claudius
901 2521 1023 2559 retulit,
1047 2522 1114 2560 qui-

440 2563 499 2591 bus
536 2563 575 2592 de
610 2564 704 2592 rebus
738 2563 907 2593 deliberari
943 2567 1114 2602 oporteret.

439 2605 577 2642 Referre
598 2609 645 2635 est
666 2606 798 2635 verbum
822 2605 989 2645 proprium
1013 2606 1053 2635 de
1077 2616 1114 2636 eo

440 2646 494 2684 qui
519 2647 641 2685 aliquid
666 2648 829 2686 proponit,
845 2649 885 2678 de
901 2658 965 2687 quo
988 2652 1113 2678 senten-

440 2688 518 2717 tiam
535 2689 597 2719 dici
615 2690 701 2720 velit.
726 2690 832 2720 CREV.

492 2737 507 2767 7
534 2732 684 2761 Horatiis
708 2733 842 2762 ducibus
869 2733 979 2772 pulsos
1004 2733 1109 2772 reyes]

443 2770 494 2799 Ex
512 2772 594 2802 Livii
610 2773 743 2803 historia
761 2785 826 2804 non
842 2775 917 2805 satis
933 2778 1034 2814 patet,
1050 2785 1113 2814 quo

442 2811 508 2841 iure
527 2813 655 2844 Horatii
671 2826 704 2846 se
720 2817 880 2855 pellendis
895 2818 972 2847 urbe
988 2818 1114 2857 regibus

443 2853 540 2900 duces
563 2856 659 2886 fuisse
683 2859 867 2896 praedicare
890 2859 1021 2899 possint.
1067 2860 1112 2890 At

443 2894 540 2925 Dlon.
560 2898 655 2926 tradit
680 2899 726 2929 M.
746 2901 883 2930 Horatio
908 2905 1037 2932 auctore
1058 2902 1110 2931 de-

1162 1723 1274 1753 fecisse
1298 1722 1476 1753 exercitum
1499 1732 1519 1752 a
1542 1722 1708 1761 Superbo:
1733 1725 1766 1752 et
1786 1733 1838 1753 eo-

1162 1765 1236 1794 dem
1259 1765 1376 1795 iterum
1401 1765 1532 1795 consule
1555 1765 1767 1802 Porsennam,
1782 1764 1838 1804 qui

1163 1807 1356 1845 Tarquinios
1388 1807 1422 1837 in
1455 1806 1594 1846 patriam
1621 1806 1838 1838 restituendos

1161 1853 1358 1888 susceperat,
1386 1853 1534 1879 coactum
1562 1859 1630 1879 esse
1659 1859 1694 1879 re
1717 1849 1838 1880 infecta

1161 1891 1334 1922 discedere.
1359 1891 1465 1922 CREv.

1205 1934 1223 1963 8
1246 1935 1316 1964 Neo
1341 1934 1480 1963 nominis
1505 1934 1646 1964 homines
1671 1938 1739 1963 tum
1762 1943 1836 1972 per-

1162 1979 1284 2005 taesum.
1300 1977 1382 2013 esse]
1413 1975 1558 2010 Quidam
1574 1975 1696 2014 scripti,
1711 1986 1836 2007 nomen.

1162 2016 1283 2047 Noster
1299 2017 1502 2055 Sorbonicus,
1517 2020 1554 2046 ut
1570 2021 1602 2047 et
1618 2027 1701 2048 unus
1720 2027 1738 2047 e
1755 2017 1836 2048 Gro-

1160 2059 1318 2096 novianis,
1334 2059 1521 2098 ambiguus:
1542 2070 1656 2090 nomen
1676 2061 1715 2097 is,
1735 2059 1836 2090 incer-

1161 2104 1194 2131 to
1212 2101 1351 2138 librario,
1366 2105 1476 2131 utrum
1498 2112 1613 2132 maen
1635 2111 1676 2132 an
1698 2103 1837 2132 nominis

1161 2143 1365 2173 scribendum
1382 2147 1473 2174 esset.
1520 2143 1614 2183 Legit
1630 2143 1833 2175 Gronovius:

1160 2196 1219 2216 nee
1233 2196 1347 2217 nomen
1362 2187 1504 2217 homines
1525 2190 1593 2215 tum
1611 2190 1776 2225 pertaesos
1789 2197 1835 2217 es-

1160 2239 1201 2258 se.
1230 2228 1336 2259 CREv.
1384 2228 1448 2258 Sed
1474 2227 1556 2257 nihil
1583 2238 1664 2267 opus
1686 2231 1745 2266 est,
1767 2238 1834 2258 ver-

1161 2270 1238 2299 bum
1250 2270 1336 2300 enim
1345 2271 1513 2309 pertaedet
1524 2273 1557 2299 et
1568 2270 1745 2309 genitivum
1756 2270 1834 2300 reci-

1161 2311 1209 2351 pit
1226 2316 1258 2342 et
1274 2312 1511 2342 accusativum:
1531 2311 1591 2342 nisi
1605 2312 1711 2342 forsan
1726 2312 1832 2351 legen-

1161 2354 1238 2383 dum
1262 2354 1358 2384 malis
1376 2364 1434 2384 nec
1449 2364 1563 2384 nomen
1578 2355 1663 2393 reyis
1679 2358 1746 2384 tum
1757 2364 1832 2393 per-

1160 2400 1282 2426 taesum
1297 2406 1372 2426 esse.

1202 2447 1221 2477 9
1244 2439 1287 2468 In
1309 2448 1382 2475 reye
1405 2441 1472 2467 tum
1494 2438 1610 2475 eodem,
1626 2442 1685 2468 aut
1706 2438 1743 2468 in
1757 2439 1832 2477 filio

1159 2481 1258 2518 reyz's]
1285 2480 1461 2510 Possumus
1472 2479 1602 2518 quidem
1616 2490 1789 2519 exponere,
1798 2480 1832 2511 in

1158 2521 1220 2551 hoc
1243 2522 1357 2551 eodem
1378 2532 1462 2561 rege,
1478 2521 1568 2553 cuius
1590 2522 1687 2552 modo
1709 2521 1832 2552 mentio

1158 2564 1244 2593 facta
1260 2567 1318 2600 est,
1335 2567 1391 2593 aut
1407 2564 1439 2593 in
1456 2563 1554 2594 Sexto
1571 2564 1639 2594 eius
1654 2563 1731 2594 filio.
1767 2564 1831 2595 Sed

1158 2604 1195 2635 τὸ
1218 2607 1323 2636 eodem
1349 2606 1410 2635 hoc
1436 2607 1534 2636 modo
1557 2606 1773 2643 intellectum,
1798 2609 1831 2636 et

1158 2658 1392 2687 supervacuum
1416 2648 1548 2678 omnino
1571 2653 1630 2686 est,
1646 2651 1679 2678 et
1698 2648 1831 2679 fortasse

1158 2700 1271 2729 parum
1296 2690 1413 2720 Latine
1435 2690 1567 2721 dictum.
1613 2690 1716 2728 Quid,
1738 2690 1764 2720 si
1785 2691 1830 2720 le·

1156 2742 1268 2771 gamus
1281 2736 1294 2763 Ρ
1326 2734 1361 2762 in
1387 2743 1460 2772 φερε
1486 2737 1554 2763 tum
1579 2734 1684 2764 eodem
1707 2737 1738 2763 et
1754 2733 1829 2771 filio

1156 2777 1257 2814 reyis:
1274 2775 1306 2805 id
1323 2779 1381 2811 est,
1391 2775 1423 2805 in
1437 2785 1474 2805 eo
1485 2774 1539 2814 qui
1555 2774 1651 2805 simul
1663 2778 1696 2805 et
1710 2784 1766 2804 rex
1782 2783 1827 2804 es-

1157 2821 1216 2855 set,
1226 2822 1259 2848 et
1273 2817 1365 2856 regis,
1375 2827 1417 2848 sc.
1429 2816 1596 2856 Tarquinii
1610 2815 1721 2853 Prisci,
1732 2815 1826 2847 filius.

1156 2860 1262 2891 Cnsv.
1294 2860 1379 2897 [tam
1393 2860 1514 2898 eodem]
1533 2858 1641 2890 scribit
1658 2857 1797 2889 Bekker.
