1934 3211
553 181 680 224 LIB.
721 181 801 223 III.
849 181 996 224 CAP.
1040 187 1103 224 13.
1449 188 1524 227 161

127 273 328 316 ferebant.

127 345 226 372 men
260 343 418 379 unum3
460 328 577 385 quod
609 327 672 370 M.
711 328 906 370 Volscius
939 328 1091 379 Fictor,
1125 329 1200 385 qui
1236 339 1334 371 ante
1367 332 1527 388 aliquot

126 401 258 429 annos
294 386 486 428 tribunus
521 386 656 443 plebis
690 386 840 436 fuerat,
875 386 992 427 testis
1027 386 1257 437 exstiterat,
1293 393 1305 411 ‘
1321 387 1375 429 Se
1411 389 1526 431 haud

127 443 285 485 ‘multo
301 452 408 501 post,
426 459 552 500 quam
604 443 815 485 estilentia
834 443 879 484 in
895 444 998 485 urbe
1019 443 1166 494 fuerat,
1185 444 1230 485 in
1246 445 1524 498 iuventutem,

95 507 140 543 2‘
199 510 406 543 assantem
437 501 481 542 in
513 500 571 542 Su
603 516 690 550 ura,
720 500 928 542 incidisse.
991 500 1058 543 Ibi
1088 502 1222 543 rixam
1247 511 1389 544 natam
1420 519 1523 554 esse,

126 563 139 582 ‘
187 568 404 615 atremque
436 573 558 600 suum
589 559 791 600 maiorem
819 567 935 608 natu,
963 559 1148 600 necdum
1178 574 1232 601 ex
1257 561 1402 602 morbo
1427 561 1525 603 satis

125 615 347 666 ‘validum,
370 631 514 672 pugno
542 616 672 657 ictum
694 616 746 657 ab
769 615 966 657 Kaesone
996 616 1194 658 cecidisse
1216 618 1519 660 semianimem.

125 672 270 714 ‘Inter
290 688 438 714 manus
459 673 633 714 domum
655 673 853 722 ablatum,
872 682 1169 731 mortuumque
1190 674 1290 716 inde
1311 676 1518 718 arbitrari:

125 735 139 754 ‘
149 745 229 772 nec
244 730 323 772 sibi
345 746 433 772 rem
455 731 629 786 exsequi
649 739 734 772 tam
755 739 938 772 atrocem
958 746 1034 787 per
1050 732 1242 774 consules
1258 734 1521 789 superiorum

125 793 356 829 ‘annorum
380 787 574 830 licuisse.’
634 786 754 829 Haec
776 787 947 829 Volscio
968 788 1222 839 clamitante,
1245 789 1350 831 adeo
1379 791 1521 832 conci·

122 845 199 886 tati
229 845 420 887 homines
449 854 560 895 sunt,
593 854 641 886 ut
670 844 785 886 haud
816 845 997 886 multum
1027 846 1189 896 afuerit,
1222 847 1327 903 quin
1357 848 1522 905 impetu

120 902 267 960 populi
300 903 441 945 Kaeso
471 903 673 944 interiret.
736 901 956 959 Virginius
983 903 1109 960 arripi
1139 904 1257 945 iubet
1288 904 1518 956 hominem,

121 968 164 1001 et
184 960 229 1001 in
250 960 417 1002 vincula
437 960 558 1002 duci:
591 960 755 1017 patricii
776 969 923 1002 contra
941 960 983 1001 vi
1004 961 1214 1002 resistunt.
1277 962 1328 1003 T.
1356 962 1520 1011 Quinc·

121 1017 204 1059 tius
236 1017 434 1068 clamitat,
463 1023 474 1042 ‘
492 1017 577 1059 Cui
607 1018 668 1059 rei
698 1017 888 1074 capitalis
917 1017 1008 1059 dies
1038 1018 1152 1060 dicta
1180 1019 1246 1069 sit,
1275 1029 1320 1061 et
1349 1019 1402 1061 de
1433 1036 1520 1076 quo

123 1074 335 1117 ‘futurum
370 1075 616 1132 propediem
650 1075 868 1124 iudicium,
901 1090 998 1116 eum
1034 1075 1328 1118 indemnatum
1360 1077 1521 1119 indicta

121 1136 272 1174 ‘causa
299 1147 387 1174 non
415 1133 569 1174 debere
601 1132 772 1174 violari.’
833 1132 1049 1174 Tribunus
1076 1133 1365 1190 ‘supplicium'
1391 1144 1520 1200 negat

89 1195 412 1247 3‘sumpturum
440 1206 483 1232 se
511 1190 564 1231 de
596 1190 867 1238 indemnat03
900 1199 1162 1232 servaturum
1188 1200 1332 1233 tamen
1357 1192 1403 1234 in
1427 1208 1519 1235 vm-

121 1247 250 1289 ‘culis
271 1262 359 1289 esse
381 1247 435 1288 ad
461 1247 605 1289 iudicii
627 1247 765 1288 diem:
799 1256 858 1297 ut,
881 1247 955 1303 qui
976 1247 1193 1290 hominem
1214 1250 1442 1300 necaverit,
1464 1250 1518 1292 de

121 1309 197 1346 ‘eo
210 1305 404 1370 supplicii
421 1304 614 1346 sumendi
632 1304 752 1361 copia
764 1304 921 1360 populo
941 1304 1135 1346 Romano
1152 1306 1250 1347 fiat.'
1300 1307 1519 1363 Appellati

88 1383 108 1411 4
121 1362 278 1404 tribuni
300 1362 441 1404 medio
462 1362 631 1404 decreto
659 1362 724 1403 ius
744 1361 890 1402 auxilii
911 1362 976 1403 sui
997 1362 1253 1418 expediunt:
1287 1364 1333 1404 in
1352 1364 1521 1405 vincula

118 1419 271 1461 coniici
311 1428 479 1461 vetant:
533 1419 619 1460 sisti
668 1434 800 1468 reum,
842 1419 1166 1475 pecuniamque,
1207 1420 1288 1461 nisi
1335 1421 1518 1472 sistatur,

117 1476 276 1534 populo
297 1477 497 1534 promitti,
519 1476 684 1533 placere
714 1476 1000 1532 pronuntiant.
1066 1475 1283 1518 Summam
1311 1479 1517 1535 pecuniae

118 1542 318 1591 quantam
340 1549 522 1599 aequum
544 1542 653 1575 esset
674 1533 874 1589 promitti,
897 1533 1093 1575 veniebat
1113 1534 1157 1575 in
1174 1534 1370 1577 dubium:
1403 1535 1448 1576 id
1464 1535 1519 1577 ad

117 1600 309 1633 senatum
344 1591 542 1633 reiicitur.
606 1590 736 1640 Reus,
769 1590 872 1632 dum
903 1590 1225 1633 consulerentur
1260 1592 1420 1643 Patres,
1453 1608 1519 1635 re—

84 1639 259 1704 {tentus
288 1649 332 1690 in
388 1648 527 1690 ublico
552 1656 626 1690 est.
689 1647 832 1689 Vades
860 1648 960 1689 dare
991 1648 1172 1705 placuit:
1207 1665 1341 1691 unum
1365 1650 1519 1692 vadem

117 1706 248 1748 tribus
279 1664 463 1748 miliibus
494 1706 600 1747 aeris
630 1705 881 1762 obligarunt.
948 1705 1067 1754 Quot
1097 1706 1312 1758 darentur,
1341 1708 1518 1765 permis-

114 1778 207 1804 sum
231 1763 409 1805 tribunis
429 1772 504 1805 est.
567 1763 731 1806 Decem
759 1763 987 1804 finierunt:
1022 1772 1084 1805 tot
1104 1764 1280 1806 vadibus
1301 1774 1518 1807 accusator

86 1819 289 1863 7vadatus
315 1829 379 1863 est
405 1836 536 1862 reum.
601 1820 686 1862 Hic
713 1820 873 1877 primus
901 1820 1029 1863 vades
1055 1821 1246 1878 publicos
1276 1822 1417 1865 dedit:
1451 1823 1517 1864 di-

114 1877 262 1920 missus
291 1893 315 1921 e
345 1878 435 1922 foro
465 1887 591 1921 noete
620 1878 814 1935 proxima
839 1878 883 1920 in
912 1878 1075 1921 Tuscos
1102 1879 1147 1921 in
1175 1879 1371 1922 exsilium
1398 1881 1512 1924 abiit.

158 2052 175 2074 ἰ
198 2043 347 2083 Subura]
374 2044 438 2075 Vel
450 2044 611 2081 Saburra,
623 2043 704 2074 alias
714 2044 791 2074 Suc-

114 2095 204 2123 eiua,
216 2085 277 2116 fuit
294 2087 379 2126 regio
395 2086 493 2124 urbis,
509 2094 605 2125 a‘qua
622 2085 725 2126 prima
740 2086 792 2116 tri-

116 2127 176 2158 bus
201 2128 324 2158 urbana
345 2129 540 2159 Suburrana
564 2128 660 2158 dicta.
686 2128 792 2159 anv.

115 2169 244 2200 Subura
265 2171 326 2200 sub
349 2180 441 2201 muro
465 2174 569 2201 terreo
588 2170 791 2201 Carinarum.

114 2212 258 2249 Subura,
284 2212 399 2243 Iunius
424 2212 544 2248 scribit,
568 2213 609 2242 ab
634 2223 683 2248 eo,
707 2213 792 2252 quod

115 2253 212 2284 fuerit
237 2256 295 2285 sub
321 2255 457 2294 antiqua
485 2257 576 2292 urbe,
607 2256 692 2294 quod
720 2256 792 2285 sub-

115 2300 163 2327 eat
179 2296 207 2327 ei
226 2296 295 2328 loco
306 2297 362 2337 qui
378 2301 498 2328 terreus
515 2308 625 2328 murus
642 2302 790 2328 vocatur:

113 2338 170 2370 ned
194 2348 252 2379 ego
275 2350 295 2369 a
318 2350 400 2379 pago
420 2340 527 2380 potius
543 2340 710 2370 Sucusano
726 2340 791 2370 dic-

114 2384 185 2412 tum
210 2386 290 2422 puto
312 2384 479 2414 Sue-usam.
526 2383 634 2422 Pagus
653 2384 791 2414 Suoma-

115 2433 190 2461 πω,
220 2425 306 2464 quod
335 2427 498 2456 succurrit
524 2424 660 2456 Carinis.
690 2425 794 2455 Varro

116 2465 157 2497 de
175 2466 211 2497 L.
232 2467 269 2498 L.
286 2467 326 2498 iv.
344 2468 372 2498 8.

161 2517 179 2548 3
198 2510 411 2540 &maturum
427 2533 435 2541 .
453 2533 461 2541 .
478 2534 485 2541 .
502 2511 538 2540 in
554 2511 708 2549 vinculis]
728 2509 793 2540 Neu

115 2555 171 2591 gat
195 2550 332 2583 Niebhr.
357 2552 406 2582 ius
431 2556 507 2583 ante
537 2553 792 2583 decemviratum

116 2592 254 2623 tribunis
269 2594 365 2624 suisne
382 2594 532 2634 patricios
547 2595 578 2624 in
593 2595 721 2625 vincula
736 2595 792 2625 du-

117 2634 223 2671 cendi,
261 2636 314 2666 sed
342 2647 395 2675 ap.
428 2636 524 2668 Dion.
557 2637 608 2668 vii.
641 2645 686 2676 17.
719 2636 792 2675 legi-

117 2687 205 2708 mus:
231 2677 264 2708 Si
277 2678 349 2717 quin
364 2678 528 2709 tribunum
546 2679 793 2718 interponam-t.

118 2730 223 2759 neque
248 2720 346 2750 vades
368 2721 443 2751 dare
469 2721 632 2757 voluisset,
656 2726 725 2751 tum
753 2732 792 2751 ex

118 2761 188 2801 lego
214 2762 307 2792 Icilia
328 2767 427 2802 caput
451 2762 674 2802 familiamque
699 2773 790 2793 sunm

117 2804 226 2836 Oereri
243 2809 400 2835 sacratam
419 2805 495 2836 fleri.

166 2858 185 2886 4
213 2848 325 2878 Med-'0
355 2849 479 2878 decreto
508 2849 561 2877 ius
590 2848 707 2877 ausilii
742 2848 793 2877 nn'

117 2890 310 2930 expediunt]
334 2891 536 2931 Expedi-me,
550 2889 568 2920 i.
581 2899 608 2920 e.
625 2889 794 2921 extu-icant.

118 2929 254 2964 Tribuni
279 2933 468 2965 metuebant
491 2942 544 2971 nc,
559 2931 583 2963 ui
607 2932 739 2964 omnino
756 2931 793 2967 li·

174 2986 273 3016 VOL·
297 2988 324 3016 1.

838 2044 949 2074 berum
967 2047 1000 2074 et
1019 2043 1067 2074 sui
1083 2042 1160 2074 iuris
1178 2043 1364 2075 Kaesonem
1381 2043 1517 2075 dimisis-

837 2090 920 2123 sent,
937 2086 1028 2124 plebs
1043 2085 1204 2116 concitata
1227 2085 1285 2116 sibi
1311 2096 1374 2116 non
1394 2087 1517 2117 obtem-

839 2132 983 2167 peraret:
1019 2127 1043 2157 εἰ
1073 2127 1207 2166 patricio
1234 2127 1356 2157 homini
1383 2128 1516 2158 tribuni-

837 2169 918 2200 tium
932 2169 1092 2200 auxilium
1108 2169 1295 2209 imploranti
1311 2180 1375 2200 non
1390 2171 1518 2201 auscul-

838 2217 954 2249 tarent,
972 2223 1011 2242 ne
1029 2212 1105 2242 iuris
1120 2211 1167 2242 sui
1186 2212 1334 2242 firmandi
1351 2217 1383 2243 et
1399 2223 1516 2252 augen-

838 2255 898 2285 dae
930 2255 1098 2294 potestatis
1127 2255 1286 2295 egregiam
1314 2255 1516 2286 occasionem

837 2297 1138 2337 praetermitterent.
1164 2297 1280 2336 Itaque
1293 2297 1422 2328 decreto
1435 2299 1516 2329 eius-

837 2340 936 2377 modi,
951 2340 1037 2379 quod
1062 2344 1093 2370 et
1119 2339 1204 2379 plebi
1227 2339 1362 2379 aliquid,
1378 2345 1410 2370 et
1430 2341 1516 2371 Kae-

837 2382 904 2412 soni
934 2382 1136 2419 concederet,
1163 2382 1239 2413 huic
1269 2381 1404 2421 ancipiti
1435 2382 1516 2423 peri-

839 2424 914 2455 culo
930 2424 979 2455 iun
995 2435 1089 2455 nuum
1107 2425 1265 2455 eximunt.
1290 2425 1396 2455 (ἲιικν.

883 2476 899 2506 5
932 2468 1032 2498 rades
1046 2468 1124 2498 dare
1138 2468 1280 2507 placuit]
1301 2467 1397 2502 “Qui
1417 2467 1448 2498 in
1467 2467 1517 2498 ius

839 2514 972 2540 vocatus
987 2509 1081 2540 suerit
1097 2510 1138 2540 ub
1154 2509 1346 2546 adversario,
1362 2509 1393 2539 ni
1410 2520 1448 2540 eo
1463 2510 1516 2541 dio

839 2552 978 2582 finiverit
1015 2552 1192 2590 negotium,
1230 2552 1447 2583 vadimonium
1486 2552 1516 2583 ei

837 2594 1021 2625 faciendum
1046 2599 1104 2630 eat,
1124 2599 1158 2624 ut
1184 2594 1349 2634 promittat
1373 2605 1406 2625 se
1429 2600 1517 2626 certo

838 2637 890 2666 die
906 2637 1008 2667 nisti.”
1035 2637 1112 2667 Inst.
1131 2636 1205 2666 Gaii
1224 2637 1263 2667 iv.
1282 2638 1298 2673 ἕ
1320 2639 1387 2675 184.

881 2677 900 2708 6
928 2681 1035 2710 Unum
1063 2680 1190 2716 vadem]
1234 2679 1455 2710 Decrevi-runt
1479 2685 1517 2711 ut

839 2721 973 2760 quilibet
998 2732 1051 2750 viui
1075 2721 1247 2760 *sponderet
1270 2732 1303 2751 ne
1327 2722 1389 2752 tria
1412 2722 1518 2753 millia

836 2763 918 2793 aeris
949 2764 1070 2802 populo
1098 2764 1262 2798 daturum,
1284 2763 1310 2794 ni
1340 2765 1449 2796 Kaeso
1475 2766 1517 2796 ad

838 2805 922 2835 diem
941 2805 1060 2835 dictum
1079 2816 1141 2836 non
1159 2806 1295 2837 ade-met.
1319 2807 1427 2838 anv.

884 2856 900 2886 7
931 2848 1029 2878 Vada
1043 2849 1203 2888 publicos]
1224 2849 1370 2887 Publice,
1381 2860 1420 2880 ex
1435 2849 1516 2880 Gro-

839 2889 934 2920 novio
961 2890 1198 2928 emendatione,
1228 2890 1361 2923 Niebhr.
1392 2893 1518 2932 probat,

839 2931 894 2972 qui
911 2933 1008 2964 vades
1019 2934 1106 2974 plebi
1123 2933 1215 2965 datos
1230 2933 1393 2975 intelligit.

390 271 616 313 Premebat
635 286 768 321 reum,
791 279 959 327 praeter
978 271 1189 328 vulgatam
1211 273 1426 324 invidiam,
1448 277 1528 317 cri-
1544 284 1586 316 U.
1604 285 1642 316 C.
1660 294 1732 326 293·

1540 327 1579 358 A.
1603 327 1642 358 C.
1659 336 1731 368 459.

1612 372 1676 410 13.

1530 1832 1641 1864 Kaeso
1658 1834 1690 1865 in

1526 1876 1678 1908 exsilium

1525 1918 1605 1952 abit.
