1934 3211
251 492 269 528 1
278 492 315 529 8.

184 546 222 577 Ρ.
235 546 360 577 Licinio

183 589 317 619 offertur

182 631 365 662 tribunatus

183 673 256 704 Mil.

186 1243 267 1273 Eius
284 1244 362 1281 filio,

184 1290 316 1325 petente
337 1297 389 1326 pa-

183 1334 243 1365 tre,
259 1330 389 1359 manda-

185 1375 246 1400 tur.

186 1578 230 1608 U.
248 1578 285 1608 C.
304 1587 375 1619 359.

184 1621 223 1650 A.
249 1621 374 1668 C.*39'3.

185 1663 223 1692 Ρ.
236 1663 372 1699 L1cm10,

183 1709 244 1734 etc..
253 1705 307 1735 Tr.
317 1705 388 1735 Mil.

185 1748 283 1786 Apud
301 1748 360 1777 Fa-

183 1789 278 1819 liscos
293 1791 379 1820 male

183 1841 231 1861 res
247 1836 344 1870 gesta.

397 174 481 211 308

367 336 372 342 ·
403 325 414 342 ⁶
430 334 516 360 non
537 319 796 374 impediant.’

911 169 1059 211 TITI
1097 168 1276 210 LIVII

301 301 307 308 ,
325 280 337 302 ς
365 294 371 300 .
402 267 412 284 ⁶
428 261 531 310 dari,
547 270 606 311 ut,
620 261 655 302 si
676 262 748 317 qui
770 261 999 302 iuventutis
1020 275 1117 301 suae
1135 259 1350 301 voluntate
1372 259 1425 300 ad
1446 259 1491 299 id
1507 257 1666 300 bellum
1682 265 1793 308 eant,

857 318 966 358 Eum
990 333 1189 374 magnum
1211 316 1426 358 advenisse
1440 316 1626 357 hostium
1645 329 1795 356 nume-

401 392 508 425 rum,
529 376 640 417 fama
670 376 832 417 Romae
865 384 974 417 erat:
1008 390 1143 431 eoque
1175 375 1392 415 mitescere
1425 373 1656 414 discordiae
1686 373 1795 414 inte-

402 434 535 475 stinae
557 443 674 474 metu
695 433 923 482 communi,
946 441 994 473 ut
1014 433 1073 481 fit,
1097 441 1282 487 coeptae.

461 491 590 532 Haud
619 491 758 531 invitis
780 491 974 531 Patribus
996 490 1043 530 P.
1061 489 1274 530 Licinium
1299 488 1478 529 Calvum
1507 487 1826 544 praerogativaS

401 549 617 589 tribunum
641 548 823 588 militum
850 563 936 587 non
967 554 1180 602 petentem
1213 555 1369 594 creant,
1395 545 1693 586 moderationis
1721 560 1795 586 ex-

401 615 543 662 pertae
565 606 609 645 in
630 605 767 660 priore
785 605 1029 659 magistratu
1045 603 1194 651 virum,
1210 611 1397 643 ceterum
1418 603 1501 643 iam
1515 611 1606 643 tum
1622 610 1793 644 exactae

402 663 571 704 aetatis:
607 677 835 715 omnesque
859 661 1058 716 deinceps
1079 675 1132 700 ex
1154 659 1331 714 collegio
1352 659 1540 699 eiusdem
1562 659 1662 699 anni
1677 660 1826 711 refici9

402 721 641 776 apparebat,
685 719 734 758 L.
755 718 978 766 Titinium,
1023 717 1069 757 P.
1091 716 1325 765 Maenium,
1373 715 1421 756 P.
1441 715 1660 765 Maelium,
1711 715 1792 758 Cn.
1811 735 1823 756 1

405 777 661 824 Genucium,
681 775 729 816 L.
748 774 927 815 Atilium
943 791 952 815 ε
987 774 1061 829 qui
1076 774 1320 829 priusquam
1336 773 1690 822 renuntiarentur,
1705 773 1794 815 iure
1808 795 1825 816 2

402 834 557 874 vocatis
585 833 775 873 tribubus
796 832 1001 888 permissu
1026 831 1247 886 interregis
1272 830 1319 871 P.
1337 830 1527 871 Licinius
1555 829 1711 872 Calvus
1738 831 1798 872 ita

401 891 528 931 verba
556 890 677 931 fecit:
719 889 886 930 ‘Omen
917 889 1179 937 concordiae,
1215 887 1416 937 Quirites,
1448 888 1508 928 rei
1539 888 1720 929 maxime
1750 889 1796 929 in

404 953 415 971 ⁶
432 948 510 989 hoc
552 956 718 1003 tempus
758 946 864 996 utili,
907 946 1109 987 memoria
1147 946 1278 986 nostri
1318 945 1581 1000 magistratus
1619 960 1692 986 vos
1731 946 1796 987 his

404 1011 416 1028 ⁶
432 1005 612 1046 comitiis
632 1014 775 1061 petere
796 1005 840 1045 in
862 1004 1155 1060 insequentem
1177 1018 1334 1044 annum
1351 1002 1487 1044 video.

1552 1003 1596 1045 Si
1616 1003 1797 1060 collegas

406 1068 417 1086 ⁶
433 1062 602 1103 eosdem
636 1062 818 1110 reficitis,
848 1062 975 1102 etiam
1003 1076 1082 1102 usu
1109 1061 1301 1101 meliores
1325 1060 1467 1109 factos,
1497 1076 1564 1102 me
1593 1061 1675 1101 iam
1709 1076 1797 1102 non

405 1126 416 1143 ⁶
432 1120 629 1169 eundem,
644 1120 717 1160 sed
731 1120 922 1160 umbram
937 1134 1177 1174 nomenque
1192 1118 1239 1158 P.
1251 1117 1406 1158 Licinii
1422 1117 1614 1159 relictum
1631 1118 1793 1159 videtis.

406 1177 557 1219 ‘Vires
597 1177 781 1233 corporis
811 1177 997 1225 affectae,
1030 1191 1174 1217 sensus
1211 1175 1428 1216 oculorum
1469 1184 1594 1231 atque
1632 1175 1797 1217 aurium

405 1241 416 1258 ⁶
432 1235 617 1284 hebetes,
640 1234 843 1275 memoria
867 1234 990 1283 labat,
1013 1233 1130 1289 vigor
1157 1233 1286 1273 animi
1317 1233 1499 1273 obtusus.

1565 1232 1632 1273 En
1653 1233 1796 1282 vobis‚’

404 1292 554 1348 inquit,
587 1298 598 1316 ⁶
611 1292 833 1341 iuvenem,'
854 1291 988 1332 filium
1010 1301 1171 1340 tenens,
1203 1290 1407 1346 ‘effigiem
1429 1298 1555 1345 atque
1569 1290 1797 1345 imaginem

405 1356 416 1373 ⁶
432 1350 533 1399 eius,
558 1365 685 1405 quem
705 1365 778 1390 vos
803 1357 927 1390 antea
948 1349 1162 1389 tribunum
1186 1347 1368 1388 militum
1395 1362 1449 1387 ex
1470 1347 1591 1403 plebe
1612 1347 1797 1404 primum

405 1412 416 1430 ⁶
431 1407 597 1448 fecistis.

404 1469 416 1487 ⁶
431 1479 507 1519 pro
529 1479 595 1505 me
612 1464 864 1519 reipublicae
882 1464 936 1504 do
957 1464 1149 1519 dicoque.

662 1406 792 1448 Hunc
821 1422 912 1462 ego,
939 1406 1179 1447 institutum
1211 1404 1432 1461 disciplina
1461 1419 1568 1454 mea,
1595 1405 1797 1446 vicarium

1212 1462 1385 1518 Vosque
1409 1477 1576 1518 quaeso,
1596 1461 1796 1512 Quirites,

405 1526 417 1544 ⁶
433 1521 618 1561 delatum
640 1521 744 1560 mihi
765 1521 876 1561 ultro
898 1521 1101 1562 honorem
1122 1520 1221 1560 huic
1242 1520 1416 1575 petenti,
1439 1520 1628 1575 meisque
1649 1534 1724 1575 pro
1746 1535 1797 1561 eo

406 1578 606 1618 ‘adiectis
645 1578 849 1633 precibus,
885 1578 1104 1618 mandetis.

1109 1578 1118 1595 9

1178 1577 1339 1618 Datum
1380 1577 1424 1618 id
1459 1577 1620 1634 petenti
1661 1577 1794 1633 patri,

403 1635 597 1690 filiusque
632 1650 721 1675 eius
758 1635 804 1675 P.
823 1635 1012 1674 Licinius
1047 1635 1240 1675 tribunus
1272 1634 1453 1675 militum
1487 1634 1694 1675 consulari
1720 1649 1827 1689 po-3

403 1701 550 1733 testate
573 1707 667 1732 cum
690 1692 752 1741 iis,
768 1706 873 1747 quos
895 1692 1286 1747 suprascripsimus,
1302 1691 1547 1731 declaratus.

1611 1691 1796 1732 Titinius

406 1749 708 1805 Genuciusque
749 1748 906 1789 tribuni
940 1748 1133 1797 militum,
1168 1748 1343 1803 profecti
1384 1748 1579 1788 adversus
1615 1747 1796 1789 Faliscos

405 1806 740 1863 Capenatesque,
775 1806 876 1846 dum
909 1805 1065 1846 bellum
1106 1806 1261 1845 maiore
1295 1805 1436 1845 animo
1467 1813 1633 1860 gerunt,
1668 1820 1794 1860 quam

449 1931 468 1959 8
498 1930 750 1967 Praeroyativa]
785 1928 892 1965 Creat,
916 1927 1077 1959 Crevierio

403 1972 574 2011 legendum
592 1971 728 2007 videtur,
745 1971 812 2000 sub.
830 1972 997 2001 centuria:
1022 1971 1078 2000 sed

403 2014 482 2044 nihil
494 2024 574 2053 opus
584 2013 689 2049 fuerit,
699 2013 724 2042 si
734 2013 896 2052 suffragyz'a
905 2012 1077 2051 intelligas,

403 2056 462 2086 nisi
478 2056 572 2085 malis
581 2056 841 2095 praeroqqativcte,
857 2065 899 2085 sc.
916 2056 1029 2091 trihus,
1042 2058 1078 2084 ut

402 2098 473 2132 infr.
490 2109 521 2128 x.
540 2107 588 2128 22.
636 2097 876 2127 Difficillimum
898 2101 946 2127 est
962 2096 1076 2127 diiudi-

403 2151 475 2170 care
506 2140 596 2170 litem
626 2139 710 2169 inter
740 2139 906 2178 Sigonium
936 2143 968 2169 et
996 2139 1077 2169 Gru—

403 2183 512 2213 chium
542 2186 676 2219 motam,
700 2185 809 2211 utrum
839 2192 941 2212 necne
966 2181 1077 2211 Livius

401 2225 462 2255 hoc
485 2224 556 2254 loco
580 2223 719 2264 prolepsi
735 2234 811 2254 usus
825 2224 930 2254 fuerit.
977 2223 1076 2262 Equi-

401 2268 474 2297 dem
502 2267 604 2297 fateor
627 2266 706 2296 mihi
730 2266 860 2304 quidem
888 2265 984 2295 videri
1013 2276 1076 2296 non

400 2309 653 2346 centuriam,sed
666 2307 853 2345 tribum,hic
860 2309 1077 2347 supplendam

401 2362 480 2388 esse,
500 2361 605 2390 neque
628 2351 734 2380 adhuc
758 2360 830 2380 eum
856 2349 1000 2380 ordinem
1025 2360 1074 2379 co-

400 2394 564 2424 mitiorum
589 2392 771 2423 institutum
788 2392 896 2429 fuisse,
912 2402 987 2431 quo,
1003 2402 1074 2422 cen-

400 2436 491 2466 turiis
505 2436 537 2465 in
551 2436 698 2465 tribubus
708 2434 851 2469 inclusis,
864 2434 1008 2472 singulae
1022 2433 1075 2463 tri-

400 2478 459 2508 bus
472 2478 503 2507 in
515 2477 676 2508 centurias
687 2478 845 2507 seniorum
861 2480 892 2506 et
905 2477 1071 2507 iuniorum

399 2520 579 2559 descriptae
606 2518 755 2558 suffragia
779 2519 914 2548 ferrent:
941 2518 1008 2548 fieri
1026 2523 1071 2548 ta-

398 2573 471 2593 men
488 2573 590 2601 posse,
609 2565 645 2591 ut
664 2571 798 2590 numero
824 2560 942 2590 civium
966 2564 1073 2597 aucto,

400 2614 497 2642 quum
530 2603 659 2642 negotia
687 2602 821 2632 maximi
852 2602 1007 2632 momenti
1041 2602 1074 2632 in

400 2645 537 2676 comitiis
547 2645 673 2675 tributis
684 2648 922 2684 peragerentur,
928 2645 1004 2674 ordo
1011 2654 1074 2674 cer-

399 2692 450 2717 tus
465 2688 606 2718 tribuum
623 2688 655 2717 in
672 2686 822 2726 suffragia
842 2686 1073 2717 mittendarum

398 2728 547 2759 inventus
570 2730 621 2766 sit,
639 2729 720 2759 adeo
744 2733 780 2759 ut
803 2730 906 2759 tribus
929 2730 1002 2759 iure
1025 2739 1074 2759 vo-

399 2776 488 2801 eatae
509 2775 625 2807 essent,
641 2776 673 2801 et
695 2782 763 2801 una
787 2774 870 2801 sorte
891 2771 1073 2807 duceretur,

399 2820 481 2848 quae
502 2815 729 2851 praeroyativa
757 2817 851 2849 esset,
874 2817 905 2843 et
931 2812 1017 2851 prius
1040 2812 1072 2842 in

397 2853 545 2890 suffragia
562 2854 629 2884 iret.

440 2905 459 2933 9
485 2896 600 2923 Omnes
619 2918 625 2924 .
644 2918 649 2924 .
669 2918 675 2924 .
693 2919 700 2925 .
721 2907 760 2926 ιη’
782 2898 910 2934 eolleyio
932 2897 1068 2928 eiusdem

1121 1929 1218 1966 anni]
1240 1928 1290 1957 Ex
1306 1927 1345 1958 iis
1361 1938 1496 1966 quorum
1512 1928 1644 1958 nomina
1658 1939 1794 1968 sequun-

1122 1974 1185 2007 tur,
1219 1974 1283 2000 tres
1317 1970 1460 2009 quidem,
1495 1971 1550 2009 qui
1587 1971 1796 2010 appellantur

1122 2011 1229 2051 primi,
1265 2013 1407 2051 collegae
1443 2012 1573 2043 fuerunt
1608 2013 1646 2044 P.
1679 2013 1794 2044 Licinii

1123 2054 1226 2085 Calvi.
1273 2055 1316 2084 At
1332 2055 1396 2084 duo
1420 2055 1572 2093 postremi
1594 2065 1659 2086 non
1679 2057 1795 2087 eodem

1122 2107 1185 2136 quo
1206 2097 1349 2127 Licinius
1370 2107 1466 2133 anno,
1489 2098 1544 2128 sed
1565 2102 1719 2137 sequente
1741 2098 1794 2129 tri-

1121 2140 1280 2169 bunatum
1296 2143 1469 2178 gesserunt.
1499 2139 1576 2170 Vid.
1593 2150 1679 2180 supr.
1699 2150 1746 2172 12.
1762 2145 1795 2171 et

1125 2191 1171 2221 13.
1197 2182 1302 2212 CREV.

1168 2233 1180 2253 1
1207 2225 1247 2254 P.
1264 2225 1453 2262 [Maenium]
1483 2224 1671 2264 Legendum
1688 2224 1740 2256 hic
1757 2227 1793 2263 Q.

1121 2267 1298 2296 [Manlium.
1327 2266 1366 2297 ef.
1384 2266 1539 2305 Burghes.
1561 2267 1688 2306 Fragm.
1705 2268 1793 2298 Fast.

1123 2308 1230 2347 Capit.
1258 2308 1389 2338 Patricii
1398 2308 1528 2347 quidem
1535 2309 1597 2338 hoc
1607 2319 1691 2339 anno
1697 2310 1794 2340 Man-

1119 2350 1182 2380 lius
1198 2354 1229 2380 et
1247 2350 1415 2380 Genucius
1431 2353 1530 2381 erant.
1562 2351 1600 2381 cf.
1617 2361 1703 2390 supr.
1723 2361 1770 2390 13.

1163 2402 1179 2422 2
1204 2394 1283 2423 Iure
1299 2394 1416 2423 vocatis
1431 2393 1594 2430 tribubus]
1622 2393 1722 2424 Unde
1737 2404 1792 2433 ap-

1120 2438 1211 2474 paret
1237 2434 1382 2464 tribunos
1407 2434 1548 2464 militum
1576 2434 1714 2466 comitiis
1739 2436 1791 2466 tri-

1114 2476 1200 2506 butis
1216 2480 1339 2506 creatos
1354 2486 1432 2513 esse,
1450 2476 1510 2507 nisi
1526 2477 1627 2507 mavis
1646 2481 1791 2509 nostrum

1115 2518 1273 2548 rationem
1284 2522 1467 2558 temporum
1480 2519 1512 2549 in
1526 2519 1679 2558 loquendi
1689 2520 1792 2551 forma

1118 2570 1183 2590 non
1200 2560 1358 2591 habuisse.
1390 2562 1429 2592 cf.
1448 2571 1533 2600 supr.
1549 2561 1590 2592 iv.
1607 2561 1658 2593 61.

1163 2612 1179 2641 3
1202 2604 1370 2643 Filia-sque
1392 2605 1478 2642 eius]
1513 2603 1628 2634 Errore
1651 2605 1791 2644 quodam

1118 2645 1171 2674 hic
1203 2650 1346 2675 versatur
1376 2645 1498 2683 Livius,
1523 2645 1548 2676 si
1577 2647 1791 2686 Burghesium

1119 2691 1151 2716 et
1176 2686 1377 2717 Piranesium
1404 2688 1584 2726 audiamus,
1610 2689 1732 2729 quippe
1756 2689 1790 2719 in

1121 2729 1247 2768 Fragm.
1280 2730 1367 2760 Fast.
1395 2730 1504 2769 Capit.
1535 2730 1682 2761 scribitur
1710 2740 1789 2761 uol-

1118 2780 1194 2801 NIUS
1243 2781 1491 2807 ...squamus
1516 2782 1553 2803 11.
1580 2776 1679 2812 atque
1703 2772 1788 2803 idem

1117 2813 1265 2843 tribunus
1285 2813 1340 2843 ille
1367 2814 1464 2845 fuisse
1490 2814 1627 2852 videtur,
1652 2813 1706 2853 qui
1735 2823 1786 2845 an.

1118 2864 1188 2893 354.
1213 2855 1255 2886 U.
1273 2856 1310 2886 C.
1334 2856 1367 2885 in
1392 2857 1518 2895 Fragm.
1543 2856 1660 2886 dicitur
1674 2878 1682 2886 .
1699 2878 1706 2886 .
1725 2878 1732 2885 .
1750 2865 1788 2885 us

1116 2906 1143 2927 P.
1162 2906 1189 2926 F.
1209 2906 1235 2927 P.
1253 2906 1282 2927 N.
1299 2907 1422 2927 cavus
1439 2906 1641 2932 nsqtvrmiws.
