<?xml version="1.0" encoding="UTF-8"?>
<!DOCTYPE html PUBLIC "-//W3C//DTD XHTML 1.0 Transitional//EN"
    "http://www.w3.org/TR/xhtml1/DTD/xhtml1-transitional.dtd">
<html xmlns="http://www.w3.org/1999/xhtml" xml:lang="en" lang="en">
 <head>
  <title>
</title>
<meta http-equiv="Content-Type" content="text/html;charset=utf-8" />
  <meta name='ocr-system' content='tesseract 3.04.00' />
  <meta name='ocr-capabilities' content='ocr_page ocr_carea ocr_par ocr_line ocrx_word'/>
</head>
<body>
  <div class='ocr_page' id='page_1' title='image "./historiarumli01livyuoft_0539.png"; bbox 0 0 1934 3211; ppageno 0'>
   <div class='ocr_carea' id='block_1_1' title="bbox 566 152 1541 200">
    <p class='ocr_par' dir='ltr' id='par_1_1' title="bbox 566 152 1541 200">
     <span class='ocr_line' id='line_1_1' title="bbox 566 152 1541 200; baseline 0.003 -4"><span class='ocrx_word' id='word_1_1' title='bbox 566 154 691 197; x_wconf 88' lang='grc' dir='ltr'><strong>ΙΙΒ.</strong></span> <span class='ocrx_word' id='word_1_2' title='bbox 727 152 806 196; x_wconf 92' lang='grc' dir='ltr'><strong>ΙΧ.</strong></span> <span class='ocrx_word' id='word_1_3' title='bbox 853 155 999 196; x_wconf 90' lang='lat' dir='ltr'><strong>CAP.</strong></span> <span class='ocrx_word' id='word_1_4' title='bbox 1034 160 1101 197; x_wconf 91' lang='lat'><strong>22.</strong></span> <span class='ocrx_word' id='word_1_5' title='bbox 1457 159 1541 200; x_wconf 76' lang='lat'><strong>525</strong></span> 
     </span>
    </p>
   </div>
   <div class='ocr_carea' id='block_1_2' title="bbox 107 244 1767 2319">
    <p class='ocr_par' dir='ltr' id='par_1_2' title="bbox 113 244 1736 304">
     <span class='ocr_line' id='line_1_2' title="bbox 113 244 1736 304; baseline 0.004 -19"><span class='ocrx_word' id='word_1_6' title='bbox 113 244 222 286; x_wconf 86' lang='lat' dir='ltr'><strong>1lem</strong></span> <span class='ocrx_word' id='word_1_7' title='bbox 259 245 312 287; x_wconf 90' lang='lat' dir='ltr'><strong>ad</strong></span> <span class='ocrx_word' id='word_1_8' title='bbox 343 244 761 286; x_wconf 85' lang='lat' dir='ltr'><strong>circumveniendum</strong></span> <span class='ocrx_word' id='word_1_9' title='bbox 799 246 925 301; x_wconf 80' lang='lat' dir='ltr'>cepit,</span> <span class='ocrx_word' id='word_1_10' title='bbox 957 254 1001 286; x_wconf 91' lang='lat' dir='ltr'><strong>et</strong></span> <span class='ocrx_word' id='word_1_11' title='bbox 1031 245 1196 286; x_wconf 83' lang='lat' dir='ltr'><strong>diversa</strong></span> <span class='ocrx_word' id='word_1_12' title='bbox 1228 248 1373 288; x_wconf 79' lang='lat' dir='ltr'>statuit</span> <span class='ocrx_word' id='word_1_13' title='bbox 1410 248 1538 304; x_wconf 81' lang='lat' dir='ltr'><strong>signa</strong></span> <span class='ocrx_word' id='word_1_14' title='bbox 1560 259 1600 291; x_wconf 76' lang='lat' dir='ltr'><strong>U.</strong></span> <span class='ocrx_word' id='word_1_15' title='bbox 1619 260 1656 290; x_wconf 79' lang='lat' dir='ltr'>C</span> <span class='ocrx_word' id='word_1_16' title='bbox 1674 261 1736 298; x_wconf 59' lang='lat' dir='ltr'><strong>4,ss</strong></span> 
     </span>
    </p>

    <p class='ocr_par' dir='ltr' id='par_1_3' title="bbox 141 284 1767 359">
     <span class='ocr_line' id='line_1_3' title="bbox 141 284 1767 359; baseline 0.001 -15"><span class='ocrx_word' id='word_1_17' title='bbox 141 302 336 344; x_wconf 88' lang='lat' dir='ltr'><strong>Infestior</strong></span> <span class='ocrx_word' id='word_1_18' title='bbox 367 311 506 343; x_wconf 87' lang='lat' dir='ltr'><strong>tamen</strong></span> <span class='ocrx_word' id='word_1_19' title='bbox 529 302 572 342; x_wconf 92' lang='lat' dir='ltr'><strong>in</strong></span> <span class='ocrx_word' id='word_1_20' title='bbox 598 311 868 358; x_wconf 84' lang='lat' dir='ltr'><strong>erumpentes</strong></span> <span class='ocrx_word' id='word_1_21' title='bbox 889 302 1080 344; x_wconf 87' lang='lat' dir='ltr'><strong>incessit:</strong></span> <span class='ocrx_word' id='word_1_22' title='bbox 1114 318 1193 344; x_wconf 91' lang='lat' dir='ltr'><strong>nec</strong></span> <span class='ocrx_word' id='word_1_23' title='bbox 1225 318 1378 359; x_wconf 88' lang='lat' dir='ltr'><strong>magno</strong></span> <span class='ocrx_word' id='word_1_24' title='bbox 1409 315 1565 346; x_wconf 87' lang='lat' dir='ltr'><strong>certa·</strong></span> <span class='ocrx_word' id='word_1_25' title='bbox 1557 304 1595 333; x_wconf 77' lang='lat' dir='ltr'><strong>A.</strong></span> <span class='ocrx_word' id='word_1_26' title='bbox 1619 303 1657 333; x_wconf 84' lang='lat' dir='ltr'><strong>C.</strong></span> <span class='ocrx_word' id='word_1_27' title='bbox 1677 311 1748 340; x_wconf 73' lang='lat'><strong>3¹⁴·</strong></span> <span class='ocrx_word' id='word_1_28' title='bbox 1741 284 1767 308; x_wconf 46' lang='lat'><strong>.-</strong></span> 
     </span>
    </p>

    <p class='ocr_par' dir='ltr' id='par_1_4' title="bbox 138 359 1543 416">
     <span class='ocr_line' id='line_1_4' title="bbox 138 359 1543 416; baseline 0.002 -17"><span class='ocrx_word' id='word_1_29' title='bbox 138 359 252 400; x_wconf 90' lang='lat' dir='ltr'><strong>mine</strong></span> <span class='ocrx_word' id='word_1_30' title='bbox 283 359 394 400; x_wconf 90' lang='lat' dir='ltr'><strong>intra</strong></span> <span class='ocrx_word' id='word_1_31' title='bbox 413 360 583 400; x_wconf 88' lang='lat' dir='ltr'><strong>moenia</strong></span> <span class='ocrx_word' id='word_1_32' title='bbox 612 359 828 416; x_wconf 86' lang='lat' dir='ltr'><strong>compulit.</strong></span> <span class='ocrx_word' id='word_1_33' title='bbox 892 360 1006 401; x_wconf 91' lang='lat' dir='ltr'><strong>Tum</strong></span> <span class='ocrx_word' id='word_1_34' title='bbox 1029 368 1159 401; x_wconf 87' lang='lat' dir='ltr'><strong>totam</strong></span> <span class='ocrx_word' id='word_1_35' title='bbox 1191 360 1324 401; x_wconf 83' lang='lat' dir='ltr'>aciem</span> <span class='ocrx_word' id='word_1_36' title='bbox 1346 361 1391 401; x_wconf 91' lang='lat' dir='ltr'><strong>in</strong></span> <span class='ocrx_word' id='word_1_37' title='bbox 1424 360 1543 403; x_wconf 88' lang='lat' dir='ltr'><strong>Sam-</strong></span> 
     </span>
    </p>

    <p class='ocr_par' dir='ltr' id='par_1_5' title="bbox 138 416 1544 473">
     <span class='ocr_line' id='line_1_5' title="bbox 138 416 1544 473; baseline 0.001 -15"><span class='ocrx_word' id='word_1_38' title='bbox 138 416 248 458; x_wconf 87' lang='lat' dir='ltr'><strong>nites</strong></span> <span class='ocrx_word' id='word_1_39' title='bbox 287 417 478 458; x_wconf 85' lang='lat' dir='ltr'><strong>obvertit.</strong></span> <span class='ocrx_word' id='word_1_40' title='bbox 541 416 608 458; x_wconf 88' lang='lat' dir='ltr'><strong>Ibi</strong></span> <span class='ocrx_word' id='word_1_41' title='bbox 643 416 738 473; x_wconf 90' lang='lat' dir='ltr'><strong>plus</strong></span> <span class='ocrx_word' id='word_1_42' title='bbox 773 417 1013 458; x_wconf 85' lang='lat' dir='ltr'><strong>certaminis</strong></span> <span class='ocrx_word' id='word_1_43' title='bbox 1048 417 1140 458; x_wconf 91' lang='lat' dir='ltr'><strong>fuit.</strong></span> <span class='ocrx_word' id='word_1_44' title='bbox 1204 417 1396 459; x_wconf 86' lang='lat' dir='ltr'><strong>Victoria</strong></span> <span class='ocrx_word' id='word_1_45' title='bbox 1435 419 1544 460; x_wconf 89' lang='lat' dir='ltr'><strong>sicut</strong></span> 
     </span>
    </p>

    <p class='ocr_par' dir='ltr' id='par_1_6' title="bbox 138 473 1541 538">
     <span class='ocr_line' id='line_1_6' title="bbox 138 473 1541 538; baseline 0.002 -24"><span class='ocrx_word' id='word_1_46' title='bbox 138 487 242 538; x_wconf 67' lang='lat' dir='ltr'><strong>sera,</strong></span> <span class='ocrx_word' id='word_1_47' title='bbox 264 473 324 515; x_wconf 85' lang='lat' dir='ltr'><strong>ita</strong></span> <span class='ocrx_word' id='word_1_48' title='bbox 336 489 415 515; x_wconf 91' lang='lat' dir='ltr'><strong>nec</strong></span> <span class='ocrx_word' id='word_1_49' title='bbox 436 474 578 524; x_wconf 85' lang='lat' dir='ltr'><strong>dubia,</strong></span> <span class='ocrx_word' id='word_1_50' title='bbox 596 490 675 516; x_wconf 93' lang='lat' dir='ltr'><strong>nec</strong></span> <span class='ocrx_word' id='word_1_51' title='bbox 690 475 805 516; x_wconf 86' lang='lat' dir='ltr'><strong>varia</strong></span> <span class='ocrx_word' id='word_1_52' title='bbox 818 475 910 516; x_wconf 86' lang='lat' dir='ltr'><strong>fuit.</strong></span> <span class='ocrx_word' id='word_1_53' title='bbox 974 475 1105 516; x_wconf 91' lang='lat' dir='ltr'><strong>Fusi</strong></span> <span class='ocrx_word' id='word_1_54' title='bbox 1095 491 1139 516; x_wconf 93' lang='lat' dir='ltr'><strong>1n</strong></span> <span class='ocrx_word' id='word_1_55' title='bbox 1161 486 1295 516; x_wconf 90' lang='lat' dir='ltr'><strong>castra</strong></span> <span class='ocrx_word' id='word_1_56' title='bbox 1319 475 1541 525; x_wconf 84' lang='lat' dir='ltr'><strong>Samnites,</strong></span> 
     </span>
    </p>

    <p class='ocr_par' dir='ltr' id='par_1_7' title="bbox 138 530 1542 589">
     <span class='ocr_line' id='line_1_7' title="bbox 138 530 1542 589; baseline 0.001 -17"><span class='ocrx_word' id='word_1_57' title='bbox 138 530 356 573; x_wconf 87' lang='lat' dir='ltr'><strong>exstinctis</strong></span> <span class='ocrx_word' id='word_1_58' title='bbox 390 540 515 573; x_wconf 90' lang='lat' dir='ltr'><strong>nocte</strong></span> <span class='ocrx_word' id='word_1_59' title='bbox 557 532 738 589; x_wconf 85' lang='lat' dir='ltr'><strong>ignibus,</strong></span> <span class='ocrx_word' id='word_1_60' title='bbox 776 533 905 574; x_wconf 91' lang='lat' dir='ltr'><strong>tacito</strong></span> <span class='ocrx_word' id='word_1_61' title='bbox 945 533 1111 589; x_wconf 82' lang='lat' dir='ltr'><strong>agmine</strong></span> <span class='ocrx_word' id='word_1_62' title='bbox 1149 533 1332 574; x_wconf 91' lang='lat' dir='ltr'><strong>abeunt.</strong></span> <span class='ocrx_word' id='word_1_63' title='bbox 1377 541 1431 582; x_wconf 87' lang='lat' dir='ltr'><strong>et,</strong></span> <span class='ocrx_word' id='word_1_64' title='bbox 1469 548 1542 589; x_wconf 90' lang='lat' dir='ltr'><strong>spe</strong></span> 
     </span>
    </p>

    <p class='ocr_par' dir='ltr' id='par_1_8' title="bbox 137 587 1541 646">
     <span class='ocr_line' id='line_1_8' title="bbox 137 587 1541 646; baseline 0.001 -17"><span class='ocrx_word' id='word_1_65' title='bbox 137 588 301 630; x_wconf 87' lang='lat' dir='ltr'><strong>abiecta</strong></span> <span class='ocrx_word' id='word_1_66' title='bbox 324 587 532 630; x_wconf 86' lang='lat' dir='ltr'><strong>Saticulae</strong></span> <span class='ocrx_word' id='word_1_67' title='bbox 551 590 747 640; x_wconf 88' lang='lat' dir='ltr'><strong>tuendae,</strong></span> <span class='ocrx_word' id='word_1_68' title='bbox 765 590 984 631; x_wconf 89' lang='lat' dir='ltr'><strong>Plistiam</strong></span> <span class='ocrx_word' id='word_1_69' title='bbox 974 590 1066 646; x_wconf 81' lang='lat' dir='ltr'><strong>lpsi,</strong></span> <span class='ocrx_word' id='word_1_70' title='bbox 1084 590 1217 632; x_wconf 90' lang='lat' dir='ltr'><strong>socios</strong></span> <span class='ocrx_word' id='word_1_71' title='bbox 1235 590 1541 639; x_wconf 84' lang='lat' dir='ltr'><strong>Romanorum,</strong></span> 
     </span>
    </p>

    <p class='ocr_par' dir='ltr' id='par_1_9' title="bbox 137 646 1294 702">
     <span class='ocr_line' id='line_1_9' title="bbox 137 646 1294 702; baseline 0.003 -16"><span class='ocrx_word' id='word_1_72' title='bbox 137 654 186 687; x_wconf 91' lang='lat' dir='ltr'><strong>ut</strong></span> <span class='ocrx_word' id='word_1_73' title='bbox 205 660 348 702; x_wconf 87' lang='lat' dir='ltr'><strong>parem</strong></span> <span class='ocrx_word' id='word_1_74' title='bbox 371 646 559 688; x_wconf 90' lang='lat' dir='ltr'><strong>dolorem</strong></span> <span class='ocrx_word' id='word_1_75' title='bbox 582 647 691 689; x_wconf 90' lang='lat' dir='ltr'><strong>hosti</strong></span> <span class='ocrx_word' id='word_1_76' title='bbox 714 647 954 697; x_wconf 86' lang='lat' dir='ltr'><strong>redderent,</strong></span> <span class='ocrx_word' id='word_1_77' title='bbox 978 647 1294 689; x_wconf 85' lang='lat' dir='ltr'><strong>circumsidunt.</strong></span> 
     </span>
    </p>

    <p class='ocr_par' dir='ltr' id='par_1_10' title="bbox 108 703 1735 819">
     <span class='ocr_line' id='line_1_10' title="bbox 146 703 1689 762; baseline 0.003 -18"><span class='ocrx_word' id='word_1_78' title='bbox 146 735 149 737; x_wconf 87' lang='lat'>-</span> <span class='ocrx_word' id='word_1_79' title='bbox 196 703 328 745; x_wconf 92' lang='lat' dir='ltr'><strong>Anno</strong></span> <span class='ocrx_word' id='word_1_80' title='bbox 350 704 618 755; x_wconf 86' lang='lat' dir='ltr'><strong>circumacto,</strong></span> <span class='ocrx_word' id='word_1_81' title='bbox 636 704 794 746; x_wconf 86' lang='lat' dir='ltr'><strong>bellum</strong></span> <span class='ocrx_word' id='word_1_82' title='bbox 818 705 1018 762; x_wconf 86' lang='lat' dir='ltr'><strong>deinceps</strong></span> <span class='ocrx_word' id='word_1_83' title='bbox 1040 706 1091 747; x_wconf 88' lang='lat' dir='ltr'><strong>ab</strong></span> <span class='ocrx_word' id='word_1_84' title='bbox 1113 705 1315 746; x_wconf 88' lang='lat' dir='ltr'><strong>dictatore</strong></span> <span class='ocrx_word' id='word_1_85' title='bbox 1341 705 1394 754; x_wconf 93' lang='lat' dir='ltr'><strong>Q.</strong></span> <span class='ocrx_word' id='word_1_86' title='bbox 1412 704 1542 747; x_wconf 89' lang='lat' dir='ltr'><strong>Fabio</strong></span> <span class='ocrx_word' id='word_1_87' title='bbox 1622 711 1689 748; x_wconf 85' lang='lat'><strong>22.</strong></span> 
     </span>
     <span class='ocr_line' id='line_1_11' title="bbox 108 762 1746 819; baseline 0.001 -17"><span class='ocrx_word' id='word_1_88' title='bbox 108 769 304 818; x_wconf 87' lang='lat' dir='ltr'><strong>2gestum</strong></span> <span class='ocrx_word' id='word_1_89' title='bbox 325 771 398 803; x_wconf 88' lang='lat' dir='ltr'><strong>est.</strong></span> <span class='ocrx_word' id='word_1_90' title='bbox 466 762 674 804; x_wconf 90' lang='lat' dir='ltr'><strong>Consules</strong></span> <span class='ocrx_word' id='word_1_91' title='bbox 695 763 806 812; x_wconf 86' lang='lat' dir='ltr'><strong>novi,</strong></span> <span class='ocrx_word' id='word_1_92' title='bbox 830 763 939 804; x_wconf 91' lang='lat' dir='ltr'><strong>sicut</strong></span> <span class='ocrx_word' id='word_1_93' title='bbox 963 763 1210 819; x_wconf 86' lang='lat' dir='ltr'><strong>superioreS,</strong></span> <span class='ocrx_word' id='word_1_94' title='bbox 1234 762 1397 804; x_wconf 87' lang='lat' dir='ltr'><strong>Romae</strong></span> <span class='ocrx_word' id='word_1_95' title='bbox 1424 777 1539 804; x_wconf 90' lang='lat' dir='ltr'><strong>man·</strong></span> <span class='ocrx_word' id='word_1_96' title='bbox 1558 767 1600 799; x_wconf 94' lang='lat' dir='ltr'><strong>U</strong></span> <span class='ocrx_word' id='word_1_97' title='bbox 1618 767 1656 798; x_wconf 90' lang='lat' dir='ltr'>C</span> <span class='ocrx_word' id='word_1_98' title='bbox 1674 776 1746 808; x_wconf 82' lang='lat'>439-</span> 
     </span>
    </p>

    <p class='ocr_par' dir='ltr' id='par_1_11' title="bbox 137 810 1747 892">
     <span class='ocr_line' id='line_1_12' title="bbox 137 810 1747 892; baseline 0.002 -33"><span class='ocrx_word' id='word_1_99' title='bbox 137 827 306 860; x_wconf 86' lang='lat' dir='ltr'><strong>serunt:</strong></span> <span class='ocrx_word' id='word_1_100' title='bbox 341 819 508 869; x_wconf 85' lang='lat' dir='ltr'><strong>Fabius,</strong></span> <span class='ocrx_word' id='word_1_101' title='bbox 531 820 585 861; x_wconf 84' lang='lat' dir='ltr'><strong>ad</strong></span> <span class='ocrx_word' id='word_1_102' title='bbox 607 819 902 876; x_wconf 88' lang='lat' dir='ltr'><strong>accipiendum</strong></span> <span class='ocrx_word' id='word_1_103' title='bbox 923 821 974 861; x_wconf 92' lang='lat' dir='ltr'><strong>ab</strong></span> <span class='ocrx_word' id='word_1_104' title='bbox 1009 820 1196 861; x_wconf 90' lang='lat' dir='ltr'><strong>Aemilio</strong></span> <span class='ocrx_word' id='word_1_105' title='bbox 1218 821 1465 869; x_wconf 76' lang='lat' dir='ltr'><strong>exercitum,</strong></span> <span class='ocrx_word' id='word_1_106' title='bbox 1488 811 1594 883; x_wconf 45' lang='lat' dir='ltr'><strong>adi}</strong></span> <span class='ocrx_word' id='word_1_107' title='bbox 1606 810 1676 892; x_wconf 46' lang='grc' dir='ltr'><strong>ἕρ</strong></span> <span class='ocrx_word' id='word_1_108' title='bbox 1675 819 1747 883; x_wconf 48' lang='lat'><strong>{¹52}</strong></span> 
     </span>
    </p>

    <p class='ocr_par' dir='ltr' id='par_1_12' title="bbox 141 863 1761 934">
     <span class='ocr_line' id='line_1_13' title="bbox 141 863 1761 934; baseline 0.001 -17"><span class='ocrx_word' id='word_1_109' title='bbox 141 875 371 918; x_wconf 85' lang='lat' dir='ltr'><strong>Saticulam</strong></span> <span class='ocrx_word' id='word_1_110' title='bbox 392 892 490 918; x_wconf 91' lang='lat' dir='ltr'><strong>cum</strong></span> <span class='ocrx_word' id='word_1_111' title='bbox 511 877 807 934; x_wconf 90' lang='lat' dir='ltr'><strong>supplemento</strong></span> <span class='ocrx_word' id='word_1_112' title='bbox 823 878 949 918; x_wconf 86' lang='lat' dir='ltr'><strong>venit.</strong></span> <span class='ocrx_word' id='word_1_113' title='bbox 1014 877 1170 933; x_wconf 88' lang='lat' dir='ltr'><strong>Neque</strong></span> <span class='ocrx_word' id='word_1_114' title='bbox 1193 878 1307 918; x_wconf 91' lang='lat' dir='ltr'><strong>enim</strong></span> <span class='ocrx_word' id='word_1_115' title='bbox 1332 877 1542 919; x_wconf 82' lang='lat' dir='ltr'><strong>Samnites</strong></span> <span class='ocrx_word' id='word_1_116' title='bbox 1556 896 1618 926; x_wconf 86' lang='lat' dir='ltr'><strong>IV</strong></span> <span class='ocrx_word' id='word_1_117' title='bbox 1627 863 1676 931; x_wconf 67' lang='lat' dir='ltr'><strong>Qp</strong></span> <span class='ocrx_word' id='word_1_118' title='bbox 1677 896 1702 925; x_wconf 83' lang='lat' dir='ltr'><strong>p</strong></span> <span class='ocrx_word' id='word_1_119' title='bbox 1708 896 1761 925; x_wconf 64' lang='lat' dir='ltr'><strong>ui&gt;-</strong></span> 
     </span>
    </p>

    <p class='ocr_par' dir='ltr' id='par_1_13' title="bbox 138 933 1705 984">
     <span class='ocr_line' id='line_1_14' title="bbox 138 933 1705 984; baseline 0.001 -9"><span class='ocrx_word' id='word_1_120' title='bbox 138 933 193 975; x_wconf 88' lang='lat' dir='ltr'><strong>ad</strong></span> <span class='ocrx_word' id='word_1_121' title='bbox 224 933 415 975; x_wconf 85' lang='lat' dir='ltr'><strong>Plistiam</strong></span> <span class='ocrx_word' id='word_1_122' title='bbox 448 943 710 976; x_wconf 87' lang='lat' dir='ltr'><strong>manserant.</strong></span> <span class='ocrx_word' id='word_1_123' title='bbox 745 934 832 984; x_wconf 86' lang='lat' dir='ltr'><strong>sed,</strong></span> <span class='ocrx_word' id='word_1_124' title='bbox 855 935 998 976; x_wconf 90' lang='lat' dir='ltr'><strong>accitis</strong></span> <span class='ocrx_word' id='word_1_125' title='bbox 1020 935 1072 976; x_wconf 88' lang='lat' dir='ltr'><strong>ab</strong></span> <span class='ocrx_word' id='word_1_126' title='bbox 1093 935 1220 976; x_wconf 92' lang='lat' dir='ltr'><strong>domo</strong></span> <span class='ocrx_word' id='word_1_127' title='bbox 1251 935 1370 976; x_wconf 78' lang='lat' dir='ltr'><strong>novis</strong></span> <span class='ocrx_word' id='word_1_128' title='bbox 1399 935 1624 976; x_wconf 76' lang='lat' dir='ltr'><strong>militi-lilio</strong></span> <span class='ocrx_word' id='word_1_129' title='bbox 1642 938 1705 969; x_wconf 81' lang='lat' dir='ltr'><strong>IV·</strong></span> 
     </span>
    </p>

    <p class='ocr_par' dir='ltr' id='par_1_14' title="bbox 138 981 1644 1048">
     <span class='ocr_line' id='line_1_15' title="bbox 138 981 1644 1048; baseline 0.001 -16"><span class='ocrx_word' id='word_1_130' title='bbox 138 991 229 1041; x_wconf 88' lang='lat' dir='ltr'><strong>bus,</strong></span> <span class='ocrx_word' id='word_1_131' title='bbox 252 991 524 1033; x_wconf 90' lang='lat' dir='ltr'><strong>multitudine</strong></span> <span class='ocrx_word' id='word_1_132' title='bbox 545 992 654 1042; x_wconf 84' lang='lat' dir='ltr'><strong>freti,</strong></span> <span class='ocrx_word' id='word_1_133' title='bbox 677 1001 810 1033; x_wconf 85' lang='lat' dir='ltr'><strong>castra</strong></span> <span class='ocrx_word' id='word_1_134' title='bbox 830 992 994 1042; x_wconf 89' lang='lat' dir='ltr'><strong>eodem,</strong></span> <span class='ocrx_word' id='word_1_135' title='bbox 1017 1007 1130 1048; x_wconf 92' lang='lat' dir='ltr'><strong>quo</strong></span> <span class='ocrx_word' id='word_1_136' title='bbox 1120 1001 1255 1042; x_wconf 88' lang='lat' dir='ltr'><strong>antea,</strong></span> <span class='ocrx_word' id='word_1_137' title='bbox 1278 992 1370 1034; x_wconf 94' lang='lat' dir='ltr'><strong>loco</strong></span> <span class='ocrx_word' id='word_1_138' title='bbox 1391 1007 1544 1048; x_wconf 90' lang='lat' dir='ltr'><strong>posue·</strong></span> <span class='ocrx_word' id='word_1_139' title='bbox 1554 981 1644 1012; x_wconf 76' lang='lat' dir='ltr'><strong>Coss</strong></span> 
     </span>
    </p>

    <p class='ocr_par' dir='ltr' id='par_1_15' title="bbox 138 1049 1542 1106">
     <span class='ocr_line' id='line_1_16' title="bbox 138 1049 1542 1106; baseline 0.001 -16"><span class='ocrx_word' id='word_1_140' title='bbox 138 1057 259 1090; x_wconf 87' lang='lat' dir='ltr'><strong>runt:</strong></span> <span class='ocrx_word' id='word_1_141' title='bbox 293 1049 628 1105; x_wconf 87' lang='lat' dir='ltr'><strong>lacessentesque</strong></span> <span class='ocrx_word' id='word_1_142' title='bbox 645 1049 804 1106; x_wconf 91' lang='lat' dir='ltr'><strong>proelio</strong></span> <span class='ocrx_word' id='word_1_143' title='bbox 820 1049 1036 1091; x_wconf 89' lang='lat' dir='ltr'><strong>Romanos</strong></span> <span class='ocrx_word' id='word_1_144' title='bbox 1052 1059 1238 1091; x_wconf 89' lang='lat' dir='ltr'><strong>avertere</strong></span> <span class='ocrx_word' id='word_1_145' title='bbox 1256 1051 1307 1091; x_wconf 88' lang='lat' dir='ltr'><strong>ab</strong></span> <span class='ocrx_word' id='word_1_146' title='bbox 1324 1050 1542 1092; x_wconf 86' lang='lat' dir='ltr'><strong>obsidione</strong></span> 
     </span>
    </p>

    <p class='ocr_par' dir='ltr' id='par_1_16' title="bbox 107 1106 1734 1221">
     <span class='ocr_line' id='line_1_17' title="bbox 138 1106 1734 1162; baseline 0.001 -15"><span class='ocrx_word' id='word_1_147' title='bbox 138 1107 410 1148; x_wconf 87' lang='lat' dir='ltr'><strong>conabantur.</strong></span> <span class='ocrx_word' id='word_1_148' title='bbox 475 1106 540 1148; x_wconf 89' lang='lat' dir='ltr'><strong>Eo</strong></span> <span class='ocrx_word' id='word_1_149' title='bbox 561 1107 766 1148; x_wconf 87' lang='lat' dir='ltr'><strong>intentius</strong></span> <span class='ocrx_word' id='word_1_150' title='bbox 786 1106 967 1148; x_wconf 90' lang='lat' dir='ltr'><strong>dictator</strong></span> <span class='ocrx_word' id='word_1_151' title='bbox 986 1108 1029 1148; x_wconf 92' lang='lat' dir='ltr'><strong>in</strong></span> <span class='ocrx_word' id='word_1_152' title='bbox 1056 1108 1225 1148; x_wconf 88' lang='lat' dir='ltr'><strong>moenia</strong></span> <span class='ocrx_word' id='word_1_153' title='bbox 1244 1107 1429 1148; x_wconf 92' lang='lat' dir='ltr'><strong>hostium</strong></span> <span class='ocrx_word' id='word_1_154' title='bbox 1450 1123 1543 1149; x_wconf 85' lang='lat' dir='ltr'><strong>ver·</strong></span> <span class='ocrx_word' id='word_1_155' title='bbox 1556 1114 1599 1162; x_wconf 69' lang='lat' dir='ltr'><strong>Q.</strong></span> <span class='ocrx_word' id='word_1_156' title='bbox 1614 1114 1734 1145; x_wconf 80' lang='lat' dir='ltr'><strong>Fabius</strong></span> 
     </span>
     <span class='ocr_line' id='line_1_18' title="bbox 107 1157 1701 1230; baseline -0.001 -22"><span class='ocrx_word' id='word_1_157' title='bbox 107 1177 220 1214; x_wconf 85' lang='lat' dir='ltr'><strong>3sus,</strong></span> <span class='ocrx_word' id='word_1_158' title='bbox 253 1163 299 1205; x_wconf 89' lang='lat' dir='ltr'><strong>id</strong></span> <span class='ocrx_word' id='word_1_159' title='bbox 328 1164 487 1206; x_wconf 92' lang='lat' dir='ltr'><strong>bellum</strong></span> <span class='ocrx_word' id='word_1_160' title='bbox 516 1173 679 1206; x_wconf 91' lang='lat' dir='ltr'><strong>tantum</strong></span> <span class='ocrx_word' id='word_1_161' title='bbox 716 1164 885 1214; x_wconf 86' lang='lat' dir='ltr'><strong>ducere,</strong></span> <span class='ocrx_word' id='word_1_162' title='bbox 918 1165 1034 1220; x_wconf 90' lang='lat' dir='ltr'><strong>quod</strong></span> <span class='ocrx_word' id='word_1_163' title='bbox 1065 1165 1212 1206; x_wconf 90' lang='lat' dir='ltr'><strong>urbem</strong></span> <span class='ocrx_word' id='word_1_164' title='bbox 1244 1157 1701 1230; x_wconf 55' lang='lat' dir='ltr'><strong>oppugnabandmtatffi·</strong></span> 
     </span>
    </p>

    <p class='ocr_par' dir='ltr' id='par_1_17' title="bbox 138 1221 1542 1279">
     <span class='ocr_line' id='line_1_19' title="bbox 138 1221 1542 1279; baseline 0 -16"><span class='ocrx_word' id='word_1_165' title='bbox 138 1221 323 1263; x_wconf 85' lang='lat' dir='ltr'><strong>securior</strong></span> <span class='ocrx_word' id='word_1_166' title='bbox 337 1222 390 1263; x_wconf 87' lang='lat' dir='ltr'><strong>ab</strong></span> <span class='ocrx_word' id='word_1_167' title='bbox 409 1221 668 1264; x_wconf 91' lang='lat' dir='ltr'><strong>Samnitibus</strong></span> <span class='ocrx_word' id='word_1_168' title='bbox 684 1237 825 1278; x_wconf 84' lang='lat' dir='ltr'><strong>agere,</strong></span> <span class='ocrx_word' id='word_1_169' title='bbox 840 1222 1089 1264; x_wconf 86' lang='lat' dir='ltr'><strong>stationibus</strong></span> <span class='ocrx_word' id='word_1_170' title='bbox 1110 1222 1236 1264; x_wconf 92' lang='lat' dir='ltr'><strong>modo</strong></span> <span class='ocrx_word' id='word_1_171' title='bbox 1258 1223 1470 1279; x_wconf 89' lang='lat' dir='ltr'><strong>oppositis,</strong></span> <span class='ocrx_word' id='word_1_172' title='bbox 1487 1238 1542 1264; x_wconf 90' lang='lat' dir='ltr'><strong>ne</strong></span> 
     </span>
    </p>

    <p class='ocr_par' dir='ltr' id='par_1_18' title="bbox 139 1257 1722 1336">
     <span class='ocr_line' id='line_1_20' title="bbox 139 1257 1722 1336; baseline -0.001 -16"><span class='ocrx_word' id='word_1_173' title='bbox 139 1294 224 1335; x_wconf 88' lang='lat' dir='ltr'><strong>qua</strong></span> <span class='ocrx_word' id='word_1_174' title='bbox 248 1279 292 1320; x_wconf 91' lang='lat' dir='ltr'><strong>in</strong></span> <span class='ocrx_word' id='word_1_175' title='bbox 320 1288 455 1321; x_wconf 86' lang='lat' dir='ltr'><strong>castra</strong></span> <span class='ocrx_word' id='word_1_176' title='bbox 479 1280 540 1321; x_wconf 88' lang='lat' dir='ltr'><strong>vis</strong></span> <span class='ocrx_word' id='word_1_177' title='bbox 566 1257 734 1321; x_wconf 61' lang='lat' dir='ltr'><strong>fieret.t&gt;</strong></span> <span class='ocrx_word' id='word_1_178' title='bbox 762 1279 826 1321; x_wconf 89' lang='lat' dir='ltr'><strong>Eo</strong></span> <span class='ocrx_word' id='word_1_179' title='bbox 847 1280 1027 1321; x_wconf 89' lang='lat' dir='ltr'><strong>ferocius</strong></span> <span class='ocrx_word' id='word_1_180' title='bbox 1056 1280 1302 1336; x_wconf 79' lang='lat' dir='ltr'><strong>adequitale</strong></span> <span class='ocrx_word' id='word_1_181' title='bbox 1334 1280 1544 1322; x_wconf 89' lang='lat' dir='ltr'><strong>Samnites</strong></span> <span class='ocrx_word' id='word_1_182' title='bbox 1558 1288 1722 1320; x_wconf 79' lang='lat' dir='ltr'><strong>Proelium</strong></span> 
     </span>
    </p>

    <p class='ocr_par' dir='ltr' id='par_1_19' title="bbox 138 1336 1722 1451">
     <span class='ocr_line' id='line_1_21' title="bbox 138 1336 1703 1404; baseline 0 -26"><span class='ocrx_word' id='word_1_183' title='bbox 138 1336 261 1386; x_wconf 84' lang='lat' dir='ltr'><strong>vallo,</strong></span> <span class='ocrx_word' id='word_1_184' title='bbox 291 1351 430 1393; x_wconf 89' lang='lat' dir='ltr'><strong>neque</strong></span> <span class='ocrx_word' id='word_1_185' title='bbox 465 1337 599 1378; x_wconf 89' lang='lat' dir='ltr'><strong>otium</strong></span> <span class='ocrx_word' id='word_1_186' title='bbox 635 1337 735 1393; x_wconf 85' lang='lat' dir='ltr'><strong>pati.</strong></span> <span class='ocrx_word' id='word_1_187' title='bbox 801 1337 857 1378; x_wconf 87' lang='lat' dir='ltr'><strong>Et</strong></span> <span class='ocrx_word' id='word_1_188' title='bbox 889 1353 1021 1393; x_wconf 90' lang='lat' dir='ltr'><strong>quum</strong></span> <span class='ocrx_word' id='word_1_189' title='bbox 1052 1337 1135 1378; x_wconf 84' lang='lat' dir='ltr'><strong>iani</strong></span> <span class='ocrx_word' id='word_1_190' title='bbox 1171 1353 1301 1394; x_wconf 90' lang='lat' dir='ltr'><strong>prope</strong></span> <span class='ocrx_word' id='word_1_191' title='bbox 1334 1338 1378 1378; x_wconf 91' lang='lat' dir='ltr'><strong>in</strong></span> <span class='ocrx_word' id='word_1_192' title='bbox 1413 1338 1544 1394; x_wconf 91' lang='lat' dir='ltr'><strong>portis</strong></span> <span class='ocrx_word' id='word_1_193' title='bbox 1556 1343 1644 1371; x_wconf 64' lang='lat' dir='ltr'><strong>equt</strong></span> <span class='ocrx_word' id='word_1_194' title='bbox 1640 1336 1703 1404; x_wconf 78' lang='lat' dir='ltr'><strong>Stre</strong></span> 
     </span>
     <span class='ocr_line' id='line_1_22' title="bbox 139 1383 1736 1460; baseline 0.001 -25"><span class='ocrx_word' id='word_1_195' title='bbox 139 1403 369 1436; x_wconf 87' lang='lat' dir='ltr'><strong>castrorum</strong></span> <span class='ocrx_word' id='word_1_196' title='bbox 401 1403 509 1436; x_wconf 87' lang='lat' dir='ltr'><strong>esset</strong></span> <span class='ocrx_word' id='word_1_197' title='bbox 547 1395 690 1444; x_wconf 91' lang='lat' dir='ltr'><strong>hostis,</strong></span> <span class='ocrx_word' id='word_1_198' title='bbox 723 1394 829 1435; x_wconf 89' lang='lat' dir='ltr'><strong>nihil</strong></span> <span class='ocrx_word' id='word_1_199' title='bbox 868 1395 1059 1436; x_wconf 89' lang='lat' dir='ltr'><strong>consulto</strong></span> <span class='ocrx_word' id='word_1_200' title='bbox 1097 1395 1314 1445; x_wconf 86' lang='lat' dir='ltr'><strong>dictatore,</strong></span> <span class='ocrx_word' id='word_1_201' title='bbox 1348 1383 1736 1460; x_wconf 53' lang='grc' dir='ltr'><strong>ωειςὶεῑεῖτξιῑᾚῖωᾲῃῃ</strong></span> 
     </span>
    </p>

    <p class='ocr_par' dir='ltr' id='par_1_20' title="bbox 139 1451 1546 1509">
     <span class='ocr_line' id='line_1_23' title="bbox 139 1451 1546 1509; baseline -0.001 -16"><span class='ocrx_word' id='word_1_202' title='bbox 139 1452 331 1508; x_wconf 88' lang='lat' dir='ltr'><strong>equitum</strong></span> <span class='ocrx_word' id='word_1_203' title='bbox 358 1451 411 1500; x_wconf 84' lang='lat' dir='ltr'><strong>Q.</strong></span> <span class='ocrx_word' id='word_1_204' title='bbox 433 1451 588 1494; x_wconf 89' lang='lat' dir='ltr'><strong>Aulius</strong></span> <span class='ocrx_word' id='word_1_205' title='bbox 613 1452 882 1502; x_wconf 87' lang='lat' dir='ltr'><strong>Cerretanus,</strong></span> <span class='ocrx_word' id='word_1_206' title='bbox 907 1467 1059 1509; x_wconf 85' lang='lat' dir='ltr'><strong>magno</strong></span> <span class='ocrx_word' id='word_1_207' title='bbox 1082 1452 1268 1494; x_wconf 87' lang='lat' dir='ltr'><strong>tumultu</strong></span> <span class='ocrx_word' id='word_1_208' title='bbox 1289 1468 1386 1494; x_wconf 88' lang='lat' dir='ltr'><strong>curn</strong></span> <span class='ocrx_word' id='word_1_209' title='bbox 1408 1453 1546 1493; x_wconf 89' lang='lat' dir='ltr'><strong>omni-</strong></span> 
     </span>
    </p>

    <p class='ocr_par' dir='ltr' id='par_1_21' title="bbox 109 1509 1545 1624">
     <span class='ocr_line' id='line_1_24' title="bbox 140 1509 1545 1566; baseline 0 -16"><span class='ocrx_word' id='word_1_210' title='bbox 140 1509 218 1550; x_wconf 89' lang='lat' dir='ltr'><strong>bus</strong></span> <span class='ocrx_word' id='word_1_211' title='bbox 250 1509 398 1550; x_wconf 89' lang='lat' dir='ltr'><strong>turmis</strong></span> <span class='ocrx_word' id='word_1_212' title='bbox 428 1510 620 1566; x_wconf 89' lang='lat' dir='ltr'><strong>equitum</strong></span> <span class='ocrx_word' id='word_1_213' title='bbox 652 1520 835 1560; x_wconf 81' lang='lat' dir='ltr'><strong>evectus,</strong></span> <span class='ocrx_word' id='word_1_214' title='bbox 861 1511 1088 1551; x_wconf 86' lang='lat' dir='ltr'><strong>summovit</strong></span> <span class='ocrx_word' id='word_1_215' title='bbox 1115 1510 1290 1551; x_wconf 90' lang='lat' dir='ltr'><strong>hostem.</strong></span> <span class='ocrx_word' id='word_1_216' title='bbox 1355 1510 1469 1550; x_wconf 90' lang='lat' dir='ltr'><strong>Tum</strong></span> <span class='ocrx_word' id='word_1_217' title='bbox 1500 1509 1545 1550; x_wconf 91' lang='lat' dir='ltr'><strong>in</strong></span> 
     </span>
     <span class='ocr_line' id='line_1_25' title="bbox 109 1567 1543 1624; baseline 0 -17"><span class='ocrx_word' id='word_1_218' title='bbox 109 1567 315 1612; x_wconf 86' lang='lat' dir='ltr'><strong>4minimc</strong></span> <span class='ocrx_word' id='word_1_219' title='bbox 345 1568 549 1623; x_wconf 84' lang='lat' dir='ltr'><strong>pertinaci</strong></span> <span class='ocrx_word' id='word_1_220' title='bbox 571 1582 725 1623; x_wconf 80' lang='lat' dir='ltr'><strong>genere</strong></span> <span class='ocrx_word' id='word_1_221' title='bbox 755 1583 922 1624; x_wconf 78' lang='lat' dir='ltr'><strong>pugnae</strong></span> <span class='ocrx_word' id='word_1_222' title='bbox 944 1568 1003 1608; x_wconf 88' lang='lat' dir='ltr'><strong>sic</strong></span> <span class='ocrx_word' id='word_1_223' title='bbox 1024 1568 1193 1609; x_wconf 87' lang='lat' dir='ltr'><strong>fortuna</strong></span> <span class='ocrx_word' id='word_1_224' title='bbox 1217 1567 1408 1608; x_wconf 88' lang='lat' dir='ltr'><strong>exercuit</strong></span> <span class='ocrx_word' id='word_1_225' title='bbox 1429 1582 1543 1623; x_wconf 91' lang='lat' dir='ltr'><strong>opes,</strong></span> 
     </span>
    </p>

    <p class='ocr_par' dir='ltr' id='par_1_22' title="bbox 141 1624 1546 1681">
     <span class='ocr_line' id='line_1_26' title="bbox 141 1624 1546 1681; baseline 0.001 -16"><span class='ocrx_word' id='word_1_226' title='bbox 141 1633 188 1665; x_wconf 89' lang='lat' dir='ltr'><strong>ut</strong></span> <span class='ocrx_word' id='word_1_227' title='bbox 209 1625 394 1680; x_wconf 84' lang='lat' dir='ltr'><strong>insignes</strong></span> <span class='ocrx_word' id='word_1_228' title='bbox 417 1625 628 1680; x_wconf 85' lang='lat' dir='ltr'><strong>utrimque</strong></span> <span class='ocrx_word' id='word_1_229' title='bbox 650 1625 790 1666; x_wconf 88' lang='lat' dir='ltr'><strong>clades</strong></span> <span class='ocrx_word' id='word_1_230' title='bbox 810 1635 853 1666; x_wconf 91' lang='lat' dir='ltr'><strong>et</strong></span> <span class='ocrx_word' id='word_1_231' title='bbox 877 1625 989 1666; x_wconf 88' lang='lat' dir='ltr'><strong>clara</strong></span> <span class='ocrx_word' id='word_1_232' title='bbox 1009 1625 1194 1681; x_wconf 91' lang='lat' dir='ltr'><strong>ipsorum</strong></span> <span class='ocrx_word' id='word_1_233' title='bbox 1216 1624 1375 1666; x_wconf 89' lang='lat' dir='ltr'><strong>ducum</strong></span> <span class='ocrx_word' id='word_1_234' title='bbox 1400 1624 1546 1666; x_wconf 87' lang='lat' dir='ltr'><strong>ederet</strong></span> 
     </span>
    </p>

    <p class='ocr_par' dir='ltr' id='par_1_23' title="bbox 139 1682 1544 1739">
     <span class='ocr_line' id='line_1_27' title="bbox 139 1682 1544 1739; baseline 0.001 -17"><span class='ocrx_word' id='word_1_235' title='bbox 139 1682 299 1723; x_wconf 85' lang='lat' dir='ltr'><strong>funera.</strong></span> <span class='ocrx_word' id='word_1_236' title='bbox 362 1682 484 1723; x_wconf 92' lang='lat' dir='ltr'><strong>Prior</strong></span> <span class='ocrx_word' id='word_1_237' title='bbox 521 1682 774 1723; x_wconf 87' lang='lat' dir='ltr'><strong>Samnitium</strong></span> <span class='ocrx_word' id='word_1_238' title='bbox 812 1682 1051 1739; x_wconf 89' lang='lat' dir='ltr'><strong>imperator,</strong></span> <span class='ocrx_word' id='word_1_239' title='bbox 1084 1697 1207 1738; x_wconf 87' lang='lat' dir='ltr'><strong>aegre</strong></span> <span class='ocrx_word' id='word_1_240' title='bbox 1245 1682 1421 1738; x_wconf 86' lang='lat' dir='ltr'><strong>patiens,</strong></span> <span class='ocrx_word' id='word_1_241' title='bbox 1459 1697 1544 1738; x_wconf 91' lang='lat' dir='ltr'><strong>quo</strong></span> 
     </span>
    </p>

    <p class='ocr_par' dir='ltr' id='par_1_24' title="bbox 141 1739 1544 1796">
     <span class='ocr_line' id='line_1_28' title="bbox 141 1739 1544 1796; baseline 0 -16"><span class='ocrx_word' id='word_1_242' title='bbox 141 1748 224 1780; x_wconf 86' lang='lat' dir='ltr'><strong>tam</strong></span> <span class='ocrx_word' id='word_1_243' title='bbox 247 1739 444 1781; x_wconf 88' lang='lat' dir='ltr'><strong>ferociter</strong></span> <span class='ocrx_word' id='word_1_244' title='bbox 471 1739 766 1796; x_wconf 88' lang='lat' dir='ltr'><strong>adequitasset,</strong></span> <span class='ocrx_word' id='word_1_245' title='bbox 791 1740 890 1782; x_wconf 89' lang='lat' dir='ltr'><strong>inde</strong></span> <span class='ocrx_word' id='word_1_246' title='bbox 919 1755 962 1781; x_wconf 91' lang='lat' dir='ltr'><strong>se</strong></span> <span class='ocrx_word' id='word_1_247' title='bbox 983 1740 1105 1781; x_wconf 90' lang='lat' dir='ltr'><strong>fundi</strong></span> <span class='ocrx_word' id='word_1_248' title='bbox 1127 1739 1361 1796; x_wconf 75' lang='lat' dir='ltr'><strong>fugatique,</strong></span> <span class='ocrx_word' id='word_1_249' title='bbox 1385 1739 1544 1781; x_wconf 88' lang='lat' dir='ltr'><strong>orando</strong></span> 
     </span>
    </p>

    <p class='ocr_par' dir='ltr' id='par_1_25' title="bbox 140 1796 1545 1854">
     <span class='ocr_line' id='line_1_29' title="bbox 140 1796 1545 1854; baseline -0.001 -16"><span class='ocrx_word' id='word_1_250' title='bbox 140 1796 434 1853; x_wconf 89' lang='lat' dir='ltr'><strong>hortandoque</strong></span> <span class='ocrx_word' id='word_1_251' title='bbox 456 1798 620 1854; x_wconf 91' lang='lat' dir='ltr'><strong>equites</strong></span> <span class='ocrx_word' id='word_1_252' title='bbox 640 1797 848 1854; x_wconf 89' lang='lat' dir='ltr'><strong>proelium</strong></span> <span class='ocrx_word' id='word_1_253' title='bbox 877 1798 1113 1854; x_wconf 82' lang='lat' dir='ltr'><strong>integravit.</strong></span> <span class='ocrx_word' id='word_1_254' title='bbox 1178 1796 1229 1838; x_wconf 93' lang='lat' dir='ltr'><strong>In</strong></span> <span class='ocrx_word' id='word_1_255' title='bbox 1251 1812 1393 1854; x_wconf 90' lang='lat' dir='ltr'><strong>quem,</strong></span> <span class='ocrx_word' id='word_1_256' title='bbox 1416 1797 1545 1854; x_wconf 86' lang='lat' dir='ltr'><strong>insig-</strong></span> 
     </span>
    </p>

    <p class='ocr_par' dir='ltr' id='par_1_26' title="bbox 141 1855 1546 1920">
     <span class='ocr_line' id='line_1_30' title="bbox 141 1855 1546 1920; baseline -0.001 -24"><span class='ocrx_word' id='word_1_257' title='bbox 141 1869 239 1896; x_wconf 85' lang='lat' dir='ltr'><strong>nem</strong></span> <span class='ocrx_word' id='word_1_258' title='bbox 262 1855 373 1896; x_wconf 88' lang='lat' dir='ltr'><strong>inter</strong></span> <span class='ocrx_word' id='word_1_259' title='bbox 392 1870 489 1896; x_wconf 88' lang='lat' dir='ltr'><strong>suos</strong></span> <span class='ocrx_word' id='word_1_260' title='bbox 516 1855 700 1896; x_wconf 86' lang='lat' dir='ltr'><strong>cientem</strong></span> <span class='ocrx_word' id='word_1_261' title='bbox 721 1870 922 1920; x_wconf 82' lang='lat' dir='ltr'><strong>pugnam,</strong></span> <span class='ocrx_word' id='word_1_262' title='bbox 945 1855 1143 1911; x_wconf 86' lang='lat' dir='ltr'><strong>magister</strong></span> <span class='ocrx_word' id='word_1_263' title='bbox 1170 1855 1361 1911; x_wconf 88' lang='lat' dir='ltr'><strong>equitum</strong></span> <span class='ocrx_word' id='word_1_264' title='bbox 1387 1855 1546 1896; x_wconf 87' lang='lat' dir='ltr'><strong>Roma-</strong></span> 
     </span>
    </p>

    <p class='ocr_par' dir='ltr' id='par_1_27' title="bbox 142 1912 1543 1968">
     <span class='ocr_line' id='line_1_31' title="bbox 142 1912 1543 1968; baseline -0.001 -15"><span class='ocrx_word' id='word_1_265' title='bbox 142 1927 221 1953; x_wconf 90' lang='lat' dir='ltr'><strong>nus</strong></span> <span class='ocrx_word' id='word_1_266' title='bbox 242 1912 393 1953; x_wconf 88' lang='lat' dir='ltr'><strong>infesta</strong></span> <span class='ocrx_word' id='word_1_267' title='bbox 422 1912 597 1968; x_wconf 86' lang='lat' dir='ltr'><strong>cuspide</strong></span> <span class='ocrx_word' id='word_1_268' title='bbox 622 1913 678 1953; x_wconf 89' lang='lat' dir='ltr'><strong>ita</strong></span> <span class='ocrx_word' id='word_1_269' title='bbox 699 1913 890 1968; x_wconf 84' lang='lat' dir='ltr'><strong>permisit</strong></span> <span class='ocrx_word' id='word_1_270' title='bbox 911 1928 1083 1968; x_wconf 88' lang='lat' dir='ltr'><strong>equum,</strong></span> <span class='ocrx_word' id='word_1_271' title='bbox 1108 1922 1155 1953; x_wconf 90' lang='lat' dir='ltr'><strong>ut</strong></span> <span class='ocrx_word' id='word_1_272' title='bbox 1175 1928 1261 1953; x_wconf 92' lang='lat' dir='ltr'><strong>uno</strong></span> <span class='ocrx_word' id='word_1_273' title='bbox 1283 1912 1371 1953; x_wconf 90' lang='lat' dir='ltr'><strong>ictu</strong></span> <span class='ocrx_word' id='word_1_274' title='bbox 1398 1912 1543 1953; x_wconf 82' lang='lat' dir='ltr'><strong>exani-</strong></span> 
     </span>
    </p>

    <p class='ocr_par' dir='ltr' id='par_1_28' title="bbox 142 1968 1544 2034">
     <span class='ocr_line' id='line_1_32' title="bbox 142 1968 1544 2034; baseline -0.001 -24"><span class='ocrx_word' id='word_1_275' title='bbox 142 1984 253 2010; x_wconf 92' lang='lat' dir='ltr'><strong>mem</strong></span> <span class='ocrx_word' id='word_1_276' title='bbox 285 1985 396 2034; x_wconf 81' lang='lat' dir='ltr'><strong>equo</strong></span> <span class='ocrx_word' id='word_1_277' title='bbox 427 1970 743 2025; x_wconf 73' lang='lat' dir='ltr'><strong>praccipittret:</strong></span> <span class='ocrx_word' id='word_1_278' title='bbox 778 1984 868 2019; x_wconf 89' lang='lat' dir='ltr'><strong>nec,</strong></span> <span class='ocrx_word' id='word_1_279' title='bbox 892 1978 938 2009; x_wconf 93' lang='lat' dir='ltr'><strong>ut</strong></span> <span class='ocrx_word' id='word_1_280' title='bbox 959 1970 1020 2018; x_wconf 84' lang='lat' dir='ltr'><strong>fit,</strong></span> <span class='ocrx_word' id='word_1_281' title='bbox 1043 1969 1097 2009; x_wconf 88' lang='lat' dir='ltr'><strong>ad</strong></span> <span class='ocrx_word' id='word_1_282' title='bbox 1127 1968 1246 2010; x_wconf 90' lang='lat' dir='ltr'><strong>ducis</strong></span> <span class='ocrx_word' id='word_1_283' title='bbox 1274 1984 1415 2009; x_wconf 85' lang='lat' dir='ltr'><strong>casum</strong></span> <span class='ocrx_word' id='word_1_284' title='bbox 1447 1984 1544 2033; x_wconf 84' lang='lat' dir='ltr'><strong>per-</strong></span> 
     </span>
    </p>

    <p class='ocr_par' dir='ltr' id='par_1_29' title="bbox 142 2025 1545 2091">
     <span class='ocr_line' id='line_1_33' title="bbox 142 2025 1545 2091; baseline 0 -24"><span class='ocrx_word' id='word_1_285' title='bbox 142 2026 258 2068; x_wconf 85' lang='lat' dir='ltr'><strong>culsa</strong></span> <span class='ocrx_word' id='word_1_286' title='bbox 271 2027 416 2091; x_wconf 83' lang='lat' dir='ltr'><strong>magis,</strong></span> <span class='ocrx_word' id='word_1_287' title='bbox 434 2042 505 2082; x_wconf 60' lang='lat' dir='ltr'><strong>qu}</strong></span> <span class='ocrx_word' id='word_1_288' title='bbox 495 2041 561 2067; x_wconf 71' lang='lat' dir='ltr'><strong>im</strong></span> <span class='ocrx_word' id='word_1_289' title='bbox 584 2026 756 2075; x_wconf 85' lang='lat' dir='ltr'><strong>irritata,</strong></span> <span class='ocrx_word' id='word_1_290' title='bbox 775 2035 837 2067; x_wconf 89' lang='lat' dir='ltr'><strong>est</strong></span> <span class='ocrx_word' id='word_1_291' title='bbox 852 2025 1091 2066; x_wconf 90' lang='lat' dir='ltr'><strong>multitudo.</strong></span> <span class='ocrx_word' id='word_1_292' title='bbox 1157 2025 1332 2075; x_wconf 91' lang='lat' dir='ltr'><strong>Omnes,</strong></span> <span class='ocrx_word' id='word_1_293' title='bbox 1347 2026 1545 2081; x_wconf 73' lang='lat' dir='ltr'><strong>quicrrca</strong></span> 
     </span>
    </p>

    <p class='ocr_par' dir='ltr' id='par_1_30' title="bbox 112 2082 1546 2196">
     <span class='ocr_line' id='line_1_34' title="bbox 142 2082 1546 2138; baseline -0.001 -13"><span class='ocrx_word' id='word_1_294' title='bbox 142 2093 274 2133; x_wconf 88' lang='lat' dir='ltr'><strong>erant,</strong></span> <span class='ocrx_word' id='word_1_295' title='bbox 290 2084 333 2124; x_wconf 90' lang='lat' dir='ltr'><strong>in</strong></span> <span class='ocrx_word' id='word_1_296' title='bbox 359 2083 548 2132; x_wconf 88' lang='lat' dir='ltr'><strong>Aulium,</strong></span> <span class='ocrx_word' id='word_1_297' title='bbox 567 2092 724 2124; x_wconf 89' lang='lat' dir='ltr'><strong>temere</strong></span> <span class='ocrx_word' id='word_1_298' title='bbox 743 2084 955 2124; x_wconf 87' lang='lat' dir='ltr'><strong>invectum</strong></span> <span class='ocrx_word' id='word_1_299' title='bbox 978 2098 1054 2138; x_wconf 89' lang='lat' dir='ltr'><strong>per</strong></span> <span class='ocrx_word' id='word_1_300' title='bbox 1070 2082 1254 2123; x_wconf 80' lang='lat' dir='ltr'><strong>hostium</strong></span> <span class='ocrx_word' id='word_1_301' title='bbox 1277 2091 1445 2131; x_wconf 88' lang='lat' dir='ltr'><strong>turmas,</strong></span> <span class='ocrx_word' id='word_1_302' title='bbox 1461 2083 1546 2124; x_wconf 88' lang='lat' dir='ltr'><strong>tela</strong></span> 
     </span>
     <span class='ocr_line' id='line_1_35' title="bbox 112 2139 1545 2196; baseline -0.003 -11"><span class='ocrx_word' id='word_1_303' title='bbox 112 2141 587 2186; x_wconf 73' lang='lat' dir='ltr'><strong>sconiecemnt:f·-11tri</strong></span> <span class='ocrx_word' id='word_1_304' title='bbox 619 2141 890 2196; x_wconf 88' lang='lat' dir='ltr'><strong>praecipuum</strong></span> <span class='ocrx_word' id='word_1_305' title='bbox 919 2140 1048 2181; x_wconf 90' lang='lat' dir='ltr'><strong>decus</strong></span> <span class='ocrx_word' id='word_1_306' title='bbox 1077 2139 1153 2180; x_wconf 86' lang='lat' dir='ltr'><strong>ulti</strong></span> <span class='ocrx_word' id='word_1_307' title='bbox 1189 2140 1476 2181; x_wconf 87' lang='lat' dir='ltr'><strong>Samnitium</strong></span> <span class='ocrx_word' id='word_1_308' title='bbox 1468 2155 1545 2180; x_wconf 79' lang='lat' dir='ltr'><strong>lm-</strong></span> 
     </span>
    </p>

    <p class='ocr_par' dir='ltr' id='par_1_31' title="bbox 143 2197 1546 2256">
     <span class='ocr_line' id='line_1_36' title="bbox 143 2197 1546 2256; baseline -0.001 -17"><span class='ocrx_word' id='word_1_309' title='bbox 143 2199 345 2256; x_wconf 86' lang='lat' dir='ltr'><strong>peratoris</strong></span> <span class='ocrx_word' id='word_1_310' title='bbox 365 2198 589 2239; x_wconf 89' lang='lat' dir='ltr'><strong>dederunt.</strong></span> <span class='ocrx_word' id='word_1_311' title='bbox 652 2198 692 2239; x_wconf 88' lang='lat' dir='ltr'><strong>Is</strong></span> <span class='ocrx_word' id='word_1_312' title='bbox 715 2198 913 2239; x_wconf 82' lang='lat' dir='ltr'><strong>victorem</strong></span> <span class='ocrx_word' id='word_1_313' title='bbox 935 2197 1169 2238; x_wconf 88' lang='lat' dir='ltr'><strong>detractum</strong></span> <span class='ocrx_word' id='word_1_314' title='bbox 1200 2212 1252 2238; x_wconf 87' lang='lat' dir='ltr'><strong>ex</strong></span> <span class='ocrx_word' id='word_1_315' title='bbox 1275 2212 1386 2253; x_wconf 89' lang='lat' dir='ltr'><strong>equo</strong></span> <span class='ocrx_word' id='word_1_316' title='bbox 1414 2198 1546 2254; x_wconf 88' lang='lat' dir='ltr'><strong>magi-</strong></span> 
     </span>
    </p>

    <p class='ocr_par' dir='ltr' id='par_1_32' title="bbox 142 2254 1547 2319">
     <span class='ocr_line' id='line_1_37' title="bbox 142 2254 1547 2319; baseline -0.001 -21"><span class='ocrx_word' id='word_1_317' title='bbox 142 2265 274 2298; x_wconf 82' lang='lat' dir='ltr'><strong>strum</strong></span> <span class='ocrx_word' id='word_1_318' title='bbox 297 2256 504 2313; x_wconf 89' lang='lat' dir='ltr'><strong>equitum,</strong></span> <span class='ocrx_word' id='word_1_319' title='bbox 527 2255 677 2312; x_wconf 83' lang='lat' dir='ltr'><strong>plenus</strong></span> <span class='ocrx_word' id='word_1_320' title='bbox 700 2255 898 2296; x_wconf 67' lang='lat' dir='ltr'><strong>maeroris</strong></span> <span class='ocrx_word' id='word_1_321' title='bbox 919 2264 1051 2319; x_wconf 41' lang='lat' dir='ltr'><strong>atque.</strong></span> <span class='ocrx_word' id='word_1_322' title='bbox 1071 2254 1168 2303; x_wconf 83' lang='lat' dir='ltr'><strong>irae,</strong></span> <span class='ocrx_word' id='word_1_323' title='bbox 1188 2254 1433 2296; x_wconf 82' lang='lat' dir='ltr'><strong>trucidavit.</strong></span> <span class='ocrx_word' id='word_1_324' title='bbox 1468 2271 1547 2296; x_wconf 90' lang='lat' dir='ltr'><strong>nec</strong></span> 
     </span>
    </p>
   </div>
   <div class='ocr_carea' id='block_1_3' title="bbox 143 2312 1546 2370">
    <p class='ocr_par' dir='ltr' id='par_1_33' title="bbox 143 2312 1546 2370">
     <span class='ocr_line' id='line_1_38' title="bbox 143 2312 1546 2370; baseline -0.001 -15"><span class='ocrx_word' id='word_1_325' title='bbox 143 2313 323 2356; x_wconf 88' lang='lat' dir='ltr'><strong>multum</strong></span> <span class='ocrx_word' id='word_1_326' title='bbox 353 2314 470 2363; x_wconf 86' lang='lat' dir='ltr'><strong>afuit,</strong></span> <span class='ocrx_word' id='word_1_327' title='bbox 493 2314 596 2370; x_wconf 84' lang='lat' dir='ltr'><strong>quin</strong></span> <span class='ocrx_word' id='word_1_328' title='bbox 620 2328 792 2369; x_wconf 84' lang='lat' dir='ltr'><strong>corpore</strong></span> <span class='ocrx_word' id='word_1_329' title='bbox 819 2313 959 2362; x_wconf 83' lang='lat' dir='ltr'><strong>ctiam,</strong></span> <span class='ocrx_word' id='word_1_330' title='bbox 981 2328 1081 2368; x_wconf 81' lang='lat' dir='ltr'><strong>quia</strong></span> <span class='ocrx_word' id='word_1_331' title='bbox 1104 2312 1214 2353; x_wconf 87' lang='lat' dir='ltr'><strong>inter</strong></span> <span class='ocrx_word' id='word_1_332' title='bbox 1236 2312 1409 2354; x_wconf 85' lang='lat' dir='ltr'><strong>hostiles</strong></span> <span class='ocrx_word' id='word_1_333' title='bbox 1437 2314 1546 2354; x_wconf 85' lang='lat' dir='ltr'><strong>ceci-</strong></span> 
     </span>
    </p>
   </div>
   <div class='ocr_carea' id='block_1_4' title="bbox 144 2481 822 2605">
    <p class='ocr_par' dir='ltr' id='par_1_34' title="bbox 144 2481 822 2605">
     <span class='ocr_line' id='line_1_39' title="bbox 191 2481 820 2520; baseline -0.006 -7"><span class='ocrx_word' id='word_1_334' title='bbox 191 2492 202 2513; x_wconf 83' lang='lat'>1</span> <span class='ocrx_word' id='word_1_335' title='bbox 222 2483 361 2514; x_wconf 72' lang='lat' dir='ltr'><strong>Diversa</strong></span> <span class='ocrx_word' id='word_1_336' title='bbox 376 2483 490 2512; x_wconf 69' lang='lat' dir='ltr'><strong>statuit</strong></span> <span class='ocrx_word' id='word_1_337' title='bbox 505 2482 616 2520; x_wconf 67' lang='lat' dir='ltr'><strong>siqua]</strong></span> <span class='ocrx_word' id='word_1_338' title='bbox 644 2481 820 2510; x_wconf 72' lang='lat' dir='ltr'><strong>obversam</strong></span> 
     </span>
     <span class='ocr_line' id='line_1_40' title="bbox 144 2523 739 2564; baseline -0.003 -9"><span class='ocrx_word' id='word_1_339' title='bbox 144 2525 306 2564; x_wconf 81' lang='lat' dir='ltr'><strong>utrimque</strong></span> <span class='ocrx_word' id='word_1_340' title='bbox 322 2525 353 2555; x_wconf 89' lang='lat' dir='ltr'><strong>in</strong></span> <span class='ocrx_word' id='word_1_341' title='bbox 371 2525 479 2555; x_wconf 73' lang='lat' dir='ltr'><strong>hostes</strong></span> <span class='ocrx_word' id='word_1_342' title='bbox 494 2523 607 2554; x_wconf 82' lang='lat' dir='ltr'><strong>aciem.</strong></span> <span class='ocrx_word' id='word_1_343' title='bbox 633 2525 739 2553; x_wconf 66' lang='lat' dir='ltr'><strong>Ciu-w.</strong></span> 
     </span>
     <span class='ocr_line' id='line_1_41' title="bbox 188 2565 822 2605; baseline -0.006 -7"><span class='ocrx_word' id='word_1_344' title='bbox 188 2577 203 2598; x_wconf 82' lang='lat'><em>2</em></span> <span class='ocrx_word' id='word_1_345' title='bbox 230 2568 383 2598; x_wconf 74' lang='lat' dir='ltr'><strong>Consules</strong></span> <span class='ocrx_word' id='word_1_346' title='bbox 399 2568 490 2605; x_wconf 81' lang='lat' dir='ltr'><strong>novi]</strong></span> <span class='ocrx_word' id='word_1_347' title='bbox 521 2566 558 2597; x_wconf 92' lang='lat' dir='ltr'><strong>L.</strong></span> <span class='ocrx_word' id='word_1_348' title='bbox 579 2565 726 2605; x_wconf 77' lang='lat' dir='ltr'><strong>Papirius</strong></span> <span class='ocrx_word' id='word_1_349' title='bbox 743 2567 822 2596; x_wconf 86' lang='lat' dir='ltr'><strong>Cur-</strong></span> 
     </span>
    </p>
   </div>
   <div class='ocr_carea' id='block_1_5' title="bbox 867 2479 1546 2604">
    <p class='ocr_par' dir='ltr' id='par_1_35' title="bbox 867 2479 1546 2604">
     <span class='ocr_line' id='line_1_42' title="bbox 867 2479 1545 2519; baseline 0.001 -10"><span class='ocrx_word' id='word_1_350' title='bbox 867 2481 978 2510; x_wconf 85' lang='lat' dir='ltr'><strong>urbcm</strong></span> <span class='ocrx_word' id='word_1_351' title='bbox 995 2485 1215 2519; x_wconf 74' lang='lat' dir='ltr'><strong>oppugnaret:</strong></span> <span class='ocrx_word' id='word_1_352' title='bbox 1242 2479 1436 2510; x_wconf 76' lang='lat' dir='ltr'><strong>Samnitium</strong></span> <span class='ocrx_word' id='word_1_353' title='bbox 1457 2490 1545 2510; x_wconf 82' lang='lat' dir='ltr'><strong>exer-</strong></span> 
     </span>
     <span class='ocr_line' id='line_1_43' title="bbox 867 2521 1546 2558; baseline 0.003 -7"><span class='ocrx_word' id='word_1_354' title='bbox 867 2522 965 2552; x_wconf 84' lang='lat' dir='ltr'><strong>citum</strong></span> <span class='ocrx_word' id='word_1_355' title='bbox 985 2523 1223 2552; x_wconf 73' lang='lat' dir='ltr'><strong>contemnebat.</strong></span> <span class='ocrx_word' id='word_1_356' title='bbox 1270 2521 1334 2558; x_wconf 75' lang='lat' dir='ltr'><strong>Sic,</strong></span> <span class='ocrx_word' id='word_1_357' title='bbox 1347 2522 1416 2552; x_wconf 82' lang='lat' dir='ltr'><strong>infr.</strong></span> <span class='ocrx_word' id='word_1_358' title='bbox 1435 2522 1546 2554; x_wconf 81' lang='lat' dir='ltr'><strong>xxviii.</strong></span> 
     </span>
     <span class='ocr_line' id='line_1_44' title="bbox 870 2564 1545 2604; baseline 0 -10"><span class='ocrx_word' id='word_1_359' title='bbox 870 2574 918 2603; x_wconf 80' lang='lat'><strong>3²·</strong></span> <span class='ocrx_word' id='word_1_360' title='bbox 937 2564 1046 2604; x_wconf 81' lang='lat' dir='ltr'><strong>Scipio</strong></span> <span class='ocrx_word' id='word_1_361' title='bbox 1070 2564 1189 2595; x_wconf 79' lang='lat' dir='ltr'><strong>milites</strong></span> <span class='ocrx_word' id='word_1_362' title='bbox 1212 2564 1388 2595; x_wconf 72' lang='lat' dir='ltr'><strong>adhortans</strong></span> <span class='ocrx_word' id='word_1_363' title='bbox 1409 2565 1466 2602; x_wconf 79' lang='lat' dir='ltr'><strong>uit,</strong></span> <span class='ocrx_word' id='word_1_364' title='bbox 1490 2566 1545 2595; x_wconf 75' lang='lat' dir='ltr'><strong>im-</strong></span> 
     </span>
    </p>
   </div>
   <div class='ocr_carea' id='block_1_6' title="bbox 143 2608 823 2945">
    <p class='ocr_par' dir='ltr' id='par_1_36' title="bbox 143 2608 823 2859">
     <span class='ocr_line' id='line_1_45' title="bbox 143 2608 820 2646; baseline -0.004 -6"><span class='ocrx_word' id='word_1_365' title='bbox 143 2620 195 2640; x_wconf 72' lang='lat' dir='ltr'><strong>sor</strong></span> <span class='ocrx_word' id='word_1_366' title='bbox 212 2619 257 2640; x_wconf 79' lang='lat' dir='ltr'><strong>iv.</strong></span> <span class='ocrx_word' id='word_1_367' title='bbox 274 2611 317 2646; x_wconf 61' lang='lat' dir='ltr'><strong>Q„</strong></span> <span class='ocrx_word' id='word_1_368' title='bbox 338 2609 499 2640; x_wconf 74' lang='lat' dir='ltr'><strong>Publilius</strong></span> <span class='ocrx_word' id='word_1_369' title='bbox 522 2608 618 2639; x_wconf 82' lang='lat' dir='ltr'><strong>Philo</strong></span> <span class='ocrx_word' id='word_1_370' title='bbox 636 2618 679 2638; x_wconf 79' lang='lat' dir='ltr'><strong>iv.</strong></span> <span class='ocrx_word' id='word_1_371' title='bbox 703 2618 820 2638; x_wconf 81' lang='lat' dir='ltr'><strong>memo-</strong></span> 
     </span>
     <span class='ocr_line' id='line_1_46' title="bbox 145 2650 822 2691; baseline -0.004 -8"><span class='ocrx_word' id='word_1_372' title='bbox 145 2653 203 2683; x_wconf 80' lang='lat' dir='ltr'><strong>rati</strong></span> <span class='ocrx_word' id='word_1_373' title='bbox 231 2652 335 2682; x_wconf 62' lang='lat' dir='ltr'><strong>Faeustin</strong></span> <span class='ocrx_word' id='word_1_374' title='bbox 358 2651 565 2691; x_wconf 49' lang='lat' dir='ltr'><strong>Capitolinis,</strong></span> <span class='ocrx_word' id='word_1_375' title='bbox 591 2650 735 2681; x_wconf 77' lang='lat' dir='ltr'><strong>Diodoro</strong></span> <span class='ocrx_word' id='word_1_376' title='bbox 758 2650 822 2680; x_wconf 79' lang='lat' dir='ltr'><strong>xix.</strong></span> 
     </span>
     <span class='ocr_line' id='line_1_47' title="bbox 145 2692 822 2731; baseline -0.006 -6"><span class='ocrx_word' id='word_1_377' title='bbox 145 2700 177 2725; x_wconf 87' lang='lat' dir='ltr'><strong>et</strong></span> <span class='ocrx_word' id='word_1_378' title='bbox 203 2693 284 2725; x_wconf 78' lang='lat' dir='ltr'><strong>aliis.</strong></span> <span class='ocrx_word' id='word_1_379' title='bbox 334 2694 460 2724; x_wconf 78' lang='lat' dir='ltr'><strong>nomm</strong></span> <span class='ocrx_word' id='word_1_380' title='bbox 489 2692 621 2723; x_wconf 79' lang='lat' dir='ltr'><strong>nomiuu</strong></span> <span class='ocrx_word' id='word_1_381' title='bbox 650 2703 706 2731; x_wconf 89' lang='lat' dir='ltr'><strong>per</strong></span> <span class='ocrx_word' id='word_1_382' title='bbox 731 2692 822 2722; x_wconf 80' lang='lat' dir='ltr'><strong>libru-</strong></span> 
     </span>
     <span class='ocr_line' id='line_1_48' title="bbox 145 2735 822 2770; baseline -0.004 -3"><span class='ocrx_word' id='word_1_383' title='bbox 145 2737 262 2767; x_wconf 82' lang='lat' dir='ltr'><strong>riorum</strong></span> <span class='ocrx_word' id='word_1_384' title='bbox 283 2736 440 2766; x_wconf 79' lang='lat' dir='ltr'><strong>incuriam</strong></span> <span class='ocrx_word' id='word_1_385' title='bbox 458 2736 568 2765; x_wconf 63' lang='lat' dir='ltr'><strong>dces-w</strong></span> <span class='ocrx_word' id='word_1_386' title='bbox 587 2735 745 2770; x_wconf 75' lang='lat' dir='ltr'><strong>videntur,</strong></span> <span class='ocrx_word' id='word_1_387' title='bbox 761 2745 822 2764; x_wconf 86' lang='lat' dir='ltr'><strong>non</strong></span> 
     </span>
     <span class='ocr_line' id='line_1_49' title="bbox 146 2777 823 2818; baseline -0.001 -10"><span class='ocrx_word' id='word_1_388' title='bbox 146 2778 246 2818; x_wconf 65' lang='lat' dir='ltr'><strong>ipsius</strong></span> <span class='ocrx_word' id='word_1_389' title='bbox 264 2778 358 2814; x_wconf 81' lang='lat' dir='ltr'><strong>Livii,</strong></span> <span class='ocrx_word' id='word_1_390' title='bbox 375 2777 427 2817; x_wconf 83' lang='lat' dir='ltr'><strong>qui</strong></span> <span class='ocrx_word' id='word_1_391' title='bbox 453 2777 483 2807; x_wconf 90' lang='lat' dir='ltr'><strong>in</strong></span> <span class='ocrx_word' id='word_1_392' title='bbox 508 2777 693 2807; x_wconf 67' lang='lat' dir='ltr'><strong>nominibu„</strong></span> <span class='ocrx_word' id='word_1_393' title='bbox 711 2787 823 2807; x_wconf 73' lang='lat' dir='ltr'><strong>eonsu-</strong></span> 
     </span>
     <span class='ocr_line' id='line_1_50' title="bbox 144 2820 758 2859; baseline -0.002 -8"><span class='ocrx_word' id='word_1_394' title='bbox 144 2822 213 2852; x_wconf 81' lang='lat' dir='ltr'><strong>lum</strong></span> <span class='ocrx_word' id='word_1_395' title='bbox 232 2821 403 2851; x_wconf 77' lang='lat' dir='ltr'><strong>reddendis</strong></span> <span class='ocrx_word' id='word_1_396' title='bbox 418 2820 555 2859; x_wconf 62' lang='lat' dir='ltr'><strong>diligens</strong></span> <span class='ocrx_word' id='word_1_397' title='bbox 570 2824 627 2850; x_wconf 70' lang='lat' dir='ltr'><strong>est.</strong></span> <span class='ocrx_word' id='word_1_398' title='bbox 652 2821 758 2850; x_wconf 68' lang='grc' dir='ltr'><strong>(Ῐιικν.</strong></span> 
     </span>
    </p>

    <p class='ocr_par' dir='ltr' id='par_1_37' title="bbox 145 2861 823 2945">
     <span class='ocr_line' id='line_1_51' title="bbox 191 2861 822 2903; baseline -0.006 -9"><span class='ocrx_word' id='word_1_399' title='bbox 191 2873 208 2903; x_wconf 83' lang='lat'>3</span> <span class='ocrx_word' id='word_1_400' title='bbox 236 2864 277 2894; x_wconf 81' lang='lat' dir='ltr'><strong>Id</strong></span> <span class='ocrx_word' id='word_1_401' title='bbox 306 2864 420 2894; x_wconf 79' lang='lat' dir='ltr'><strong>bellum</strong></span> <span class='ocrx_word' id='word_1_402' title='bbox 451 2867 577 2893; x_wconf 80' lang='lat' dir='ltr'><strong>tuntum</strong></span> <span class='ocrx_word' id='word_1_403' title='bbox 608 2863 741 2899; x_wconf 73' lang='lat' dir='ltr'><strong>ducere!</strong></span> <span class='ocrx_word' id='word_1_404' title='bbox 786 2861 822 2891; x_wconf 78' lang='lat' dir='ltr'><strong>ld</strong></span> 
     </span>
     <span class='ocr_line' id='line_1_52' title="bbox 145 2904 823 2945; baseline -0.004 -8"><span class='ocrx_word' id='word_1_405' title='bbox 145 2906 374 2937; x_wconf 79' lang='lat' dir='ltr'><strong>tantummodo</strong></span> <span class='ocrx_word' id='word_1_406' title='bbox 395 2916 450 2945; x_wconf 86' lang='lat' dir='ltr'><strong>pro</strong></span> <span class='ocrx_word' id='word_1_407' title='bbox 468 2906 554 2935; x_wconf 79' lang='lat' dir='ltr'><strong>hello</strong></span> <span class='ocrx_word' id='word_1_408' title='bbox 572 2905 722 2938; x_wconf 72' lang='lat' dir='ltr'><strong>habebut,</strong></span> <span class='ocrx_word' id='word_1_409' title='bbox 738 2904 823 2943; x_wconf 81' lang='lat' dir='ltr'><strong>quud</strong></span> 
     </span>
    </p>
   </div>
   <div class='ocr_carea' id='block_1_7' title="bbox 868 2612 1547 2935">
    <p class='ocr_par' dir='ltr' id='par_1_38' title="bbox 868 2612 1546 2687">
     <span class='ocr_line' id='line_1_53' title="bbox 868 2612 1546 2646; baseline 0.001 -10"><span class='ocrx_word' id='word_1_410' title='bbox 868 2618 1031 2637; x_wconf 72' lang='lat' dir='ltr'><strong>memorem</strong></span> <span class='ocrx_word' id='word_1_411' title='bbox 1058 2618 1125 2637; x_wconf 70' lang='lat' dir='ltr'><strong>esse</strong></span> <span class='ocrx_word' id='word_1_412' title='bbox 1151 2617 1258 2637; x_wconf 72' lang='lat' dir='ltr'><strong>rerum</strong></span> <span class='ocrx_word' id='word_1_413' title='bbox 1283 2618 1417 2636; x_wconf 76' lang='lat' dir='ltr'><strong>suarum</strong></span> <span class='ocrx_word' id='word_1_414' title='bbox 1441 2612 1546 2646; x_wconf 71' lang='lat' dir='ltr'><strong>yena-</strong></span> 
     </span>
     <span class='ocr_line' id='line_1_54' title="bbox 868 2650 1459 2687; baseline 0.002 -8"><span class='ocrx_word' id='word_1_415' title='bbox 868 2661 952 2684; x_wconf 79' lang='lat' dir='ltr'><strong>rum,</strong></span> <span class='ocrx_word' id='word_1_416' title='bbox 968 2651 1022 2687; x_wconf 76' lang='lat' dir='ltr'><strong>qui</strong></span> <span class='ocrx_word' id='word_1_417' title='bbox 1039 2650 1073 2679; x_wconf 79' lang='lat' dir='ltr'><strong>id</strong></span> <span class='ocrx_word' id='word_1_418' title='bbox 1087 2650 1200 2679; x_wconf 73' lang='lat' dir='ltr'><strong>bellum</strong></span> <span class='ocrx_word' id='word_1_419' title='bbox 1218 2650 1324 2680; x_wconf 72' lang='lat' dir='ltr'><strong>duem.</strong></span> <span class='ocrx_word' id='word_1_420' title='bbox 1352 2650 1459 2680; x_wconf 69' lang='lat' dir='ltr'><strong>CREV.</strong></span> 
     </span>
    </p>

    <p class='ocr_par' dir='ltr' id='par_1_39' title="bbox 869 2691 1545 2807">
     <span class='ocr_line' id='line_1_55' title="bbox 912 2691 1545 2731; baseline 0.002 -10"><span class='ocrx_word' id='word_1_421' title='bbox 912 2704 930 2729; x_wconf 82' lang='lat'>4</span> <span class='ocrx_word' id='word_1_422' title='bbox 956 2693 1114 2722; x_wconf 60' lang='lat' dir='ltr'><strong>lis-creuit</strong></span> <span class='ocrx_word' id='word_1_423' title='bbox 1137 2693 1228 2731; x_wconf 74' lang='lat' dir='ltr'><strong>apex]</strong></span> <span class='ocrx_word' id='word_1_424' title='bbox 1263 2691 1316 2721; x_wconf 80' lang='lat' dir='ltr'><strong>Sic</strong></span> <span class='ocrx_word' id='word_1_425' title='bbox 1342 2693 1487 2723; x_wconf 67' lang='lat' dir='ltr'><strong>exercuit</strong></span> <span class='ocrx_word' id='word_1_426' title='bbox 1514 2698 1545 2722; x_wconf 88' lang='lat' dir='ltr'><strong>et</strong></span> 
     </span>
     <span class='ocr_line' id='line_1_56' title="bbox 871 2733 1544 2773; baseline 0.001 -9"><span class='ocrx_word' id='word_1_427' title='bbox 871 2734 1053 2773; x_wconf 80' lang='lat' dir='ltr'><strong>perdomuit</strong></span> <span class='ocrx_word' id='word_1_428' title='bbox 1075 2745 1160 2773; x_wconf 77' lang='lat' dir='ltr'><strong>opes,</strong></span> <span class='ocrx_word' id='word_1_429' title='bbox 1177 2734 1207 2764; x_wconf 83' lang='lat'><strong>11.</strong></span> <span class='ocrx_word' id='word_1_430' title='bbox 1229 2744 1256 2764; x_wconf 88' lang='lat' dir='ltr'><strong>e.</strong></span> <span class='ocrx_word' id='word_1_431' title='bbox 1286 2733 1396 2773; x_wconf 76' lang='lat' dir='ltr'><strong>copias</strong></span> <span class='ocrx_word' id='word_1_432' title='bbox 1423 2734 1544 2765; x_wconf 78' lang='lat' dir='ltr'><strong>bellan-</strong></span> 
     </span>
     <span class='ocr_line' id='line_1_57' title="bbox 869 2776 1094 2807; baseline 0.004 -1"><span class='ocrx_word' id='word_1_433' title='bbox 869 2777 959 2806; x_wconf 80' lang='lat' dir='ltr'><strong>tium.</strong></span> <span class='ocrx_word' id='word_1_434' title='bbox 986 2776 1094 2807; x_wconf 62' lang='lat' dir='ltr'><strong>Dona.</strong></span> 
     </span>
    </p>

    <p class='ocr_par' dir='ltr' id='par_1_40' title="bbox 869 2818 1547 2935">
     <span class='ocr_line' id='line_1_58' title="bbox 913 2818 1546 2857; baseline 0.002 -9"><span class='ocrx_word' id='word_1_435' title='bbox 913 2828 929 2857; x_wconf 82' lang='lat'>5</span> <span class='ocrx_word' id='word_1_436' title='bbox 956 2819 1084 2856; x_wconf 74' lang='lat' dir='ltr'><strong>Fratri]</strong></span> <span class='ocrx_word' id='word_1_437' title='bbox 1122 2818 1337 2857; x_wconf 75' lang='lat' dir='ltr'><strong>Praecipuum</strong></span> <span class='ocrx_word' id='word_1_438' title='bbox 1365 2819 1464 2849; x_wconf 74' lang='lat' dir='ltr'><strong>decus</strong></span> <span class='ocrx_word' id='word_1_439' title='bbox 1486 2819 1546 2849; x_wconf 81' lang='lat' dir='ltr'><strong>ulti</strong></span> 
     </span>
     <span class='ocr_line' id='line_1_59' title="bbox 869 2860 1547 2900; baseline 0 -9"><span class='ocrx_word' id='word_1_440' title='bbox 869 2860 1063 2891; x_wconf 72' lang='lat' dir='ltr'><strong>Samnitium</strong></span> <span class='ocrx_word' id='word_1_441' title='bbox 1081 2861 1282 2900; x_wconf 72' lang='lat' dir='ltr'><strong>imperatorin</strong></span> <span class='ocrx_word' id='word_1_442' title='bbox 1302 2871 1401 2900; x_wconf 71' lang='lat' dir='ltr'><strong>penes</strong></span> <span class='ocrx_word' id='word_1_443' title='bbox 1416 2862 1547 2892; x_wconf 81' lang='lat' dir='ltr'><strong>fratrem</strong></span> 
     </span>
     <span class='ocr_line' id='line_1_60' title="bbox 869 2903 1349 2935; baseline 0.002 -1"><span class='ocrx_word' id='word_1_444' title='bbox 869 2903 937 2934; x_wconf 76' lang='lat' dir='ltr'><strong>eius</strong></span> <span class='ocrx_word' id='word_1_445' title='bbox 953 2913 1021 2934; x_wconf 68' lang='lat' dir='ltr'><strong>csse</strong></span> <span class='ocrx_word' id='word_1_446' title='bbox 1039 2904 1218 2935; x_wconf 64' lang='lat' dir='ltr'><strong>voluerunt.</strong></span> <span class='ocrx_word' id='word_1_447' title='bbox 1242 2905 1349 2935; x_wconf 64' lang='lat' dir='ltr'><strong>Cum.</strong></span> 
     </span>
    </p>
   </div>
  </div>
 </body>
</html>
