1934 3211
206 294 251 325 U.
269 293 306 325 O.

207 338 235 368 A
271 337 308 368 C.

213 805 259 837 U.
277 806 314 837 C.
334 816 404 846 592.

212 850 252 879 A.
277 850 315 880 C.
334 849 403 888 360.

213 892 274 922 Cn.
287 892 396 922 Genu-

215 933 275 970 cio,
291 934 328 964 L.
344 935 404 964 Ac-

212 976 302 1006 milio
320 977 368 1007 ΙΙ.

214 1019 302 1049 Coss.

213 1091 359 1123 Manlius

214 1135 351 1165 dictator

214 1178 342 1208 clavum

214 1220 334 1259 pangit.

216 1378 337 1409 Clavus
354 1387 408 1407 an-

215 1430 329 1450 norum
345 1420 391 1450 in-

216 1464 288 1494 dex.

417 194 500 232 402

939 189 1087 231 ΤΙΤΙ
1130 188 1307 230 LIVII

326 293 396 334 391·
424 296 551 338 quam
573 288 766 337 expertes
787 281 885 321 artis
905 280 1103 330 ludicrae,
1125 281 1290 322 faciant.
1355 280 1473 320 Inter
1498 279 1670 322 aliarum
1692 293 1820 335 parva

328 336 398 376 361·
424 338 632 397 principia
651 353 803 388 rerum,
820 337 1017 379 ludorum
1039 354 1207 394 quoque
1230 339 1363 394 prima
1384 337 1500 392 origo
1521 337 1719 393 ponenda
1732 337 1820 378 visa

427 405 514 438 est:
549 404 596 437 ut
616 404 846 451 appareret,
870 411 995 451 quam
1017 396 1068 436 ab
1090 411 1190 436 sano
1211 396 1333 436 initio
1354 410 1419 435 res
1440 397 1484 434 in
1506 394 1614 435 hanc
1628 394 1698 434 vix
1715 409 1820 450 opu-
1835 412 1847 433 1

428 453 552 495 lentis
573 454 712 509 regnis
733 452 991 494 tolerabilem
1014 453 1218 494 insaniam
1240 452 1412 493 venerit.

487 510 582 551 Nec
607 520 747 551 tamen
778 510 974 550 ludorum
1005 511 1187 566 primum
1217 510 1398 558 initium,
1421 508 1695 565 procurandis
1725 508 1822 549 reli-

429 568 624 625 gionibus
654 568 812 616 datum,
836 575 907 608 aut
936 567 1138 622 religione
1170 568 1342 616 animos,
1365 575 1436 606 aut
1464 581 1638 622 corpora
1667 566 1822 607 morbis

429 625 561 666 levavi
568 634 593 665 t.

659 625 776 672 Quin
791 624 930 672 etiam,
947 639 1078 679 quum
1094 624 1255 664 medios
1270 624 1375 664 forte
1388 623 1509 664 ludos
1525 624 1658 664 circus
1675 623 1822 665 Tiberi
1835 639 1851 659 2

431 682 647 738 superfuso
661 681 854 736 irrigatus
872 681 1128 736 impedisset,
1146 680 1191 720 id
1203 695 1314 729 vero,
1332 680 1447 720 velut
1468 681 1618 720 aversis
1639 681 1721 722 iam
1742 681 1822 722 diis

432 738 832 795 aspernantibusque
861 737 1096 792 placamina
1122 737 1220 786 irae,
1243 745 1443 777 terrorem
1468 736 1684 792 ingentem
1710 738 1820 779 fecit.

432 796 580 850 Itaque
633 794 713 835 Cn.
737 794 945 844 Genucio,
988 794 1036 835 L.
1055 794 1239 835 Aemilio
1281 793 1545 834 Mamercino
1591 795 1824 836 secundum

431 852 683 901 consulibus,
726 867 859 907 quum
897 852 1157 907 piaculorum
1198 851 1328 907 magis
1360 851 1613 907 conquisitio
1649 852 1822 902 animos,

432 924 558 965 quam
595 924 768 964 corpora
807 909 954 958 morbi,
991 909 1216 957 afficerent,
1253 908 1479 964 repetitum
1519 924 1572 949 ex
1613 909 1825 951 seniorum

433 967 635 1008 memoria
664 966 830 1015 dicitur,
853 966 1133 1022 pestilentiam
1156 966 1370 1022 quondam
1400 966 1516 1007 clavo
1540 967 1592 1008 ab
1622 966 1854 1009 dictatore3

433 1024 519 1065 fixo
546 1024 744 1065 sedatam.

808 1024 871 1064 Ea
903 1023 1105 1079 religione
1139 1024 1345 1064 adductus
1378 1032 1546 1064 senatus
1579 1024 1825 1071 dictatorem

432 1081 536 1122 clavi
559 1081 718 1131 fidendi
739 1095 861 1122 causa
882 1081 965 1122 dici
981 1081 1110 1122 iussit.

1173 1081 1324 1122 Dictus
1346 1080 1395 1121 L.
1414 1080 1600 1122 Manlius
1621 1081 1825 1138 Imperio-

432 1154 512 1188 sus,
543 1126 826 1179 LfPinarium
857 1139 1101 1194 magistrum
1137 1139 1328 1194 equitum
1358 1138 1476 1179 dixit.
1539 1138 1632 1179 Lex
1662 1147 1827 1180 vetusta

433 1204 508 1245 est,
529 1196 674 1252 priscis
695 1196 827 1237 literis
843 1197 1062 1252 verbisque
1083 1197 1249 1252 scripta,
1267 1204 1327 1244 ut,
1342 1196 1416 1251 qui
1432 1204 1598 1252 praetor
1618 1197 1825 1237 maximus

433 1254 497 1302 sit,
514 1253 659 1294 Idibus
691 1253 1005 1309 Septembribus
1026 1253 1188 1294 clavum
1217 1263 1382 1309 pangat.

1445 1253 1550 1294 Fixa
1568 1253 1648 1294 fuit
1674 1254 1824 1295 dextro
1838 1270 1855 1302 5

433 1310 554 1352 lateri
585 1311 699 1351 aedis
730 1310 841 1352 lovis
872 1311 1020 1366 optimi
1051 1311 1236 1360 maximi,
1260 1324 1313 1351 ex
1344 1326 1428 1366 qua
1457 1318 1573 1366 parte
1606 1310 1824 1352 Minervae

435 1368 641 1424 templum
672 1376 745 1409 est.

809 1367 917 1408 Eum
953 1367 1130 1417 clavum,
1163 1368 1262 1423 quia
1296 1382 1410 1408 rarae
1445 1383 1521 1424 per
1555 1383 1604 1409 ea
1637 1375 1827 1424 tempora

436 1425 579 1466 literae
605 1433 736 1475 erant,
759 1434 901 1466 notam
923 1425 1088 1466 numeri
1110 1440 1316 1466 annorum
1343 1424 1468 1466 fuisse
1490 1425 1655 1466 ferunt:
1690 1440 1825 1481 eoque

436 1481 654 1523 Minervae
683 1482 840 1538 templo
869 1482 1049 1523 dicatam
1080 1482 1229 1538 legem,
1253 1482 1353 1538 quia
1378 1497 1579 1523 numerus
1606 1481 1825 1523 Minervae

434 1539 655 1579 inventum
696 1540 758 1580 sit.

822 1539 1023 1580 Volsiniis
1064 1555 1233 1595 quoque
1270 1540 1419 1588 clavos,
1462 1539 1621 1581 indices
1661 1539 1857 1586 numeri6

434 1611 653 1645 annorum,
669 1596 774 1636 fixos
788 1596 831 1636 in
847 1596 1003 1652 templo
1018 1596 1207 1646 Nortiae,
1225 1597 1425 1637 Etruscae
1440 1597 1557 1646 deae,
1572 1611 1825 1653 comparere,

434 1652 612 1709 diligens
653 1652 800 1692 talium
841 1662 1210 1693 monumentorum
1243 1662 1388 1694 auctor
1426 1653 1602 1694 Cincius
1636 1654 1822 1695 affirmat.
1841 1667 1857 1699 7

436 1779 518 1810 lanis
540 1779 658 1810 fabulis
688 1779 721 1810 id
749 1789 849 1818 genus
873 1779 999 1815 ludicri,
1023 1781 1109 1818 quod

436 1822 510 1853 hod.
540 1823 628 1861 apud
660 1822 896 1861 Neapolitanos
924 1823 1109 1852 Pulcinella

437 1868 579 1901 vocatur,
595 1864 777 1903 provenisse
792 1864 964 1894 existimat.

483 1916 495 1937 1
521 1908 564 1937 In
579 1907 679 1944 hanc]
700 1907 730 1936 h.
743 1917 769 1937 e.
782 1906 903 1936 Nostra
918 1916 1045 1945 quoque
1059 1916 1107 1936 ae-

437 1951 504 1979 tate
521 1949 727 1985 celebratam,
743 1953 779 1978 ut
794 1959 879 1988 supr.
895 1948 915 1979 i.
934 1958 961 1987 5.
978 1949 1035 1978 hoc
1049 1950 1108 1986 fu-

436 1992 498 2022 isse
514 1992 673 2021 ludicrum
686 1993 814 2029 serunt.
846 1991 886 2021 cf.
905 1991 985 2021 Hor.
1005 1990 1108 2029 Epist.

437 2042 468 2062 n.
490 2043 514 2063 1.
536 2041 603 2072 145.

481 2085 498 2105 ‘z
526 2076 630 2105 Tiberi
645 2075 834 2114 supevfzzso]
861 2075 1025 2114 Augustus
1047 2074 1107 2114 pri-

437 2126 509 2147 mus
538 2118 759 2156 magistratum
789 2117 927 2147 instituit
953 2116 1007 2156 qui
1034 2117 1109 2147 huic

437 2160 524 2189 malo
551 2160 760 2199 praevideret.
792 2159 869 2190 Tac.
899 2161 982 2189 Anu.
1010 2159 1029 2189 i.
1060 2158 1107 2198 76.

437 2202 476 2232 cf.
495 2202 581 2232 Fest.
599 2213 627 2232 v.
644 2203 814 2232 Martialis
829 2212 973 2240 campus,
989 2201 1043 2240 qui
1064 2202 1111 2231 ita

418 2276 420 2279 ,
437 2244 614 2281 dicebatur,
632 2245 749 2283 “quod
769 2244 802 2274 in
823 2254 861 2274 eo
880 2244 1014 2282 Equiria
1030 2244 1109 2274 sole-

437 2287 515 2317 bant
542 2286 621 2324 fieri,
647 2287 672 2316 si
704 2287 832 2325 quando
859 2296 961 2324 aquae
985 2286 1110 2316 Tiberis

437 2329 601 2368 Campum
619 2329 776 2359 Martium
793 2331 1037 2367 occupassent.”

478 2380 495 2410 3
512 2372 734 2402 Pestilentimn
746 2371 921 2410 quondam]
941 2370 1034 2400 Haec
1047 2381 1110 2401 non

438 2423 476 2444 eo
493 2423 587 2443 sensu
602 2413 812 2451 intelligenda
828 2412 987 2449 videntur,
999 2416 1035 2442 ut
1048 2414 1110 2443 cla-

439 2466 496 2486 vus
517 2455 582 2486 iam
602 2459 709 2493 antea,
729 2454 931 2494 pestilentiae
951 2455 1111 2485 sedandae

437 2508 545 2535 causa,
560 2508 579 2528 a
594 2497 748 2528 dictatore
765 2497 848 2527 fixus
863 2497 959 2527 fuisse
975 2496 1111 2534 dicatur,

436 2541 492 2570 sed
508 2540 693 2580 pestilentia
708 2539 847 2578 quodam
870 2549 955 2569 anno
977 2549 1044 2569 esse
1065 2549 1109 2569 se-

436 2583 524 2620 data,
554 2592 653 2621 quum
685 2582 794 2612 clavus
823 2591 981 2611 annorum
1012 2581 1108 2612 index

436 2634 501 2654 non
527 2625 567 2654 ab
594 2624 753 2654 ordinario
782 2623 981 2663 magistratu,
1008 2624 1063 2654 sed
1090 2633 1110 2653 a

436 2666 593 2696 dictatore
630 2666 713 2696 fixus
749 2670 840 2697 esset.
893 2666 991 2697 Unde
1019 2676 1110 2705 argu-

436 2709 664 2739 mentabantur
704 2709 832 2739 clavum
874 2709 915 2738 ab
953 2708 1109 2738 dictatore

437 2750 536 2780 fixum
567 2751 704 2781 levando
734 2751 846 2780 morbo
876 2751 1036 2781 salubrem
1061 2751 1108 2781 fu-

435 2790 504 2822 isse.
543 2793 618 2823 Vid.
642 2792 714 2823 infr.
731 2792 795 2823 viii.
816 2793 862 2823 18.
886 2792 975 2823 aliud
1000 2802 1108 2823 exem-

436 2833 539 2870 plum,
549 2834 711 2874 aliamque
724 2844 853 2865 causam
867 2834 1031 2865 dictatoris
1043 2836 1105 2865 cla-

437 2873 465 2902 vi
482 2874 598 2911 figendi
616 2886 712 2906 causa
728 2877 834 2907 creati.
861 2877 967 2908 Cnev.

478 2926 496 2952 4
521 2917 583 2951 Qui
605 2922 735 2954 praetor
757 2920 916 2948 maa‘imus
937 2919 995 2955 sit]
1037 2918 1105 2954 Qui

1153 1779 1324 1819 imperium
1354 1790 1516 1810 summum
1546 1779 1579 1810 in
1611 1778 1741 1810 civitate
1770 1780 1824 1810 ha-

1154 1823 1237 1852 beat.
1278 1823 1412 1853 Praetor
1433 1832 1453 1852 a
1472 1823 1670 1862 praeeundo.
1698 1822 1737 1853 cf.
1755 1822 1824 1854 Cic.

1155 1864 1196 1894 de
1213 1865 1308 1904 Legg.
1325 1864 1369 1895 iii.
1388 1874 1416 1903 3.

1198 1915 1214 1945 5
1231 1908 1354 1937 Deoetro
1369 1907 1463 1937 lateri
1478 1907 1582 1944 aedis]
1601 1905 1825 1946 Capitolinum

1153 1949 1314 1988 templum
1333 1953 1396 1978 tres
1416 1949 1511 1979 aedes
1533 1952 1626 1988 pares
1641 1948 1826 1979 continebat

1154 1990 1378 2021 communibus
1400 1991 1540 2021 inclusas
1563 1990 1734 2022 lateribus:
1759 2001 1825 2021 me-

1153 2033 1241 2063 diam
1266 2033 1372 2070 Iovis;
1394 2043 1414 2063 a
1431 2033 1586 2064 lateribus
1611 2034 1746 2064 alteram
1771 2033 1825 2063 Iu-

1153 2075 1256 2113 nonis,
1274 2076 1408 2105 alteram
1425 2076 1603 2106 Minervae.
1649 2075 1738 2106 Hinc
1761 2075 1826 2113 lex,

1154 2128 1236 2156 quae
1256 2117 1317 2148 hoc
1338 2119 1410 2148 loco
1426 2117 1543 2148 dicitur
1558 2118 1624 2148 fixa
1637 2118 1734 2148 fuisse
1750 2118 1826 2148 dex-

1153 2164 1202 2189 tro
1226 2159 1316 2190 lateri
1339 2160 1427 2190 aedis
1444 2160 1531 2190 Iovis
1546 2160 1660 2200 optimi
1681 2159 1826 2197 maximi,

1154 2201 1236 2232 infra
1253 2202 1369 2232 dicitur
1385 2202 1553 2233 Minervae
1569 2203 1694 2242 templo
1710 2202 1825 2234 dicata.

1154 2245 1261 2275 CREv.

1197 2285 1216 2317 6
1238 2288 1366 2318 Indices
1380 2288 1507 2319 numeri
1522 2288 1699 2326 annorum]
1736 2286 1827 2323 Quia

1155 2328 1266 2359 literae
1295 2339 1384 2359 rarae
1414 2339 1452 2359 eo
1484 2332 1630 2368 tempore
1659 2332 1761 2366 erant,
1789 2332 1826 2359 ut

1156 2371 1289 2402 Cincius
1304 2370 1507 2402 existimavit.
1543 2371 1637 2402 Haec
1653 2374 1762 2401 autem
1777 2381 1825 2401 ra-

1155 2413 1200 2443 tio
1231 2423 1388 2443 annorum
1425 2413 1516 2443 clavo
1554 2413 1680 2453 figendo
1712 2412 1826 2444 Idibus

1156 2455 1355 2495 Septembris
1393 2456 1664 2486 numerandorum
1701 2458 1826 2486 servata

1155 2501 1233 2534 erat,
1245 2508 1286 2528 ne
1302 2507 1402 2536 quum
1418 2497 1494 2528 anni
1507 2497 1682 2528 consularis
1696 2497 1825 2528 initium

1153 2539 1328 2579 aliquando
1349 2540 1389 2569 ob
1415 2539 1596 2580 interregna
1619 2540 1756 2571 dilatum
1779 2549 1825 2570 es-

1153 2585 1212 2618 set,
1227 2582 1308 2611 ratio
1322 2592 1395 2612 vera
1406 2586 1589 2622 temporum
1601 2582 1803 2613 amitteretur
1815 2592 1823 2612 :

1154 2627 1324 2663 postquam
1355 2634 1428 2655 vero
1463 2634 1562 2655 novos
1592 2624 1738 2655 consules
1767 2623 1823 2654 cir-

1155 2670 1338 2696 cumactum
1376 2670 1451 2697 ante
1484 2667 1627 2707 priorum
1656 2666 1824 2697 consulum

1154 2718 1276 2738 annum
1300 2708 1456 2748 designari
1478 2709 1512 2739 in
1535 2719 1628 2740 usum
1653 2707 1750 2745 venit,
1775 2717 1825 2738 res

1153 2750 1232 2781 haee
1249 2751 1365 2781 omissa
1383 2755 1442 2789 est,
1457 2754 1490 2782 et
1505 2754 1596 2782 sexto
1616 2752 1681 2782 fere
1696 2749 1824 2781 saeculo

1152 2793 1238 2823 urbis
1262 2793 1388 2824 Romae
1412 2804 1452 2824 ex
1478 2793 1634 2824 memoria
1655 2790 1823 2823 hominum

1152 2845 1234 2874 pene
1251 2835 1381 2867 excidit.

1196 2884 1212 2916 7
1236 2878 1384 2915 Cincius]
1419 2877 1456 2908 L.
1474 2875 1606 2908 Cincius
1628 2874 1823 2914 Alimentus,

1150 2918 1194 2949 sic
1223 2919 1309 2949 enim
1339 2919 1460 2957 integre
1489 2927 1674 2957 expressum
1704 2928 1822 2949 nomen
