<?xml version="1.0" encoding="UTF-8"?>
<!DOCTYPE html PUBLIC "-//W3C//DTD XHTML 1.0 Transitional//EN"
    "http://www.w3.org/TR/xhtml1/DTD/xhtml1-transitional.dtd">
<html xmlns="http://www.w3.org/1999/xhtml" xml:lang="en" lang="en">
 <head>
  <title>
</title>
<meta http-equiv="Content-Type" content="text/html;charset=utf-8" />
  <meta name='ocr-system' content='tesseract 3.04.00' />
  <meta name='ocr-capabilities' content='ocr_page ocr_carea ocr_par ocr_line ocrx_word'/>
</head>
<body>
  <div class='ocr_page' id='page_1' title='image "./historiarumli01livyuoft_0024.png"; bbox 0 0 1934 3211; ppageno 0'>
   <div class='ocr_carea' id='block_1_1' title="bbox 404 209 1278 252">
    <p class='ocr_par' dir='ltr' id='par_1_1' title="bbox 404 209 1278 252">
     <span class='ocr_line' id='line_1_1' title="bbox 404 209 1278 252; baseline 0.005 -4"><span class='ocrx_word' id='word_1_1' title='bbox 404 211 452 248; x_wconf 77' lang='lat'>12</span> <span class='ocrx_word' id='word_1_2' title='bbox 912 210 1058 252; x_wconf 90' lang='grc' dir='ltr'><strong>ΤΙΤΙ</strong></span> <span class='ocrx_word' id='word_1_3' title='bbox 1100 209 1278 252; x_wconf 89' lang='lat' dir='ltr'>LIVII</span> 
     </span>
    </p>
   </div>
   <div class='ocr_carea' id='block_1_2' title="bbox 180 298 1814 2255">
    <p class='ocr_par' dir='ltr' id='par_1_2' title="bbox 397 298 1778 470">
     <span class='ocr_line' id='line_1_2' title="bbox 399 298 1778 358; baseline 0.001 -19"><span class='ocrx_word' id='word_1_4' title='bbox 399 298 463 340; x_wconf 84' lang='lat' dir='ltr'>Ibi</span> <span class='ocrx_word' id='word_1_5' title='bbox 485 306 574 340; x_wconf 88' lang='lat' dir='ltr'>tum</span> <span class='ocrx_word' id='word_1_6' title='bbox 594 300 774 356; x_wconf 90' lang='lat' dir='ltr'>primum</span> <span class='ocrx_word' id='word_1_7' title='bbox 796 301 900 343; x_wconf 88' lang='lat' dir='ltr'>bove</span> <span class='ocrx_word' id='word_1_8' title='bbox 926 302 1080 342; x_wconf 87' lang='lat' dir='ltr'>eximia</span> <span class='ocrx_word' id='word_1_9' title='bbox 1106 310 1226 358; x_wconf 87' lang='lat' dir='ltr'>capta</span> <span class='ocrx_word' id='word_1_10' title='bbox 1253 301 1306 342; x_wconf 91' lang='lat' dir='ltr'>de</span> <span class='ocrx_word' id='word_1_11' title='bbox 1333 315 1458 357; x_wconf 82' lang='lat' dir='ltr'>grege</span> <span class='ocrx_word' id='word_1_12' title='bbox 1483 315 1644 342; x_wconf 89' lang='lat' dir='ltr'>sacrum</span> <span class='ocrx_word' id='word_1_13' title='bbox 1666 298 1778 341; x_wconf 90' lang='lat' dir='ltr'>Her—</span> 
     </span>
     <span class='ocr_line' id='line_1_3' title="bbox 397 356 1777 415; baseline 0.001 -18"><span class='ocrx_word' id='word_1_14' title='bbox 397 356 492 405; x_wconf 91' lang='lat' dir='ltr'>culi,</span> <span class='ocrx_word' id='word_1_15' title='bbox 515 357 709 399; x_wconf 79' lang='lat' dir='ltr'>adhibitis</span> <span class='ocrx_word' id='word_1_16' title='bbox 729 358 782 399; x_wconf 91' lang='lat' dir='ltr'>ad</span> <span class='ocrx_word' id='word_1_17' title='bbox 803 359 1077 400; x_wconf 88' lang='lat' dir='ltr'>ministerium</span> <span class='ocrx_word' id='word_1_18' title='bbox 1094 359 1327 415; x_wconf 84' lang='lat' dir='ltr'>dapemque</span> <span class='ocrx_word' id='word_1_19' title='bbox 1345 359 1510 400; x_wconf 91' lang='lat' dir='ltr'>Potitiis</span> <span class='ocrx_word' id='word_1_20' title='bbox 1524 374 1571 399; x_wconf 88' lang='lat' dir='ltr'>ac</span> <span class='ocrx_word' id='word_1_21' title='bbox 1585 357 1777 406; x_wconf 85' lang='lat' dir='ltr'>Pinariis,</span> 
     </span>
     <span class='ocr_line' id='line_1_4' title="bbox 397 415 1776 470; baseline 0.001 -15"><span class='ocrx_word' id='word_1_22' title='bbox 397 430 503 470; x_wconf 87' lang='lat' dir='ltr'>quae</span> <span class='ocrx_word' id='word_1_23' title='bbox 541 423 629 456; x_wconf 93' lang='lat' dir='ltr'>tum</span> <span class='ocrx_word' id='word_1_24' title='bbox 664 415 841 457; x_wconf 87' lang='lat' dir='ltr'>familiae</span> <span class='ocrx_word' id='word_1_25' title='bbox 878 417 1057 458; x_wconf 85' lang='lat' dir='ltr'>maxime</span> <span class='ocrx_word' id='word_1_26' title='bbox 1093 416 1274 457; x_wconf 91' lang='lat' dir='ltr'>inclutae</span> <span class='ocrx_word' id='word_1_27' title='bbox 1310 431 1359 457; x_wconf 89' lang='lat' dir='ltr'>ea</span> <span class='ocrx_word' id='word_1_28' title='bbox 1398 416 1488 457; x_wconf 88' lang='lat' dir='ltr'>loca</span> <span class='ocrx_word' id='word_1_29' title='bbox 1526 415 1776 464; x_wconf 85' lang='lat' dir='ltr'>incolebant,</span> 
     </span>
    </p>

    <p class='ocr_par' dir='ltr' id='par_1_3' title="bbox 184 472 1777 539">
     <span class='ocr_line' id='line_1_5' title="bbox 184 472 1777 539; baseline 0.001 -28"><span class='ocrx_word' id='word_1_30' title='bbox 184 481 293 511; x_wconf 74' lang='lat' dir='ltr'>Pontii</span> <span class='ocrx_word' id='word_1_31' title='bbox 311 486 342 513; x_wconf 81' lang='lat' dir='ltr'>et</span> <span class='ocrx_word' id='word_1_32' title='bbox 395 472 562 513; x_wconf 87' lang='lat' dir='ltr'>factum.</span> <span class='ocrx_word' id='word_1_33' title='bbox 602 473 749 514; x_wconf 88' lang='lat' dir='ltr'>Forte</span> <span class='ocrx_word' id='word_1_34' title='bbox 739 483 797 514; x_wconf 81' lang='lat' dir='ltr'>ita</span> <span class='ocrx_word' id='word_1_35' title='bbox 809 475 962 524; x_wconf 85' lang='lat' dir='ltr'>evenit,</span> <span class='ocrx_word' id='word_1_36' title='bbox 980 483 1026 515; x_wconf 90' lang='lat' dir='ltr'>ut</span> <span class='ocrx_word' id='word_1_37' title='bbox 1042 474 1187 515; x_wconf 90' lang='lat' dir='ltr'>Potitii</span> <span class='ocrx_word' id='word_1_38' title='bbox 1203 474 1256 515; x_wconf 87' lang='lat' dir='ltr'>ad</span> <span class='ocrx_word' id='word_1_39' title='bbox 1269 482 1433 539; x_wconf 79' lang='lat' dir='ltr'>tempus</span> <span class='ocrx_word' id='word_1_40' title='bbox 1448 482 1611 529; x_wconf 89' lang='lat' dir='ltr'>praesto</span> <span class='ocrx_word' id='word_1_41' title='bbox 1626 481 1777 522; x_wconf 84' lang='lat' dir='ltr'>essent,</span> 
     </span>
    </p>

    <p class='ocr_par' dir='ltr' id='par_1_4' title="bbox 183 524 1811 1030">
     <span class='ocr_line' id='line_1_6' title="bbox 183 524 1777 587; baseline 0.001 -18"><span class='ocrx_word' id='word_1_42' title='bbox 183 524 311 555; x_wconf 80' lang='lat' dir='ltr'>1’1na1ii.</span> <span class='ocrx_word' id='word_1_43' title='bbox 397 529 531 586; x_wconf 89' lang='lat' dir='ltr'>iisque</span> <span class='ocrx_word' id='word_1_44' title='bbox 552 539 650 572; x_wconf 83' lang='lat' dir='ltr'>exta</span> <span class='ocrx_word' id='word_1_45' title='bbox 669 540 995 587; x_wconf 81' lang='lat' dir='ltr'>apponerentur3</span> <span class='ocrx_word' id='word_1_46' title='bbox 1024 531 1194 581; x_wconf 84' lang='lat' dir='ltr'>Pinarii,</span> <span class='ocrx_word' id='word_1_47' title='bbox 1224 532 1331 572; x_wconf 88' lang='lat' dir='ltr'>extis</span> <span class='ocrx_word' id='word_1_48' title='bbox 1351 531 1497 580; x_wconf 87' lang='lat' dir='ltr'>adesis,</span> <span class='ocrx_word' id='word_1_49' title='bbox 1523 531 1577 572; x_wconf 90' lang='lat' dir='ltr'>ad</span> <span class='ocrx_word' id='word_1_50' title='bbox 1597 538 1777 571; x_wconf 87' lang='lat' dir='ltr'>ceteram</span> 
     </span>
     <span class='ocr_line' id='line_1_7' title="bbox 397 587 1811 644; baseline -0.001 -16"><span class='ocrx_word' id='word_1_51' title='bbox 397 588 588 629; x_wconf 85' lang='lat' dir='ltr'>venirent</span> <span class='ocrx_word' id='word_1_52' title='bbox 607 588 769 644; x_wconf 82' lang='lat' dir='ltr'>dapem.</span> <span class='ocrx_word' id='word_1_53' title='bbox 836 588 941 630; x_wconf 89' lang='lat' dir='ltr'>Inde</span> <span class='ocrx_word' id='word_1_54' title='bbox 964 589 1201 630; x_wconf 89' lang='lat' dir='ltr'>institutum</span> <span class='ocrx_word' id='word_1_55' title='bbox 1221 589 1385 638; x_wconf 89' lang='lat' dir='ltr'>mansit,</span> <span class='ocrx_word' id='word_1_56' title='bbox 1407 588 1541 629; x_wconf 89' lang='lat' dir='ltr'>donec</span> <span class='ocrx_word' id='word_1_57' title='bbox 1562 587 1811 629; x_wconf 85' lang='lat' dir='ltr'>Pinarium6</span> 
     </span>
     <span class='ocr_line' id='line_1_8' title="bbox 396 644 1778 699; baseline 0 -14"><span class='ocrx_word' id='word_1_58' title='bbox 396 660 528 699; x_wconf 77' lang='lat' dir='ltr'>genus</span> <span class='ocrx_word' id='word_1_59' title='bbox 557 646 648 695; x_wconf 88' lang='lat' dir='ltr'>fuit,</span> <span class='ocrx_word' id='word_1_60' title='bbox 680 662 733 687; x_wconf 88' lang='lat' dir='ltr'>nc</span> <span class='ocrx_word' id='word_1_61' title='bbox 764 646 871 687; x_wconf 86' lang='lat' dir='ltr'>extis</span> <span class='ocrx_word' id='word_1_62' title='bbox 909 647 1159 688; x_wconf 90' lang='lat' dir='ltr'>sollennium</span> <span class='ocrx_word' id='word_1_63' title='bbox 1199 654 1475 687; x_wconf 83' lang='lat' dir='ltr'>vescerentur</span> <span class='ocrx_word' id='word_1_64' title='bbox 1536 645 1694 694; x_wconf 89' lang='lat' dir='ltr'>Potitii,</span> <span class='ocrx_word' id='word_1_65' title='bbox 1726 644 1778 685; x_wconf 89' lang='lat' dir='ltr'>ab</span> 
     </span>
     <span class='ocr_line' id='line_1_9' title="bbox 399 701 1780 760; baseline -0.001 -17"><span class='ocrx_word' id='word_1_66' title='bbox 399 702 593 744; x_wconf 87' lang='lat' dir='ltr'>Evandro</span> <span class='ocrx_word' id='word_1_67' title='bbox 615 703 764 753; x_wconf 86' lang='lat' dir='ltr'>edocti,</span> <span class='ocrx_word' id='word_1_68' title='bbox 788 704 991 745; x_wconf 80' lang='lat' dir='ltr'>antistites</span> <span class='ocrx_word' id='word_1_69' title='bbox 1015 704 1118 745; x_wconf 87' lang='lat' dir='ltr'>sacri</span> <span class='ocrx_word' id='word_1_70' title='bbox 1140 704 1228 745; x_wconf 90' lang='lat' dir='ltr'>eius</span> <span class='ocrx_word' id='word_1_71' title='bbox 1249 719 1323 760; x_wconf 91' lang='lat' dir='ltr'>per</span> <span class='ocrx_word' id='word_1_72' title='bbox 1343 703 1493 744; x_wconf 87' lang='lat' dir='ltr'>multas</span> <span class='ocrx_word' id='word_1_73' title='bbox 1513 710 1669 744; x_wconf 87' lang='lat' dir='ltr'>aetates</span> <span class='ocrx_word' id='word_1_74' title='bbox 1688 701 1780 742; x_wconf 93' lang='lat' dir='ltr'>fue-</span> 
     </span>
     <span class='ocr_line' id='line_1_10' title="bbox 397 759 1779 817; baseline 0 -17"><span class='ocrx_word' id='word_1_75' title='bbox 397 769 512 801; x_wconf 85' lang='lat' dir='ltr'>runt:</span> <span class='ocrx_word' id='word_1_76' title='bbox 540 761 687 810; x_wconf 89' lang='lat' dir='ltr'>donec,</span> <span class='ocrx_word' id='word_1_77' title='bbox 715 761 865 802; x_wconf 88' lang='lat' dir='ltr'>tradito</span> <span class='ocrx_word' id='word_1_78' title='bbox 890 761 1016 802; x_wconf 89' lang='lat' dir='ltr'>servis</span> <span class='ocrx_word' id='word_1_79' title='bbox 1043 761 1219 817; x_wconf 84' lang='lat' dir='ltr'>publicis</span> <span class='ocrx_word' id='word_1_80' title='bbox 1239 761 1415 802; x_wconf 91' lang='lat' dir='ltr'>sollenni</span> <span class='ocrx_word' id='word_1_81' title='bbox 1435 760 1614 801; x_wconf 88' lang='lat' dir='ltr'>familiae</span> <span class='ocrx_word' id='word_1_82' title='bbox 1636 759 1779 801; x_wconf 89' lang='lat' dir='ltr'>minis-</span> 
     </span>
     <span class='ocr_line' id='line_1_11' title="bbox 397 817 1780 874; baseline 0.001 -17"><span class='ocrx_word' id='word_1_83' title='bbox 397 817 516 867; x_wconf 91' lang='lat' dir='ltr'>terio,</span> <span class='ocrx_word' id='word_1_84' title='bbox 551 834 682 874; x_wconf 90' lang='lat' dir='ltr'>genus</span> <span class='ocrx_word' id='word_1_85' title='bbox 715 834 838 859; x_wconf 88' lang='lat' dir='ltr'>omne</span> <span class='ocrx_word' id='word_1_86' title='bbox 874 818 1125 859; x_wconf 86' lang='lat' dir='ltr'>Potitiorum</span> <span class='ocrx_word' id='word_1_87' title='bbox 1154 819 1325 860; x_wconf 89' lang='lat' dir='ltr'>interiit.</span> <span class='ocrx_word' id='word_1_88' title='bbox 1388 817 1507 859; x_wconf 86' lang='lat' dir='ltr'>Haec</span> <span class='ocrx_word' id='word_1_89' title='bbox 1543 825 1632 859; x_wconf 86' lang='lat' dir='ltr'>tum</span> <span class='ocrx_word' id='word_1_90' title='bbox 1666 831 1780 858; x_wconf 86' lang='lat' dir='ltr'>sacra</span> 
     </span>
     <span class='ocr_line' id='line_1_12' title="bbox 398 874 1780 932; baseline 0 -17"><span class='ocrx_word' id='word_1_91' title='bbox 398 874 605 916; x_wconf 86' lang='lat' dir='ltr'>Romulus</span> <span class='ocrx_word' id='word_1_92' title='bbox 626 891 710 916; x_wconf 90' lang='lat' dir='ltr'>una</span> <span class='ocrx_word' id='word_1_93' title='bbox 729 891 782 916; x_wconf 81' lang='lat' dir='ltr'>ex</span> <span class='ocrx_word' id='word_1_94' title='bbox 803 876 995 917; x_wconf 89' lang='lat' dir='ltr'>omnibus</span> <span class='ocrx_word' id='word_1_95' title='bbox 1015 876 1235 932; x_wconf 87' lang='lat' dir='ltr'>peregrina</span> <span class='ocrx_word' id='word_1_96' title='bbox 1261 876 1460 932; x_wconf 81' lang='lat' dir='ltr'>suscepit3</span> <span class='ocrx_word' id='word_1_97' title='bbox 1487 876 1570 916; x_wconf 89' lang='lat' dir='ltr'>iam</span> <span class='ocrx_word' id='word_1_98' title='bbox 1591 883 1681 916; x_wconf 90' lang='lat' dir='ltr'>tum</span> <span class='ocrx_word' id='word_1_99' title='bbox 1700 874 1780 915; x_wconf 87' lang='lat' dir='ltr'>irn-</span> 
     </span>
     <span class='ocr_line' id='line_1_13' title="bbox 398 932 1778 990; baseline 0.001 -18"><span class='ocrx_word' id='word_1_100' title='bbox 398 932 657 973; x_wconf 87' lang='lat' dir='ltr'>mortalitatis</span> <span class='ocrx_word' id='word_1_101' title='bbox 676 933 828 974; x_wconf 87' lang='lat' dir='ltr'>virtute</span> <span class='ocrx_word' id='word_1_102' title='bbox 849 942 1004 990; x_wconf 85' lang='lat' dir='ltr'>partae,</span> <span class='ocrx_word' id='word_1_103' title='bbox 1027 933 1080 974; x_wconf 89' lang='lat' dir='ltr'>ad</span> <span class='ocrx_word' id='word_1_104' title='bbox 1101 949 1226 990; x_wconf 89' lang='lat' dir='ltr'>quam</span> <span class='ocrx_word' id='word_1_105' title='bbox 1247 949 1343 974; x_wconf 90' lang='lat' dir='ltr'>eum</span> <span class='ocrx_word' id='word_1_106' title='bbox 1364 948 1438 974; x_wconf 88' lang='lat' dir='ltr'>sua</span> <span class='ocrx_word' id='word_1_107' title='bbox 1457 933 1540 974; x_wconf 88' lang='lat' dir='ltr'>fata</span> <span class='ocrx_word' id='word_1_108' title='bbox 1555 932 1778 982; x_wconf 86' lang='lat' dir='ltr'>ducebant,</span> 
     </span>
     <span class='ocr_line' id='line_1_14' title="bbox 398 989 543 1031; baseline 0.007 -2"><span class='ocrx_word' id='word_1_109' title='bbox 398 989 543 1031; x_wconf 78' lang='lat' dir='ltr'>fultor.</span> 
     </span>
    </p>

    <p class='ocr_par' dir='ltr' id='par_1_5' title="bbox 181 1046 1781 1222">
     <span class='ocr_line' id='line_1_15' title="bbox 258 1046 1780 1113; baseline 0.001 -26"><span class='ocrx_word' id='word_1_110' title='bbox 258 1052 296 1088; x_wconf 88' lang='lat'>8.</span> <span class='ocrx_word' id='word_1_111' title='bbox 456 1047 600 1088; x_wconf 86' lang='lat' dir='ltr'>Rebus</span> <span class='ocrx_word' id='word_1_112' title='bbox 627 1047 778 1089; x_wconf 90' lang='lat' dir='ltr'>divinis</span> <span class='ocrx_word' id='word_1_113' title='bbox 813 1048 891 1089; x_wconf 88' lang='lat' dir='ltr'>rite</span> <span class='ocrx_word' id='word_1_114' title='bbox 923 1049 1182 1113; x_wconf 81' lang='lat' dir='ltr'>perpetratis,</span> <span class='ocrx_word' id='word_1_115' title='bbox 1215 1057 1443 1104; x_wconf 89' lang='lat' dir='ltr'>vocataque</span> <span class='ocrx_word' id='word_1_116' title='bbox 1471 1048 1524 1089; x_wconf 91' lang='lat' dir='ltr'>ad</span> <span class='ocrx_word' id='word_1_117' title='bbox 1556 1046 1780 1089; x_wconf 88' lang='lat' dir='ltr'>concilium</span> 
     </span>
     <span class='ocr_line' id='line_1_16' title="bbox 182 1104 1781 1163; baseline 0.001 -19"><span class='ocrx_word' id='word_1_118' title='bbox 182 1106 371 1145; x_wconf 83' lang='lat' dir='ltr'>Rempubli</span> <span class='ocrx_word' id='word_1_119' title='bbox 398 1104 682 1155; x_wconf 88' lang='lat' dir='ltr'>multitudine,</span> <span class='ocrx_word' id='word_1_120' title='bbox 705 1121 811 1161; x_wconf 88' lang='lat' dir='ltr'>quae</span> <span class='ocrx_word' id='word_1_121' title='bbox 839 1106 1066 1147; x_wconf 85' lang='lat' dir='ltr'>coalescere</span> <span class='ocrx_word' id='word_1_122' title='bbox 1095 1121 1139 1146; x_wconf 92' lang='lat' dir='ltr'>1n</span> <span class='ocrx_word' id='word_1_123' title='bbox 1169 1106 1314 1162; x_wconf 90' lang='lat' dir='ltr'>populi</span> <span class='ocrx_word' id='word_1_124' title='bbox 1341 1107 1464 1147; x_wconf 91' lang='lat' dir='ltr'>unius</span> <span class='ocrx_word' id='word_1_125' title='bbox 1490 1120 1639 1163; x_wconf 88' lang='lat' dir='ltr'>corpus</span> <span class='ocrx_word' id='word_1_126' title='bbox 1665 1104 1781 1146; x_wconf 90' lang='lat' dir='ltr'>nulla</span> 
     </span>
     <span class='ocr_line' id='line_1_17' title="bbox 181 1149 1781 1223; baseline 0.001 -21"><span class='ocrx_word' id='word_1_127' title='bbox 181 1149 385 1223; x_wconf 49' lang='lat' dir='ltr'>{fflffiffigat</span> <span class='ocrx_word' id='word_1_128' title='bbox 397 1177 454 1211; x_wconf 89' lang='lat' dir='ltr'>re,</span> <span class='ocrx_word' id='word_1_129' title='bbox 491 1171 785 1218; x_wconf 78' lang='lat' dir='ltr'>piaeterquam</span> <span class='ocrx_word' id='word_1_130' title='bbox 824 1162 999 1218; x_wconf 89' lang='lat' dir='ltr'>legibus,</span> <span class='ocrx_word' id='word_1_131' title='bbox 1033 1171 1209 1219; x_wconf 89' lang='lat' dir='ltr'>poterat,</span> <span class='ocrx_word' id='word_1_132' title='bbox 1251 1178 1342 1204; x_wconf 81' lang='lat' dir='ltr'>lura</span> <span class='ocrx_word' id='word_1_133' title='bbox 1385 1163 1524 1204; x_wconf 86' lang='lat' dir='ltr'>dedit:</span> <span class='ocrx_word' id='word_1_134' title='bbox 1575 1178 1681 1219; x_wconf 92' lang='lat' dir='ltr'>quae</span> <span class='ocrx_word' id='word_1_135' title='bbox 1721 1162 1781 1203; x_wconf 91' lang='lat' dir='ltr'>ita</span> 
     </span>
    </p>

    <p class='ocr_par' dir='ltr' id='par_1_6' title="bbox 180 1220 1814 2255">
     <span class='ocr_line' id='line_1_18' title="bbox 396 1220 1781 1285; baseline 0.001 -25"><span class='ocrx_word' id='word_1_136' title='bbox 396 1228 538 1260; x_wconf 87' lang='lat' dir='ltr'>sancta</span> <span class='ocrx_word' id='word_1_137' title='bbox 556 1221 700 1285; x_wconf 83' lang='lat' dir='ltr'>generi</span> <span class='ocrx_word' id='word_1_138' title='bbox 721 1220 941 1261; x_wconf 92' lang='lat' dir='ltr'>hominum</span> <span class='ocrx_word' id='word_1_139' title='bbox 960 1220 1112 1285; x_wconf 75' lang='lat' dir='ltr'>agresti</span> <span class='ocrx_word' id='word_1_140' title='bbox 1132 1220 1219 1261; x_wconf 89' lang='lat' dir='ltr'>fore</span> <span class='ocrx_word' id='word_1_141' title='bbox 1240 1229 1365 1270; x_wconf 90' lang='lat' dir='ltr'>ratus,</span> <span class='ocrx_word' id='word_1_142' title='bbox 1387 1220 1421 1261; x_wconf 88' lang='lat' dir='ltr'>si</span> <span class='ocrx_word' id='word_1_143' title='bbox 1441 1235 1483 1261; x_wconf 89' lang='lat' dir='ltr'>se</span> <span class='ocrx_word' id='word_1_144' title='bbox 1505 1220 1592 1276; x_wconf 90' lang='lat' dir='ltr'>ipse</span> <span class='ocrx_word' id='word_1_145' title='bbox 1609 1235 1781 1261; x_wconf 87' lang='lat' dir='ltr'>venera-</span> 
     </span>
     <span class='ocr_line' id='line_1_19' title="bbox 396 1276 1779 1334; baseline 0.001 -17"><span class='ocrx_word' id='word_1_146' title='bbox 396 1276 523 1318; x_wconf 89' lang='lat' dir='ltr'>bilem</span> <span class='ocrx_word' id='word_1_147' title='bbox 555 1277 788 1334; x_wconf 83' lang='lat' dir='ltr'>insignibus</span> <span class='ocrx_word' id='word_1_148' title='bbox 822 1278 987 1334; x_wconf 90' lang='lat' dir='ltr'>imperii</span> <span class='ocrx_word' id='word_1_149' title='bbox 1017 1277 1193 1327; x_wconf 88' lang='lat' dir='ltr'>fecisset,</span> <span class='ocrx_word' id='word_1_150' title='bbox 1227 1293 1358 1334; x_wconf 91' lang='lat' dir='ltr'>quum</span> <span class='ocrx_word' id='word_1_151' title='bbox 1388 1286 1527 1319; x_wconf 91' lang='lat' dir='ltr'>cetero</span> <span class='ocrx_word' id='word_1_152' title='bbox 1561 1277 1708 1319; x_wconf 85' lang='lat' dir='ltr'>habitu</span> <span class='ocrx_word' id='word_1_153' title='bbox 1736 1292 1779 1318; x_wconf 87' lang='lat' dir='ltr'>se</span> 
     </span>
     <span class='ocr_line' id='line_1_20' title="bbox 397 1309 1813 1391; baseline 0.003 -16"><span class='ocrx_word' id='word_1_154' title='bbox 397 1335 691 1391; x_wconf 81' lang='lat' dir='ltr'>augustiorem,</span> <span class='ocrx_word' id='word_1_155' title='bbox 730 1343 820 1376; x_wconf 90' lang='lat' dir='ltr'>tum</span> <span class='ocrx_word' id='word_1_156' title='bbox 857 1335 1037 1377; x_wconf 85' lang='lat' dir='ltr'>maxime</span> <span class='ocrx_word' id='word_1_157' title='bbox 1076 1309 1290 1377; x_wconf 90' lang='lat' dir='ltr'>lictoribus</span> <span class='ocrx_word' id='word_1_158' title='bbox 1326 1335 1550 1376; x_wconf 92' lang='lat' dir='ltr'>duodecim</span> <span class='ocrx_word' id='word_1_159' title='bbox 1591 1335 1779 1391; x_wconf 89' lang='lat' dir='ltr'>sumptis,</span> <span class='ocrx_word' id='word_1_160' title='bbox 1795 1345 1813 1379; x_wconf 87' lang='grc'><strong><em>7</em></strong></span> 
     </span>
     <span class='ocr_line' id='line_1_21' title="bbox 396 1392 1783 1449; baseline 0 -16"><span class='ocrx_word' id='word_1_161' title='bbox 396 1393 506 1433; x_wconf 83' lang='lat' dir='ltr'>fecit.</span> <span class='ocrx_word' id='word_1_162' title='bbox 569 1392 659 1433; x_wconf 90' lang='lat' dir='ltr'>Alii</span> <span class='ocrx_word' id='word_1_163' title='bbox 689 1393 740 1434; x_wconf 88' lang='lat' dir='ltr'>ab</span> <span class='ocrx_word' id='word_1_164' title='bbox 771 1408 945 1434; x_wconf 91' lang='lat' dir='ltr'>numero</span> <span class='ocrx_word' id='word_1_165' title='bbox 970 1393 1121 1442; x_wconf 88' lang='lat' dir='ltr'>avium,</span> <span class='ocrx_word' id='word_1_166' title='bbox 1144 1408 1250 1449; x_wconf 90' lang='lat' dir='ltr'>quae</span> <span class='ocrx_word' id='word_1_167' title='bbox 1282 1392 1455 1449; x_wconf 88' lang='lat' dir='ltr'>augurio</span> <span class='ocrx_word' id='word_1_168' title='bbox 1481 1407 1660 1449; x_wconf 87' lang='lat' dir='ltr'>regnum</span> <span class='ocrx_word' id='word_1_169' title='bbox 1685 1407 1783 1448; x_wconf 89' lang='lat' dir='ltr'>por-</span> 
     </span>
     <span class='ocr_line' id='line_1_22' title="bbox 397 1449 1783 1506; baseline 0.001 -16"><span class='ocrx_word' id='word_1_170' title='bbox 397 1449 630 1500; x_wconf 90' lang='lat' dir='ltr'>tenderant,</span> <span class='ocrx_word' id='word_1_171' title='bbox 672 1465 768 1491; x_wconf 92' lang='lat' dir='ltr'>eum</span> <span class='ocrx_word' id='word_1_172' title='bbox 808 1459 996 1492; x_wconf 88' lang='lat' dir='ltr'>secutum</span> <span class='ocrx_word' id='word_1_173' title='bbox 1043 1465 1265 1501; x_wconf 87' lang='lat' dir='ltr'>numerum</span> <span class='ocrx_word' id='word_1_174' title='bbox 1311 1458 1471 1506; x_wconf 89' lang='lat' dir='ltr'>putant.</span> <span class='ocrx_word' id='word_1_175' title='bbox 1553 1450 1629 1492; x_wconf 92' lang='lat' dir='ltr'>Me</span> <span class='ocrx_word' id='word_1_176' title='bbox 1668 1449 1783 1491; x_wconf 87' lang='lat' dir='ltr'>haud</span> 
     </span>
     <span class='ocr_line' id='line_1_23' title="bbox 397 1507 1813 1564; baseline -0.001 -16"><span class='ocrx_word' id='word_1_177' title='bbox 397 1507 587 1563; x_wconf 89' lang='lat' dir='ltr'>poenitet</span> <span class='ocrx_word' id='word_1_178' title='bbox 622 1523 766 1549; x_wconf 87' lang='lat' dir='ltr'>eorum</span> <span class='ocrx_word' id='word_1_179' title='bbox 801 1508 1031 1549; x_wconf 87' lang='lat' dir='ltr'>sententiae</span> <span class='ocrx_word' id='word_1_180' title='bbox 1065 1523 1166 1557; x_wconf 90' lang='lat' dir='ltr'>esse,</span> <span class='ocrx_word' id='word_1_181' title='bbox 1196 1507 1347 1563; x_wconf 91' lang='lat' dir='ltr'>quibus</span> <span class='ocrx_word' id='word_1_182' title='bbox 1376 1516 1419 1548; x_wconf 91' lang='lat' dir='ltr'>et</span> <span class='ocrx_word' id='word_1_183' title='bbox 1451 1507 1705 1564; x_wconf 88' lang='lat' dir='ltr'>apparitores</span> <span class='ocrx_word' id='word_1_184' title='bbox 1739 1515 1813 1549; x_wconf 90' lang='lat' dir='ltr'>et8</span> 
     </span>
     <span class='ocr_line' id='line_1_24' title="bbox 398 1565 1814 1621; baseline 0 -15"><span class='ocrx_word' id='word_1_185' title='bbox 398 1565 478 1606; x_wconf 92' lang='lat' dir='ltr'>hoc</span> <span class='ocrx_word' id='word_1_186' title='bbox 505 1579 637 1621; x_wconf 88' lang='lat' dir='ltr'>genus</span> <span class='ocrx_word' id='word_1_187' title='bbox 669 1566 720 1606; x_wconf 90' lang='lat' dir='ltr'>ab</span> <span class='ocrx_word' id='word_1_188' title='bbox 753 1565 938 1606; x_wconf 89' lang='lat' dir='ltr'>Etruscis</span> <span class='ocrx_word' id='word_1_189' title='bbox 970 1565 1171 1615; x_wconf 84' lang='lat' dir='ltr'>finitimis,</span> <span class='ocrx_word' id='word_1_190' title='bbox 1200 1565 1312 1606; x_wconf 93' lang='lat' dir='ltr'>unde</span> <span class='ocrx_word' id='word_1_191' title='bbox 1345 1565 1446 1606; x_wconf 91' lang='lat' dir='ltr'>sella</span> <span class='ocrx_word' id='word_1_192' title='bbox 1472 1565 1639 1615; x_wconf 88' lang='lat' dir='ltr'>curulis,</span> <span class='ocrx_word' id='word_1_193' title='bbox 1667 1565 1814 1610; x_wconf 90' lang='lat' dir='ltr'>unde9</span> 
     </span>
     <span class='ocr_line' id='line_1_25' title="bbox 398 1621 1809 1679; baseline 0 -16"><span class='ocrx_word' id='word_1_194' title='bbox 398 1632 494 1679; x_wconf 88' lang='lat' dir='ltr'>toga</span> <span class='ocrx_word' id='word_1_195' title='bbox 520 1631 738 1679; x_wconf 84' lang='lat' dir='ltr'>praetexta</span> <span class='ocrx_word' id='word_1_196' title='bbox 767 1632 931 1679; x_wconf 88' lang='lat' dir='ltr'>sumpta</span> <span class='ocrx_word' id='word_1_197' title='bbox 966 1631 1040 1672; x_wconf 90' lang='lat' dir='ltr'>est,</span> <span class='ocrx_word' id='word_1_198' title='bbox 1069 1637 1291 1664; x_wconf 91' lang='lat' dir='ltr'>numerum</span> <span class='ocrx_word' id='word_1_199' title='bbox 1319 1638 1488 1678; x_wconf 90' lang='lat' dir='ltr'>quoque</span> <span class='ocrx_word' id='word_1_200' title='bbox 1515 1623 1652 1679; x_wconf 89' lang='lat' dir='ltr'>ipsum</span> <span class='ocrx_word' id='word_1_201' title='bbox 1679 1621 1809 1663; x_wconf 88' lang='lat' dir='ltr'>duc-1</span> 
     </span>
     <span class='ocr_line' id='line_1_26' title="bbox 398 1680 1811 1736; baseline -0.001 -15"><span class='ocrx_word' id='word_1_202' title='bbox 398 1690 488 1721; x_wconf 90' lang='lat' dir='ltr'>tum</span> <span class='ocrx_word' id='word_1_203' title='bbox 517 1680 676 1736; x_wconf 87' lang='lat' dir='ltr'>placet:</span> <span class='ocrx_word' id='word_1_204' title='bbox 712 1690 754 1722; x_wconf 90' lang='lat' dir='ltr'>et</span> <span class='ocrx_word' id='word_1_205' title='bbox 780 1681 839 1722; x_wconf 90' lang='lat' dir='ltr'>ita</span> <span class='ocrx_word' id='word_1_206' title='bbox 865 1681 1057 1722; x_wconf 88' lang='lat' dir='ltr'>habuisse</span> <span class='ocrx_word' id='word_1_207' title='bbox 1080 1680 1290 1730; x_wconf 88' lang='lat' dir='ltr'>Etruscos,</span> <span class='ocrx_word' id='word_1_208' title='bbox 1319 1680 1447 1736; x_wconf 90' lang='lat' dir='ltr'>quod,</span> <span class='ocrx_word' id='word_1_209' title='bbox 1473 1695 1526 1721; x_wconf 88' lang='lat' dir='ltr'>ex</span> <span class='ocrx_word' id='word_1_210' title='bbox 1557 1680 1811 1721; x_wconf 80' lang='lat' dir='ltr'>duodecim2</span> 
     </span>
     <span class='ocr_line' id='line_1_27' title="bbox 183 1737 1782 1803; baseline -0.001 -24"><span class='ocrx_word' id='word_1_211' title='bbox 183 1742 305 1772; x_wconf 67' lang='lat' dir='ltr'>Umem</span> <span class='ocrx_word' id='word_1_212' title='bbox 321 1753 376 1773; x_wconf 84' lang='lat' dir='ltr'>au-</span> <span class='ocrx_word' id='word_1_213' title='bbox 396 1738 562 1794; x_wconf 90' lang='lat' dir='ltr'>populis</span> <span class='ocrx_word' id='word_1_214' title='bbox 605 1738 883 1779; x_wconf 90' lang='lat' dir='ltr'>communiter</span> <span class='ocrx_word' id='word_1_215' title='bbox 929 1747 1067 1779; x_wconf 87' lang='lat' dir='ltr'>creato</span> <span class='ocrx_word' id='word_1_216' title='bbox 1113 1752 1224 1793; x_wconf 86' lang='lat' dir='ltr'>rege,</span> <span class='ocrx_word' id='word_1_217' title='bbox 1268 1737 1451 1794; x_wconf 86' lang='lat' dir='ltr'>singulos</span> <span class='ocrx_word' id='word_1_218' title='bbox 1502 1737 1656 1795; x_wconf 83' lang='lat' dir='ltr'>singuli</span> <span class='ocrx_word' id='word_1_219' title='bbox 1705 1753 1782 1803; x_wconf 90' lang='lat' dir='ltr'>po-</span> 
     </span>
     <span class='ocr_line' id='line_1_28' title="bbox 180 1789 1783 1851; baseline 0 -15"><span class='ocrx_word' id='word_1_220' title='bbox 180 1789 243 1823; x_wconf 83' lang='lat' dir='ltr'>get.</span> <span class='ocrx_word' id='word_1_221' title='bbox 396 1796 484 1851; x_wconf 91' lang='lat' dir='ltr'>puli</span> <span class='ocrx_word' id='word_1_222' title='bbox 524 1795 688 1837; x_wconf 89' lang='lat' dir='ltr'>lictores</span> <span class='ocrx_word' id='word_1_223' title='bbox 719 1795 923 1837; x_wconf 88' lang='lat' dir='ltr'>dederint.</span> <span class='ocrx_word' id='word_1_224' title='bbox 1008 1794 1234 1836; x_wconf 86' lang='lat' dir='ltr'>Crescebat</span> <span class='ocrx_word' id='word_1_225' title='bbox 1274 1795 1444 1836; x_wconf 90' lang='lat' dir='ltr'>interim</span> <span class='ocrx_word' id='word_1_226' title='bbox 1487 1796 1598 1846; x_wconf 88' lang='lat' dir='ltr'>urbs,</span> <span class='ocrx_word' id='word_1_227' title='bbox 1643 1795 1783 1837; x_wconf 92' lang='lat' dir='ltr'>muni-</span> 
     </span>
     <span class='ocr_line' id='line_1_29' title="bbox 398 1853 1781 1910; baseline 0 -16"><span class='ocrx_word' id='word_1_228' title='bbox 398 1854 581 1894; x_wconf 91' lang='lat' dir='ltr'>tionibus</span> <span class='ocrx_word' id='word_1_229' title='bbox 622 1853 702 1894; x_wconf 86' lang='lat' dir='ltr'>alia</span> <span class='ocrx_word' id='word_1_230' title='bbox 733 1862 859 1910; x_wconf 88' lang='lat' dir='ltr'>atque</span> <span class='ocrx_word' id='word_1_231' title='bbox 895 1853 974 1894; x_wconf 89' lang='lat' dir='ltr'>alia</span> <span class='ocrx_word' id='word_1_232' title='bbox 1006 1853 1243 1909; x_wconf 87' lang='lat' dir='ltr'>appetendo</span> <span class='ocrx_word' id='word_1_233' title='bbox 1275 1853 1378 1903; x_wconf 89' lang='lat' dir='ltr'>loca,</span> <span class='ocrx_word' id='word_1_234' title='bbox 1413 1868 1544 1909; x_wconf 90' lang='lat' dir='ltr'>quum</span> <span class='ocrx_word' id='word_1_235' title='bbox 1584 1853 1627 1894; x_wconf 92' lang='lat' dir='ltr'>in</span> <span class='ocrx_word' id='word_1_236' title='bbox 1664 1867 1781 1910; x_wconf 90' lang='lat' dir='ltr'>spem</span> 
     </span>
     <span class='ocr_line' id='line_1_30' title="bbox 397 1910 1784 1967; baseline 0 -16"><span class='ocrx_word' id='word_1_237' title='bbox 397 1911 527 1967; x_wconf 86' lang='lat' dir='ltr'>magis</span> <span class='ocrx_word' id='word_1_238' title='bbox 556 1911 719 1952; x_wconf 87' lang='lat' dir='ltr'>futurae</span> <span class='ocrx_word' id='word_1_239' title='bbox 751 1911 1043 1960; x_wconf 80' lang='lat' dir='ltr'>multitudinis,</span> <span class='ocrx_word' id='word_1_240' title='bbox 1067 1926 1193 1966; x_wconf 91' lang='lat' dir='ltr'>quam</span> <span class='ocrx_word' id='word_1_241' title='bbox 1224 1910 1277 1951; x_wconf 88' lang='lat' dir='ltr'>ad</span> <span class='ocrx_word' id='word_1_242' title='bbox 1304 1910 1361 1960; x_wconf 91' lang='lat' dir='ltr'>id,</span> <span class='ocrx_word' id='word_1_243' title='bbox 1388 1910 1503 1967; x_wconf 91' lang='lat' dir='ltr'>quod</span> <span class='ocrx_word' id='word_1_244' title='bbox 1530 1919 1620 1952; x_wconf 92' lang='lat' dir='ltr'>tum</span> <span class='ocrx_word' id='word_1_245' title='bbox 1646 1910 1784 1952; x_wconf 93' lang='lat' dir='ltr'>homi-</span> 
     </span>
     <span class='ocr_line' id='line_1_31' title="bbox 396 1967 1782 2024; baseline 0 -15"><span class='ocrx_word' id='word_1_246' title='bbox 396 1984 498 2009; x_wconf 91' lang='lat' dir='ltr'>num</span> <span class='ocrx_word' id='word_1_247' title='bbox 529 1977 629 2018; x_wconf 88' lang='lat' dir='ltr'>erat,</span> <span class='ocrx_word' id='word_1_248' title='bbox 666 1969 891 2010; x_wconf 89' lang='lat' dir='ltr'>munirent.</span> <span class='ocrx_word' id='word_1_249' title='bbox 953 1968 1136 2018; x_wconf 87' lang='lat' dir='ltr'>Deinde,</span> <span class='ocrx_word' id='word_1_250' title='bbox 1168 1983 1221 2009; x_wconf 93' lang='lat' dir='ltr'>ne</span> <span class='ocrx_word' id='word_1_251' title='bbox 1251 1983 1358 2009; x_wconf 87' lang='lat' dir='ltr'>vana</span> <span class='ocrx_word' id='word_1_252' title='bbox 1389 1968 1502 2009; x_wconf 89' lang='lat' dir='ltr'>urbis</span> <span class='ocrx_word' id='word_1_253' title='bbox 1536 1967 1782 2024; x_wconf 87' lang='lat' dir='ltr'>magnitudo</span> 
     </span>
     <span class='ocr_line' id='line_1_32' title="bbox 396 2025 1783 2076; baseline -0.001 -9"><span class='ocrx_word' id='word_1_254' title='bbox 396 2034 516 2076; x_wconf 88' lang='lat' dir='ltr'>esset,</span> <span class='ocrx_word' id='word_1_255' title='bbox 534 2026 778 2067; x_wconf 84' lang='lat' dir='ltr'>alliciendae</span> <span class='ocrx_word' id='word_1_256' title='bbox 801 2026 1080 2067; x_wconf 87' lang='lat' dir='ltr'>multitudinis</span> <span class='ocrx_word' id='word_1_257' title='bbox 1101 2041 1235 2075; x_wconf 89' lang='lat' dir='ltr'>causa,</span> <span class='ocrx_word' id='word_1_258' title='bbox 1252 2033 1391 2067; x_wconf 89' lang='lat' dir='ltr'>vetere</span> <span class='ocrx_word' id='word_1_259' title='bbox 1409 2025 1581 2067; x_wconf 90' lang='lat' dir='ltr'>consilio</span> <span class='ocrx_word' id='word_1_260' title='bbox 1597 2025 1783 2067; x_wconf 90' lang='lat' dir='ltr'>conden-</span> 
     </span>
     <span class='ocr_line' id='line_1_33' title="bbox 397 2083 1781 2140; baseline 0 -16"><span class='ocrx_word' id='word_1_261' title='bbox 397 2084 502 2124; x_wconf 93' lang='lat' dir='ltr'>tium</span> <span class='ocrx_word' id='word_1_262' title='bbox 523 2085 658 2133; x_wconf 90' lang='lat' dir='ltr'>urbes,</span> <span class='ocrx_word' id='word_1_263' title='bbox 688 2084 773 2140; x_wconf 90' lang='lat' dir='ltr'>qui,</span> <span class='ocrx_word' id='word_1_264' title='bbox 797 2085 1013 2125; x_wconf 85' lang='lat' dir='ltr'>obscuram</span> <span class='ocrx_word' id='word_1_265' title='bbox 1041 2092 1166 2139; x_wconf 88' lang='lat' dir='ltr'>atque</span> <span class='ocrx_word' id='word_1_266' title='bbox 1188 2083 1391 2124; x_wconf 90' lang='lat' dir='ltr'>humilem</span> <span class='ocrx_word' id='word_1_267' title='bbox 1412 2083 1643 2125; x_wconf 88' lang='lat' dir='ltr'>conciendo</span> <span class='ocrx_word' id='word_1_268' title='bbox 1664 2083 1717 2124; x_wconf 88' lang='lat' dir='ltr'>ad</span> <span class='ocrx_word' id='word_1_269' title='bbox 1738 2098 1781 2124; x_wconf 90' lang='lat' dir='ltr'>se</span> 
     </span>
     <span class='ocr_line' id='line_1_34' title="bbox 396 2141 1779 2197; baseline 0 -15"><span class='ocrx_word' id='word_1_270' title='bbox 396 2141 721 2191; x_wconf 88' lang='lat' dir='ltr'>multitudinem,</span> <span class='ocrx_word' id='word_1_271' title='bbox 752 2150 893 2182; x_wconf 86' lang='lat' dir='ltr'>natam</span> <span class='ocrx_word' id='word_1_272' title='bbox 921 2157 943 2182; x_wconf 92' lang='grc'>0</span> <span class='ocrx_word' id='word_1_273' title='bbox 980 2150 1088 2182; x_wconf 88' lang='lat' dir='ltr'>terra</span> <span class='ocrx_word' id='word_1_274' title='bbox 1116 2141 1194 2182; x_wconf 89' lang='lat' dir='ltr'>sibi</span> <span class='ocrx_word' id='word_1_275' title='bbox 1229 2141 1389 2197; x_wconf 88' lang='lat' dir='ltr'>prolem</span> <span class='ocrx_word' id='word_1_276' title='bbox 1425 2141 1779 2191; x_wconf 82' lang='lat' dir='ltr'>ementiebantur3</span> 
     </span>
     <span class='ocr_line' id='line_1_35' title="bbox 396 2198 1812 2255; baseline 0 -16"><span class='ocrx_word' id='word_1_277' title='bbox 396 2198 547 2249; x_wconf 89' lang='lat' dir='ltr'>locum,</span> <span class='ocrx_word' id='word_1_278' title='bbox 576 2199 649 2255; x_wconf 91' lang='lat' dir='ltr'>qui</span> <span class='ocrx_word' id='word_1_279' title='bbox 682 2215 794 2240; x_wconf 90' lang='lat' dir='ltr'>nunc</span> <span class='ocrx_word' id='word_1_280' title='bbox 827 2208 993 2255; x_wconf 89' lang='lat' dir='ltr'>saeptus</span> <span class='ocrx_word' id='word_1_281' title='bbox 1020 2199 1373 2240; x_wconf 89' lang='lat' dir='ltr'>descendentibus</span> <span class='ocrx_word' id='word_1_282' title='bbox 1397 2199 1507 2240; x_wconf 88' lang='lat' dir='ltr'>inter</span> <span class='ocrx_word' id='word_1_283' title='bbox 1533 2198 1638 2240; x_wconf 90' lang='lat' dir='ltr'>duos</span> <span class='ocrx_word' id='word_1_284' title='bbox 1665 2198 1812 2240; x_wconf 78' lang='grc'><strong>1110053</strong></span> 
     </span>
    </p>
   </div>
   <div class='ocr_carea' id='block_1_3' title="bbox 398 2289 1783 2415">
    <p class='ocr_par' dir='ltr' id='par_1_7' title="bbox 398 2289 1783 2415">
     <span class='ocr_line' id='line_1_36' title="bbox 438 2289 1782 2331; baseline -0.001 -10"><span class='ocrx_word' id='word_1_285' title='bbox 438 2290 457 2321; x_wconf 90' lang='grc'><strong>6</strong></span> <span class='ocrx_word' id='word_1_286' title='bbox 479 2292 605 2329; x_wconf 81' lang='lat' dir='ltr'>Donec]</span> <span class='ocrx_word' id='word_1_287' title='bbox 633 2291 708 2322; x_wconf 92' lang='lat' dir='ltr'>Vid.</span> <span class='ocrx_word' id='word_1_288' title='bbox 725 2290 795 2322; x_wconf 84' lang='lat' dir='ltr'>infr.</span> <span class='ocrx_word' id='word_1_289' title='bbox 811 2290 854 2321; x_wconf 85' lang='lat' dir='ltr'>ix.</span> <span class='ocrx_word' id='word_1_290' title='bbox 871 2300 922 2331; x_wconf 76' lang='lat'>29,</span> <span class='ocrx_word' id='word_1_291' title='bbox 937 2294 969 2321; x_wconf 90' lang='lat' dir='ltr'>et</span> <span class='ocrx_word' id='word_1_292' title='bbox 985 2301 1066 2330; x_wconf 89' lang='lat' dir='ltr'>quae</span> <span class='ocrx_word' id='word_1_293' title='bbox 1111 2290 1256 2320; x_wconf 87' lang='lat' dir='ltr'>Gellium</span> <span class='ocrx_word' id='word_1_294' title='bbox 1269 2289 1312 2320; x_wconf 90' lang='lat' dir='ltr'>iii.</span> <span class='ocrx_word' id='word_1_295' title='bbox 1329 2290 1375 2320; x_wconf 91' lang='lat'>18.</span> <span class='ocrx_word' id='word_1_296' title='bbox 1391 2300 1411 2320; x_wconf 83' lang='lat' dir='ltr'>a</span> <span class='ocrx_word' id='word_1_297' title='bbox 1425 2300 1526 2320; x_wconf 81' lang='lat' dir='ltr'>curru</span> <span class='ocrx_word' id='word_1_298' title='bbox 1539 2302 1549 2320; x_wconf 92' lang='lat'><em>:</em></span> <span class='ocrx_word' id='word_1_299' title='bbox 1575 2289 1650 2329; x_wconf 89' lang='lat' dir='ltr'>quia</span> <span class='ocrx_word' id='word_1_300' title='bbox 1664 2300 1782 2330; x_wconf 87' lang='lat' dir='ltr'>nempe</span> 
     </span>
     <span class='ocr_line' id='line_1_37' title="bbox 398 2332 1783 2372; baseline -0.001 -8"><span class='ocrx_word' id='word_1_301' title='bbox 398 2333 532 2364; x_wconf 82' lang='lat' dir='ltr'>Niebhr.</span> <span class='ocrx_word' id='word_1_302' title='bbox 550 2334 589 2364; x_wconf 88' lang='lat' dir='ltr'>de</span> <span class='ocrx_word' id='word_1_303' title='bbox 605 2334 665 2364; x_wconf 85' lang='lat' dir='ltr'>hac</span> <span class='ocrx_word' id='word_1_304' title='bbox 681 2344 714 2364; x_wconf 89' lang='lat' dir='ltr'>re</span> <span class='ocrx_word' id='word_1_305' title='bbox 730 2333 866 2364; x_wconf 88' lang='lat' dir='ltr'>coniecit</span> <span class='ocrx_word' id='word_1_306' title='bbox 881 2333 900 2363; x_wconf 90' lang='lat' dir='ltr'>i.</span> <span class='ocrx_word' id='word_1_307' title='bbox 918 2344 948 2372; x_wconf 88' lang='lat' dir='ltr'>p.</span> <span class='ocrx_word' id='word_1_308' title='bbox 966 2334 1015 2372; x_wconf 86' lang='lat'>87.</span> <span class='ocrx_word' id='word_1_309' title='bbox 1110 2332 1132 2362; x_wconf 85' lang='lat' dir='ltr'>ii</span> <span class='ocrx_word' id='word_1_310' title='bbox 1145 2333 1260 2371; x_wconf 87' lang='lat' dir='ltr'>quibus</span> <span class='ocrx_word' id='word_1_311' title='bbox 1274 2332 1331 2362; x_wconf 85' lang='lat' dir='ltr'>illa</span> <span class='ocrx_word' id='word_1_312' title='bbox 1346 2332 1457 2362; x_wconf 86' lang='lat' dir='ltr'>utendi</span> <span class='ocrx_word' id='word_1_313' title='bbox 1472 2332 1521 2362; x_wconf 88' lang='lat' dir='ltr'>ius</span> <span class='ocrx_word' id='word_1_314' title='bbox 1536 2336 1615 2368; x_wconf 85' lang='lat' dir='ltr'>erat,</span> <span class='ocrx_word' id='word_1_315' title='bbox 1626 2342 1697 2362; x_wconf 86' lang='lat' dir='ltr'>eam</span> <span class='ocrx_word' id='word_1_316' title='bbox 1714 2343 1783 2363; x_wconf 89' lang='lat' dir='ltr'>cur-</span> 
     </span>
     <span class='ocr_line' id='line_1_38' title="bbox 443 2374 1781 2415; baseline -0.001 -8"><span class='ocrx_word' id='word_1_317' title='bbox 443 2384 459 2415; x_wconf 92' lang='lat'><strong>7</strong></span> <span class='ocrx_word' id='word_1_318' title='bbox 482 2378 674 2414; x_wconf 75' lang='lat' dir='ltr'>Lictoribus]</span> <span class='ocrx_word' id='word_1_319' title='bbox 709 2378 846 2407; x_wconf 80' lang='lat' dir='ltr'>Lictores</span> <span class='ocrx_word' id='word_1_320' title='bbox 870 2375 1068 2413; x_wconf 82' lang='lat' dir='ltr'>dicebantur,</span> <span class='ocrx_word' id='word_1_321' title='bbox 1111 2375 1159 2405; x_wconf 86' lang='lat' dir='ltr'>rui</span> <span class='ocrx_word' id='word_1_322' title='bbox 1189 2386 1252 2414; x_wconf 91' lang='lat' dir='ltr'>quo</span> <span class='ocrx_word' id='word_1_323' title='bbox 1283 2375 1479 2405; x_wconf 79' lang='lat' dir='ltr'>vehebantur</span> <span class='ocrx_word' id='word_1_324' title='bbox 1507 2374 1672 2414; x_wconf 88' lang='lat' dir='ltr'>imponere</span> <span class='ocrx_word' id='word_1_325' title='bbox 1701 2375 1781 2405; x_wconf 88' lang='lat' dir='ltr'>sole-</span> 
     </span>
    </p>
   </div>
   <div class='ocr_carea' id='block_1_4' title="bbox 393 2418 1068 3009">
    <p class='ocr_par' dir='ltr' id='par_1_8' title="bbox 393 2418 1067 2578">
     <span class='ocr_line' id='line_1_39' title="bbox 398 2418 1067 2457; baseline -0.003 -8"><span class='ocrx_word' id='word_1_326' title='bbox 398 2423 479 2449; x_wconf 81' lang='lat' dir='ltr'>teste</span> <span class='ocrx_word' id='word_1_327' title='bbox 496 2420 604 2456; x_wconf 80' lang='lat' dir='ltr'>Festo,</span> <span class='ocrx_word' id='word_1_328' title='bbox 622 2419 706 2457; x_wconf 90' lang='lat' dir='ltr'>quod</span> <span class='ocrx_word' id='word_1_329' title='bbox 729 2419 828 2449; x_wconf 73' lang='lat' dir='ltr'>fasces</span> <span class='ocrx_word' id='word_1_330' title='bbox 852 2418 1008 2457; x_wconf 80' lang='lat' dir='ltr'>virgarum</span> <span class='ocrx_word' id='word_1_331' title='bbox 1032 2419 1067 2448; x_wconf 81' lang='lat' dir='ltr'>li-</span> 
     </span>
     <span class='ocr_line' id='line_1_40' title="bbox 393 2461 1067 2501; baseline -0.001 -10"><span class='ocrx_word' id='word_1_332' title='bbox 393 2467 483 2501; x_wconf 71' lang='lat' dir='ltr'>ymos</span> <span class='ocrx_word' id='word_1_333' title='bbox 506 2462 726 2501; x_wconf 82' lang='lat' dir='ltr'>praeferebant</span> <span class='ocrx_word' id='word_1_334' title='bbox 748 2461 883 2500; x_wconf 79' lang='lat' dir='ltr'>regibus,</span> <span class='ocrx_word' id='word_1_335' title='bbox 898 2471 935 2490; x_wconf 85' lang='lat' dir='ltr'>ac</span> <span class='ocrx_word' id='word_1_336' title='bbox 951 2461 1067 2491; x_wconf 77' lang='lat' dir='ltr'>deinde</span> 
     </span>
     <span class='ocr_line' id='line_1_41' title="bbox 397 2503 1066 2543; baseline 0 -10"><span class='ocrx_word' id='word_1_337' title='bbox 397 2504 631 2543; x_wconf 80' lang='lat' dir='ltr'>magistratibus</span> <span class='ocrx_word' id='word_1_338' title='bbox 652 2504 690 2534; x_wconf 89' lang='lat' dir='ltr'>iis</span> <span class='ocrx_word' id='word_1_339' title='bbox 706 2504 759 2543; x_wconf 89' lang='lat' dir='ltr'>qui</span> <span class='ocrx_word' id='word_1_340' title='bbox 782 2503 951 2543; x_wconf 88' lang='lat' dir='ltr'>imperium</span> <span class='ocrx_word' id='word_1_341' title='bbox 971 2503 1066 2533; x_wconf 80' lang='lat' dir='ltr'>hube-</span> 
     </span>
     <span class='ocr_line' id='line_1_42' title="bbox 398 2548 612 2578; baseline 0.005 -2"><span class='ocrx_word' id='word_1_342' title='bbox 398 2548 483 2577; x_wconf 84' lang='lat' dir='ltr'>bant.</span> <span class='ocrx_word' id='word_1_343' title='bbox 508 2548 612 2578; x_wconf 81' lang='lat' dir='ltr'>CREV.</span> 
     </span>
    </p>

    <p class='ocr_par' dir='ltr' id='par_1_9' title="bbox 397 2587 1068 2924">
     <span class='ocr_line' id='line_1_43' title="bbox 440 2587 1066 2629; baseline -0.002 -10"><span class='ocrx_word' id='word_1_344' title='bbox 440 2590 458 2619; x_wconf 88' lang='lat'>8</span> <span class='ocrx_word' id='word_1_345' title='bbox 474 2591 518 2619; x_wconf 81' lang='lat' dir='ltr'>Et</span> <span class='ocrx_word' id='word_1_346' title='bbox 533 2591 743 2629; x_wconf 75' lang='lat' dir='ltr'>apparitores,</span> <span class='ocrx_word' id='word_1_347' title='bbox 759 2594 789 2620; x_wconf 78' lang='lat' dir='ltr'>et</span> <span class='ocrx_word' id='word_1_348' title='bbox 805 2589 861 2619; x_wconf 80' lang='lat' dir='ltr'>hoc</span> <span class='ocrx_word' id='word_1_349' title='bbox 874 2589 992 2628; x_wconf 68' lang='lat' dir='ltr'>glenus]</span> <span class='ocrx_word' id='word_1_350' title='bbox 1021 2587 1066 2618; x_wconf 79' lang='lat' dir='ltr'>Et</span> 
     </span>
     <span class='ocr_line' id='line_1_44' title="bbox 397 2631 1065 2671; baseline -0.001 -10"><span class='ocrx_word' id='word_1_351' title='bbox 397 2632 604 2670; x_wconf 81' lang='lat' dir='ltr'>apparitores,</span> <span class='ocrx_word' id='word_1_352' title='bbox 631 2636 662 2662; x_wconf 89' lang='lat' dir='ltr'>et</span> <span class='ocrx_word' id='word_1_353' title='bbox 686 2632 746 2662; x_wconf 88' lang='lat' dir='ltr'>hoc</span> <span class='ocrx_word' id='word_1_354' title='bbox 772 2631 989 2671; x_wconf 81' lang='lat' dir='ltr'>apparitorum</span> <span class='ocrx_word' id='word_1_355' title='bbox 1014 2641 1065 2670; x_wconf 89' lang='lat' dir='ltr'>ge-</span> 
     </span>
     <span class='ocr_line' id='line_1_45' title="bbox 399 2674 1068 2714; baseline 0 -11"><span class='ocrx_word' id='word_1_356' title='bbox 399 2683 468 2709; x_wconf 65' lang='lat' dir='ltr'>nua,</span> <span class='ocrx_word' id='word_1_357' title='bbox 504 2685 621 2714; x_wconf 86' lang='lat' dir='ltr'>nempe</span> <span class='ocrx_word' id='word_1_358' title='bbox 657 2674 792 2705; x_wconf 84' lang='lat' dir='ltr'>lictores.</span> <span class='ocrx_word' id='word_1_359' title='bbox 855 2675 1068 2713; x_wconf 77' lang='lat' dir='ltr'>Apparitores</span> 
     </span>
     <span class='ocr_line' id='line_1_46' title="bbox 400 2716 1067 2756; baseline 0.001 -12"><span class='ocrx_word' id='word_1_360' title='bbox 400 2717 560 2746; x_wconf 90' lang='lat' dir='ltr'>communi</span> <span class='ocrx_word' id='word_1_361' title='bbox 575 2718 729 2747; x_wconf 83' lang='lat' dir='ltr'>vocabulo</span> <span class='ocrx_word' id='word_1_362' title='bbox 744 2717 950 2756; x_wconf 85' lang='lat' dir='ltr'>appellantur</span> <span class='ocrx_word' id='word_1_363' title='bbox 964 2716 985 2745; x_wconf 93' lang='lat' dir='ltr'>ii</span> <span class='ocrx_word' id='word_1_364' title='bbox 1002 2725 1067 2745; x_wconf 87' lang='lat' dir='ltr'>om·</span> 
     </span>
     <span class='ocr_line' id='line_1_47' title="bbox 400 2758 1067 2799; baseline 0.003 -13"><span class='ocrx_word' id='word_1_365' title='bbox 400 2768 466 2793; x_wconf 70' lang='lat' dir='ltr'>nes,</span> <span class='ocrx_word' id='word_1_366' title='bbox 482 2758 533 2796; x_wconf 88' lang='lat' dir='ltr'>qui</span> <span class='ocrx_word' id='word_1_367' title='bbox 552 2764 675 2799; x_wconf 73' lang='lat' dir='ltr'>praesto</span> <span class='ocrx_word' id='word_1_368' title='bbox 691 2763 763 2789; x_wconf 88' lang='lat' dir='ltr'>sunt</span> <span class='ocrx_word' id='word_1_369' title='bbox 782 2758 923 2798; x_wconf 83' lang='lat' dir='ltr'>imperiis</span> <span class='ocrx_word' id='word_1_370' title='bbox 944 2769 999 2789; x_wconf 89' lang='lat' dir='ltr'>seu</span> <span class='ocrx_word' id='word_1_371' title='bbox 1022 2768 1067 2788; x_wconf 79' lang='lat' dir='ltr'>re-</span> 
     </span>
     <span class='ocr_line' id='line_1_48' title="bbox 398 2801 1067 2840; baseline 0.004 -12"><span class='ocrx_word' id='word_1_372' title='bbox 398 2810 485 2839; x_wconf 83' lang='lat' dir='ltr'>gum,</span> <span class='ocrx_word' id='word_1_373' title='bbox 512 2810 566 2829; x_wconf 73' lang='lat' dir='ltr'>seu</span> <span class='ocrx_word' id='word_1_374' title='bbox 596 2802 836 2840; x_wconf 75' lang='lat' dir='ltr'>magistratuum</span> <span class='ocrx_word' id='word_1_375' title='bbox 863 2801 1067 2840; x_wconf 79' lang='lat' dir='ltr'>exequendis.</span> 
     </span>
     <span class='ocr_line' id='line_1_49' title="bbox 403 2843 1067 2883; baseline 0.003 -12"><span class='ocrx_word' id='word_1_376' title='bbox 403 2844 537 2872; x_wconf 74' lang='lat' dir='ltr'>Lictores</span> <span class='ocrx_word' id='word_1_377' title='bbox 554 2852 650 2872; x_wconf 87' lang='lat' dir='ltr'>unum</span> <span class='ocrx_word' id='word_1_378' title='bbox 668 2845 828 2882; x_wconf 78' lang='lat' dir='ltr'>quoddam</span> <span class='ocrx_word' id='word_1_379' title='bbox 850 2843 1067 2883; x_wconf 83' lang='lat' dir='ltr'>apparitorum</span> 
     </span>
     <span class='ocr_line' id='line_1_50' title="bbox 399 2885 634 2924; baseline -0.004 -9"><span class='ocrx_word' id='word_1_380' title='bbox 399 2895 506 2924; x_wconf 75' lang='lat' dir='ltr'>genus.</span> <span class='ocrx_word' id='word_1_381' title='bbox 531 2885 634 2914; x_wconf 66' lang='lat' dir='ltr'>Cam.</span> 
     </span>
    </p>

    <p class='ocr_par' dir='ltr' id='par_1_10' title="bbox 401 2927 1068 3009">
     <span class='ocr_line' id='line_1_51' title="bbox 442 2927 1068 2967; baseline 0.006 -12"><span class='ocrx_word' id='word_1_382' title='bbox 442 2936 461 2967; x_wconf 89' lang='grc'>9</span> <span class='ocrx_word' id='word_1_383' title='bbox 483 2927 568 2956; x_wconf 74' lang='lat' dir='ltr'>Sella</span> <span class='ocrx_word' id='word_1_384' title='bbox 583 2928 722 2964; x_wconf 75' lang='lat' dir='ltr'>curulis]</span> <span class='ocrx_word' id='word_1_385' title='bbox 749 2928 802 2957; x_wconf 76' lang='lat' dir='ltr'>Ex</span> <span class='ocrx_word' id='word_1_386' title='bbox 820 2929 922 2959; x_wconf 70' lang='lat' dir='ltr'>ebore.</span> <span class='ocrx_word' id='word_1_387' title='bbox 961 2929 1068 2959; x_wconf 76' lang='lat' dir='ltr'>Sellae</span> 
     </span>
     <span class='ocr_line' id='line_1_52' title="bbox 401 2969 1066 3009; baseline 0.002 -9"><span class='ocrx_word' id='word_1_388' title='bbox 401 2969 518 3000; x_wconf 77' lang='lat' dir='ltr'>curulis</span> <span class='ocrx_word' id='word_1_389' title='bbox 539 2969 714 3008; x_wconf 77' lang='lat' dir='ltr'>appellatio</span> <span class='ocrx_word' id='word_1_390' title='bbox 730 2970 897 3000; x_wconf 81' lang='lat' dir='ltr'>deducitur</span> <span class='ocrx_word' id='word_1_391' title='bbox 919 2971 1005 3009; x_wconf 74' lang='lat' dir='ltr'>apud</span> <span class='ocrx_word' id='word_1_392' title='bbox 1028 2971 1066 3001; x_wconf 91' lang='lat' dir='ltr'>A.</span> 
     </span>
    </p>
   </div>
   <div class='ocr_carea' id='block_1_5' title="bbox 1108 2418 1782 3006">
    <p class='ocr_par' dir='ltr' id='par_1_11' title="bbox 1110 2418 1319 2448">
     <span class='ocr_line' id='line_1_53' title="bbox 1110 2418 1319 2448; baseline 0.005 -1"><span class='ocrx_word' id='word_1_393' title='bbox 1110 2421 1190 2448; x_wconf 84' lang='lat' dir='ltr'>rent.</span> <span class='ocrx_word' id='word_1_394' title='bbox 1214 2418 1319 2448; x_wconf 67' lang='lat' dir='ltr'>Cnssv.</span> 
     </span>
    </p>

    <p class='ocr_par' dir='ltr' id='par_1_12' title="bbox 1108 2459 1782 2840">
     <span class='ocr_line' id='line_1_54' title="bbox 1156 2459 1782 2499; baseline 0 -9"><span class='ocrx_word' id='word_1_395' title='bbox 1156 2470 1168 2489; x_wconf 93' lang='lat'>1</span> <span class='ocrx_word' id='word_1_396' title='bbox 1198 2461 1281 2499; x_wconf 75' lang='lat' dir='ltr'>Toya</span> <span class='ocrx_word' id='word_1_397' title='bbox 1304 2460 1489 2499; x_wconf 70' lang='lat' dir='ltr'>praetexta]</span> <span class='ocrx_word' id='word_1_398' title='bbox 1539 2461 1622 2499; x_wconf 68' lang='lat' dir='ltr'>Toya</span> <span class='ocrx_word' id='word_1_399' title='bbox 1653 2459 1782 2499; x_wconf 86' lang='lat' dir='ltr'>propria</span> 
     </span>
     <span class='ocr_line' id='line_1_55' title="bbox 1110 2502 1780 2538; baseline 0 -6"><span class='ocrx_word' id='word_1_400' title='bbox 1110 2502 1331 2533; x_wconf 85' lang='lat' dir='ltr'>Romanorum</span> <span class='ocrx_word' id='word_1_401' title='bbox 1348 2503 1454 2538; x_wconf 76' lang='lat' dir='ltr'>vestis,</span> <span class='ocrx_word' id='word_1_402' title='bbox 1468 2503 1542 2532; x_wconf 87' lang='lat' dir='ltr'>albo</span> <span class='ocrx_word' id='word_1_403' title='bbox 1559 2503 1673 2532; x_wconf 88' lang='lat' dir='ltr'>colore.</span> <span class='ocrx_word' id='word_1_404' title='bbox 1715 2502 1780 2533; x_wconf 85' lang='lat' dir='ltr'>Tu-</span> 
     </span>
     <span class='ocr_line' id='line_1_56' title="bbox 1109 2544 1781 2584; baseline 0.001 -9"><span class='ocrx_word' id='word_1_405' title='bbox 1109 2545 1201 2575; x_wconf 86' lang='lat' dir='ltr'>nicae</span> <span class='ocrx_word' id='word_1_406' title='bbox 1224 2545 1527 2584; x_wconf 86' lang='lat' dir='ltr'>superiniiciebatur.</span> <span class='ocrx_word' id='word_1_407' title='bbox 1578 2544 1668 2584; x_wconf 83' lang='lat' dir='ltr'>Toga</span> <span class='ocrx_word' id='word_1_408' title='bbox 1691 2555 1781 2584; x_wconf 87' lang='lat' dir='ltr'>prae-</span> 
     </span>
     <span class='ocr_line' id='line_1_57' title="bbox 1108 2587 1779 2627; baseline 0 -10"><span class='ocrx_word' id='word_1_409' title='bbox 1108 2591 1199 2617; x_wconf 83' lang='lat' dir='ltr'>texta</span> <span class='ocrx_word' id='word_1_410' title='bbox 1238 2597 1412 2627; x_wconf 84' lang='lat' dir='ltr'>purpuram</span> <span class='ocrx_word' id='word_1_411' title='bbox 1452 2587 1484 2617; x_wconf 91' lang='lat' dir='ltr'>in</span> <span class='ocrx_word' id='word_1_412' title='bbox 1525 2597 1580 2617; x_wconf 85' lang='lat' dir='ltr'>ora</span> <span class='ocrx_word' id='word_1_413' title='bbox 1615 2587 1779 2618; x_wconf 87' lang='lat' dir='ltr'>habebat:</span> 
     </span>
     <span class='ocr_line' id='line_1_58' title="bbox 1109 2627 1781 2670; baseline 0.001 -10"><span class='ocrx_word' id='word_1_414' title='bbox 1109 2630 1194 2660; x_wconf 90' lang='lat' dir='ltr'>unde</span> <span class='ocrx_word' id='word_1_415' title='bbox 1207 2640 1277 2660; x_wconf 87' lang='lat' dir='ltr'>eam</span> <span class='ocrx_word' id='word_1_416' title='bbox 1292 2629 1408 2660; x_wconf 84' lang='lat' dir='ltr'>Graeci</span> <span class='ocrx_word' id='word_1_417' title='bbox 1421 2633 1536 2660; x_wconf 86' lang='lat' dir='ltr'>vocant</span> <span class='ocrx_word' id='word_1_418' title='bbox 1550 2627 1781 2670; x_wconf 85' lang='grc' dir='ltr'>περιπόρφυρον.</span> 
     </span>
     <span class='ocr_line' id='line_1_59' title="bbox 1110 2672 1782 2712; baseline 0.003 -10"><span class='ocrx_word' id='word_1_419' title='bbox 1110 2674 1287 2703; x_wconf 72' lang='lat' dir='ltr'>I&#39;raeteoeta</span> <span class='ocrx_word' id='word_1_420' title='bbox 1317 2672 1482 2702; x_wconf 84' lang='lat' dir='ltr'>dicebatur</span> <span class='ocrx_word' id='word_1_421' title='bbox 1510 2682 1529 2702; x_wconf 87' lang='lat' dir='ltr'>a</span> <span class='ocrx_word' id='word_1_422' title='bbox 1555 2673 1782 2712; x_wconf 66' lang='lat' dir='ltr'>praetexenda,</span> 
     </span>
     <span class='ocr_line' id='line_1_60' title="bbox 1111 2715 1782 2754; baseline 0 -9"><span class='ocrx_word' id='word_1_423' title='bbox 1111 2715 1186 2754; x_wconf 86' lang='lat' dir='ltr'>quia</span> <span class='ocrx_word' id='word_1_424' title='bbox 1207 2715 1356 2745; x_wconf 84' lang='lat' dir='ltr'>nimirum</span> <span class='ocrx_word' id='word_1_425' title='bbox 1386 2725 1528 2754; x_wconf 85' lang='lat' dir='ltr'>purpura</span> <span class='ocrx_word' id='word_1_426' title='bbox 1556 2715 1586 2745; x_wconf 87' lang='lat' dir='ltr'>ei</span> <span class='ocrx_word' id='word_1_427' title='bbox 1615 2718 1782 2754; x_wconf 79' lang='lat' dir='ltr'>praetexta</span> 
     </span>
     <span class='ocr_line' id='line_1_61' title="bbox 1111 2756 1781 2798; baseline -0.001 -11"><span class='ocrx_word' id='word_1_428' title='bbox 1111 2761 1187 2788; x_wconf 79' lang='lat' dir='ltr'>erat.</span> <span class='ocrx_word' id='word_1_429' title='bbox 1221 2758 1271 2787; x_wconf 88' lang='lat' dir='ltr'>Ea</span> <span class='ocrx_word' id='word_1_430' title='bbox 1282 2758 1453 2788; x_wconf 83' lang='lat' dir='ltr'>utebantur</span> <span class='ocrx_word' id='word_1_431' title='bbox 1468 2758 1680 2798; x_wconf 84' lang='lat' dir='ltr'>magistratus,</span> <span class='ocrx_word' id='word_1_432' title='bbox 1691 2756 1781 2797; x_wconf 87' lang='lat' dir='ltr'>pueri</span> 
     </span>
     <span class='ocr_line' id='line_1_62' title="bbox 1111 2800 1458 2840; baseline 0.003 -10"><span class='ocrx_word' id='word_1_433' title='bbox 1111 2800 1252 2840; x_wconf 82' lang='lat' dir='ltr'>ingenui,</span> <span class='ocrx_word' id='word_1_434' title='bbox 1267 2803 1327 2830; x_wconf 85' lang='lat' dir='ltr'>etc.</span> <span class='ocrx_word' id='word_1_435' title='bbox 1353 2801 1458 2831; x_wconf 68' lang='lat' dir='ltr'>Canv.</span> 
     </span>
    </p>

    <p class='ocr_par' dir='ltr' id='par_1_13' title="bbox 1112 2843 1779 2925">
     <span class='ocr_line' id='line_1_63' title="bbox 1156 2843 1779 2880; baseline -0.003 -7"><span class='ocrx_word' id='word_1_436' title='bbox 1156 2853 1172 2873; x_wconf 75' lang='lat' dir='ltr'>‘z</span> <span class='ocrx_word' id='word_1_437' title='bbox 1197 2845 1250 2874; x_wconf 81' lang='lat' dir='ltr'>Ita</span> <span class='ocrx_word' id='word_1_438' title='bbox 1272 2844 1433 2880; x_wconf 73' lang='lat' dir='ltr'>habuisse]</span> <span class='ocrx_word' id='word_1_439' title='bbox 1486 2843 1586 2873; x_wconf 84' lang='lat' dir='ltr'>Hune</span> <span class='ocrx_word' id='word_1_440' title='bbox 1611 2850 1779 2872; x_wconf 86' lang='lat' dir='ltr'>numerum</span> 
     </span>
     <span class='ocr_line' id='line_1_64' title="bbox 1112 2883 1778 2925; baseline -0.003 -10"><span class='ocrx_word' id='word_1_441' title='bbox 1112 2886 1198 2925; x_wconf 80' lang='lat' dir='ltr'>apud</span> <span class='ocrx_word' id='word_1_442' title='bbox 1213 2886 1364 2916; x_wconf 86' lang='lat' dir='ltr'>Etruscos</span> <span class='ocrx_word' id='word_1_443' title='bbox 1377 2886 1481 2915; x_wconf 89' lang='lat' dir='ltr'>locum</span> <span class='ocrx_word' id='word_1_444' title='bbox 1494 2885 1649 2915; x_wconf 85' lang='lat' dir='ltr'>habuisse.</span> <span class='ocrx_word' id='word_1_445' title='bbox 1669 2883 1778 2914; x_wconf 64' lang='lat' dir='ltr'>Domz.</span> 
     </span>
    </p>

    <p class='ocr_par' dir='ltr' id='par_1_14' title="bbox 1111 2927 1778 3006">
     <span class='ocr_line' id='line_1_65' title="bbox 1155 2927 1778 2968; baseline -0.005 -10"><span class='ocrx_word' id='word_1_446' title='bbox 1155 2938 1172 2967; x_wconf 78' lang='lat'><em>3</em></span> <span class='ocrx_word' id='word_1_447' title='bbox 1195 2930 1323 2963; x_wconf 76' lang='lat' dir='ltr'>Locum,</span> <span class='ocrx_word' id='word_1_448' title='bbox 1338 2929 1392 2968; x_wconf 83' lang='lat' dir='ltr'>qm&#39;</span> <span class='ocrx_word' id='word_1_449' title='bbox 1408 2938 1495 2958; x_wconf 81' lang='lat' dir='ltr'>nmw</span> <span class='ocrx_word' id='word_1_450' title='bbox 1515 2931 1642 2966; x_wconf 80' lang='lat' dir='ltr'>saeptus</span> <span class='ocrx_word' id='word_1_451' title='bbox 1655 2927 1778 2956; x_wconf 76' lang='lat' dir='ltr'>‹lescen-</span> 
     </span>
     <span class='ocr_line' id='line_1_66' title="bbox 1111 2968 1777 3006; baseline -0.005 -6"><span class='ocrx_word' id='word_1_452' title='bbox 1111 2972 1256 3003; x_wconf 75' lang='lat' dir='ltr'>dcntibus</span> <span class='ocrx_word' id='word_1_453' title='bbox 1268 2972 1352 3002; x_wconf 70' lang='lat' dir='ltr'>inter</span> <span class='ocrx_word' id='word_1_454' title='bbox 1363 2971 1440 3000; x_wconf 74' lang='lat' dir='ltr'>riuos</span> <span class='ocrx_word' id='word_1_455' title='bbox 1451 2971 1535 3000; x_wconf 78' lang='lat' dir='ltr'>lucos</span> <span class='ocrx_word' id='word_1_456' title='bbox 1546 2969 1607 3006; x_wconf 82' lang='lat' dir='ltr'>est]</span> <span class='ocrx_word' id='word_1_457' title='bbox 1635 2968 1777 2998; x_wconf 85' lang='lat' dir='ltr'>Obscura</span> 
     </span>
    </p>
   </div>
  </div>
 </body>
</html>
