1934 3211
206 242 249 272 U.
267 242 305 272 C.
322 249 394 279 434.

203 286 243 314 Α.
267 284 304 315 C.
324 284 394 322 3¹8·

279 1779 341 1816 12.

421 154 502 192 512
926 149 1071 190 TIT}
1118 147 1297 189 LIVII

423 239 630 296 ‘populus
662 239 879 280 Romanus
911 238 1129 280 consulum
1162 237 1442 293 sponsionem,
1477 250 1554 276 nec
1583 249 1659 275 nos
1685 234 1814 276 fidem

423 297 596 353 ‘populi
638 297 821 338 Romani
862 311 1115 337 accusemus.

423 359 435 377 ‘
451 369 526 395 cur
548 354 649 395 victi
676 362 799 410 paeto
831 368 918 395 non
939 353 1086 394 stetis?

424 416 436 435 ‘
450 411 560 453 furto
581 427 652 453 eos
671 411 953 452 subduxistis:
988 425 1088 451 auro
1113 410 1323 450 civitatem
1346 423 1370 448 a
1393 407 1526 448 Gallis
1553 406 1813 454 rcdemistis3

423 469 560 510 ‘inter
595 468 887 524 accipiendum
923 482 1071 507 aurum
1108 466 1216 507 caesi
1252 474 1374 506 sunt:
1414 479 1561 520 pacem
1597 464 1815 504 nobiscum

423 531 436 549 ‘
453 526 681 582 pepigistis,
718 534 766 565 ut
801 524 988 579 legiones
1020 523 1135 563 vobis
1171 530 1311 578 captas
1345 522 1656 562 restitueremus
1673 536 1683 570 3
1723 535 1815 561 eam

424 588 597 639 ‘pacem
628 583 788 622 irritam
815 580 962 629 facitis,
991 588 1034 620 et
1064 594 1228 634 semper
1260 578 1443 632 aliquam
1470 578 1606 618 fraudi
1633 578 1816 633 speciem

424 640 550 680 ‘iuris
596 638 821 693 imponitis.
886 635 987 677 Non
1027 637 1176 691 probat
1214 635 1394 691 populus
1436 634 1652 676 Romanus
1696 635 1816 690 igno-

424 701 435 719 ‘
452 697 628 737 miniosa
658 709 759 750 pace
787 693 973 748 legiones
1000 692 1213 733 servatas?
1273 691 1428 731 Pacem
1461 691 1538 732 sibi
1564 691 1728 740 habeat,
1757 691 1817 732 le-

424 754 595 808 ‘giones
628 759 768 806 captas
792 750 940 790 victori
972 750 1187 790 restituat:
1220 748 1300 789 hoc
1332 747 1428 797 fide,
1456 748 1536 788 hoc
1565 748 1815 797 foederibus,

424 810 530 849 ‘hoc
558 808 768 849 fetialibus
798 807 1060 848 caerimoniis
1091 806 1268 861 dignum
1299 813 1398 846 erat.
1462 804 1526 845 Ut
1555 812 1602 845 tu
1630 805 1815 860 quidem,

424 871 435 888 ‘
452 865 566 921 quod
593 865 747 921 petisti,
770 879 846 920 per
872 864 1111 920 pactionem
1142 863 1308 911 habeas,
1332 870 1394 902 tot
1421 861 1532 902 cives
1558 862 1814 911 incolumes3

424 927 529 978 ‘ego
562 937 723 978 pacem,
758 935 885 977 quam
917 921 993 962 hos
1026 921 1102 961 tibi
1134 919 1387 961 remittendo
1419 927 1565 974 pactus
1595 933 1700 968 sum,
1732 934 1819 960 non

424 980 654 1021 ‘habeamz
688 979 768 1020 hoc
801 987 860 1027 tu,
885 977 938 1019 A.
958 977 1145 1027 Corneli,
1172 977 1252 1018 hoc
1277 992 1362 1025 vos,
1387 975 1560 1025 fetiales,
1587 976 1688 1017 iuris
1716 990 1819 1031 gen—

423 1037 562 1078 ‘tibus
593 1036 763 1078 dicitis?
825 1035 917 1091 Ego
949 1051 1047 1076 vero
1080 1035 1192 1084 istos,
1223 1048 1327 1089 quos
1360 1033 1459 1074 dedi
1491 1033 1707 1082 simulatis,
1740 1047 1818 1074 nec

425 1098 437 1117 ⁶
453 1094 626 1150 accipio,
648 1109 727 1134 nec
749 1093 848 1134 dedi
871 1093 1072 1140 arbitror3
1106 1107 1185 1132 nec
1211 1106 1359 1141 moror,
1383 1105 1468 1146 quo
1490 1090 1628 1131 minus
1652 1090 1698 1130 in
1718 1089 1820 1131 civi-

426 1156 582 1192 ‘tatem
613 1151 838 1206 obligatam
864 1149 1087 1205 sponsione
1109 1148 1341 1197 commissa,
1369 1147 1482 1188 iratis
1507 1147 1700 1188 omnibus
1725 1146 1817 1196 diis,

425 1213 437 1230 ‘
454 1223 633 1263 quorum
654 1208 839 1248 eluditur
859 1222 1031 1256 numen,
1054 1206 1239 1246 redeant.
1291 1204 1437 1246 Gerite
1459 1204 1630 1253 bellum,
1649 1203 1819 1260 quando

426 1270 437 1288 ‘
457 1264 526 1320 Sp.
546 1265 787 1306 Postumius
808 1264 934 1305 modo
955 1263 1140 1318 legatum
1161 1262 1346 1303 fetialem
1367 1277 1480 1318 genu
1503 1261 1693 1317 perculit.
1755 1260 1821 1302 Ita

427 1327 437 1344 ‘
455 1321 514 1362 dii
535 1322 721 1371 credent,
748 1321 979 1362 Samnitem
1005 1321 1140 1361 civem
1161 1319 1442 1368 Postumium,
1464 1333 1551 1359 non
1575 1319 1710 1359 civem
1732 1317 1820 1359 Ro-

427 1384 439 1402 ⁶
456 1394 629 1419 manum
657 1394 758 1428 esse,
782 1386 825 1419 et
848 1393 872 1419 a
900 1377 1088 1419 Samnite
1112 1377 1354 1418 Romanum
1381 1376 1568 1431 legatum
1593 1375 1818 1416 violatum:

428 1441 439 1458 ς
456 1451 506 1476 eo
527 1436 642 1476 vobis
664 1437 820 1476 iustum
841 1435 886 1475 in
907 1449 983 1475 nos
999 1435 1156 1475 factum
1177 1448 1264 1474 esse
1286 1432 1455 1474 bellum.
1500 1431 1621 1473 Haec
1641 1432 1822 1473 ludibria

428 1492 706 1546 ‘religionum
736 1508 822 1532 non
851 1492 1011 1547 pudere
1043 1491 1087 1531 in
1117 1490 1255 1531 lucem
1287 1490 1484 1546 proferre,
1514 1497 1557 1530 et
1583 1489 1654 1530 vix
1680 1489 1821 1545 pueris

428 1548 604 1602 ‘dignas
639 1549 834 1603 ambages
870 1563 990 1589 senes
1023 1563 1070 1589 ac
1106 1547 1344 1588 consulares
1375 1545 1581 1587 fallendae
1614 1546 1716 1587 fidei
1747 1561 1822 1587 ex-

428 1605 656 1660 ‘quirereP
716 1604 750 1653 Ι,
788 1604 920 1654 lictor,
955 1605 1077 1645 deme
1111 1604 1248 1644 vincla
1284 1603 1511 1644 Romanis:
1550 1611 1733 1644 moratus
1769 1603 1822 1644 sit

428 1668 593 1710 ‘nemo,
631 1676 715 1716 quo
756 1661 908 1710 minus,
950 1660 1023 1701 ubi
1063 1661 1198 1701 visum
1237 1660 1375 1709 fuerit,
1417 1660 1594 1701 abeant.’
1666 1659 1723 1700 Et
1760 1659 1821 1700 illi

428 1718 614 1773 quidem,
651 1717 822 1758 forsitan
863 1725 905 1758 et
944 1717 1124 1773 publica,
1162 1732 1235 1757 sua
1275 1724 1386 1757 certe
1422 1716 1596 1757 liberata
1635 1715 1732 1764 fide,
1770 1716 1821 1756 ab

431 1775 596 1816 Caudio
617 1775 661 1815 in
682 1782 814 1815 castra
835 1774 1029 1815 Romana
1048 1773 1235 1814 inviolati
1257 1773 1484 1814 redierunt.
1550 1772 1819 1822 Samnitibus,

426 1847 502 1887 pro
530 1832 709 1887 superba
738 1847 840 1887 pace
871 1831 1185 1872 infestissimum
1218 1830 1485 1871 cernentibus
1517 1838 1710 1871 renatum
1733 1830 1822 1871 bel-

426 1889 528 1938 lum,
558 1889 710 1937 omnia,
735 1903 842 1943 quae
871 1888 1025 1929 deinde
1050 1895 1270 1937 venerunt,
1301 1902 1387 1927 non
1417 1887 1462 1927 in
1495 1887 1643 1927 animis
1673 1886 1819 1937 solum,

469 2038 486 2059 ‘z
511 2029 633 2068 Deflet]
662 2027 785 2058 Deerit.
825 2028 854 2057 A
872 2027 967 2057 verbo
982 2028 1105 2066 defieri.

426 2072 515 2111 defio.
549 2070 698 2110 Sigonius
709 2070 867 2100 maluerat
879 2070 1012 2108 deficiet.
1041 2069 1105 2099 Sed

428 2113 550 2152 primae
566 2112 733 2149 editiones,
748 2111 989 2150 antiquissimus
1004 2110 1103 2150 regio-

427 2165 498 2185 rum
526 2155 686 2191 codicum,
709 2154 917 2190 Thuanaeus,
942 2157 973 2183 et
997 2153 1062 2183 duo
1087 2163 1104 2183 e

428 2197 770 2235 Gronovianis‚defiet:
788 2196 885 2234 idque
898 2196 1034 2234 probum
1047 2198 1104 2226 est.

429 2239 612 2269 Gronovius
632 2239 785 2277 exempla
810 2238 930 2277 allegat
955 2247 973 2267 0
995 2238 1103 2267 Plaut.

430 2281 637 2311 Menaechm.
655 2282 728 2311 Aet.
752 2280 772 2310 i.
795 2280 845 2310 Sc.
868 2291 896 2317 4.
928 2290 1030 2319 neque
1053 2280 1102 2309 de—

420 2324 498 2361 fiat,
509 2333 611 2362 neque
622 2323 786 2361 supersit:
804 2322 891 2352 Rud.
907 2322 979 2351 Act.
993 2320 1034 2351 iv.
1051 2321 1102 2351 Sc.

430 2376 459 2403 4.
476 2363 527 2403 63.
543 2369 581 2394 ut
595 2365 693 2403 defiat
707 2366 782 2394 dies.
807 2364 914 2394 Can-v.

479 2416 496 2445 3
520 2407 587 2437 Cur
613 2407 689 2436 victi
716 2410 811 2444 pacto
836 2415 902 2435 non
927 2406 1030 2443 stetis]
1064 2405 1104 2435 cf.

431 2449 639 2479 Praeclarum
662 2448 767 2478 malae
790 2447 866 2476 fidei
884 2447 1105 2477 Romanorum

429 2490 462 2520 in
473 2490 693 2520 Numantinos
704 2489 809 2519 editae
820 2489 1005 2528 exemplum
1020 2489 1105 2527 quod

429 2542 480 2571 ap.
505 2533 591 2563 Plut.
614 2531 646 2561 in
664 2531 732 2562 Vit.
755 2531 827 2561 Tib.
845 2531 985 2561 Gracchi
1010 2531 1105 2560 habe-

429 2584 510 2605 mus.

472 2628 492 2654 4
515 2617 634 2647 Pacem
658 2617 717 2646 sibi
742 2616 873 2653 habeat]
903 2615 1022 2645 Pacem
1048 2625 1105 2644 suo

430 2658 560 2687 arbitrio
583 2658 719 2688 habeat:
747 2658 787 2687 de
811 2667 890 2696 pace
913 2658 954 2687 ad
978 2657 1104 2686 libitum

431 2703 562 2736 statuat,
576 2700 752 2729 dummodo
769 2699 909 2738 legiones
925 2703 1035 2738 captas
1051 2709 1103 2729 110-

431 2740 479 2769 bis
492 2742 647 2772 restituat.
680 2742 767 2771 Nam
782 2741 835 2779 qui
849 2741 925 2771 dicit
942 2742 999 2771 tibi
1014 2742 1105 2778 habe,

433 2785 468 2810 ut
485 2782 556 2812 Ter.
577 2783 707 2813 Phorm.
728 2783 760 2813 ii.
785 2792 812 2822 3.
832 2784 882 2814 88.
905 2783 1036 2813 alterius
1058 2793 1103 2812 ar-

432 2822 525 2851 bitrio
542 2824 627 2854 facit.
654 2825 745 2854 Dm.

482 2873 497 2902 5
525 2865 700 2902 ›S'pmzsione
727 2868 904 2903 commissa]
948 2866 1105 2895 Iuriscon-

1149 2025 1305 2055 sultorum
1331 2025 1462 2054 verbum
1486 2025 1688 2062 committere,
1711 2028 1744 2055 et
1769 2024 1822 2055 sti--

1151 2067 1274 2107 pulatio
1291 2068 1452 2097 commissa
1469 2067 1501 2096 in
1519 2066 1693 2097 Pandeetis
1708 2069 1756 2097 est
1773 2076 1823 2104 ea,

1149 2109 1239 2139 cuius
1269 2109 1412 2140 conditio
1444 2108 1575 2140 exstitit.
1620 2109 1673 2139 Ita
1697 2110 1823 2149 sponsio

1149 2152 1311 2182 commissa
1327 2151 1386 2181 erit
1402 2161 1442 2181 ex
1459 2161 1523 2190 qua
1539 2150 1663 2190 aliquid
1678 2151 1822 2182 debetur.

1150 2194 1244 2224 DUK.
1293 2194 1469 2233 Sponsione
1495 2194 1669 2232 commissa,
1694 2193 1746 2224 cui
1769 2203 1822 2224 ne-

1151 2235 1286 2267 cessario
1301 2235 1572 2274 {satisfaciendum
1587 2233 1653 2275 {est‚
1672 2235 1822 2276 quoniam

1148 2288 1218 2316 nos,
1238 2278 1340 2308 altera
1364 2288 1448 2317 pars,
1471 2277 1691 2308 conditionem
1714 2278 1822 2317 exple-

1149 2320 1262 2350 vimus.
1288 2320 1374 2350 ERN.

1186 2361 1206 2392 6
1221 2363 1395 2392 Samnitem
1407 2363 1505 2393 civem
1515 2362 1733 2400 Postumium]
1748 2361 1823 2392 Hoc

1149 2405 1243 2435 verbo
1284 2408 1378 2434 tenus
1421 2413 1530 2434 verum
1574 2403 1671 2434 fuisse
1715 2407 1823 2435 censet

1151 2446 1183 2476 N
1187 2446 1285 2476 iebhr.
1304 2446 1334 2476 ii.
1352 2456 1383 2485 p.
1401 2445 1451 2477 62.
1471 2445 1525 2485 qui
1548 2445 1768 2477 Caudinenses
1789 2445 1822 2475 111

1149 2489 1284 2527 hospitio
1305 2498 1389 2526 supr.
1408 2499 1435 2519 v.
1453 2496 1502 2527 50.
1527 2498 1601 2518 cum
1625 2488 1732 2518 Roma
1753 2487 1822 2518 iun-

1151 2533 1219 2560 ctos
1242 2529 1338 2559 fuisse
1361 2534 1481 2567 censet,
1501 2533 1597 2568 atque
1620 2529 1737 2560 idcirco
1762 2529 1822 2560 Po-

1149 2572 1315 2609 stumium,
1331 2575 1456 2602 mutata
1472 2572 1612 2609 civitate,
1627 2573 1822 2612 inquilinum

1149 2616 1247 2645 civem
1267 2614 1383 2645 Caudii
1406 2614 1526 2644 factum
1550 2613 1657 2645 fuisse.
1689 2613 1727 2644 cf.
1746 2613 1822 2644 Vel-

1150 2656 1230 2686 leius
1242 2655 1261 2685 i.
1280 2666 1325 2694 14.
1343 2656 1374 2686 ii.
1392 2665 1416 2686 1.
1463 2656 1526 2687 Sed
1542 2656 1622 2686 haec
1638 2655 1757 2692 omnia,
1770 2655 1822 2686 vix

1150 2698 1256 2738 pueris
1279 2698 1391 2737 dignas
1412 2699 1573 2738 ambages,
1594 2697 1706 2728 missas
1727 2697 1822 2728 facia-

1149 2750 1230 2771 mus.

1195 2790 1211 2821 7
1243 2784 1422 2820 Venerunt]
1448 2782 1478 2813 h.
1493 2792 1519 2813 e.
1534 2782 1732 2812 Evenerunt.
1769 2779 1822 2810 Sic

1149 2823 1220 2855 infr.
1246 2834 1275 2854 x.
1300 2833 1349 2864 45.
1374 2826 1401 2855 si
1426 2826 1503 2864 quid
1526 2825 1650 2855 adversi
1676 2822 1820 2854 venissel.

1151 2866 1290 2896 Srnoru.

1179 294 1468 349 Nunquamne
1510 307 1634 333 causa
1672 291 1812 341 defiet,
1829 310 1844 330 ι»

1148 351 1328 394 Obsides
1349 350 1588 392 Porsennae
1611 349 1785 390 dedistis
1802 364 1811 397 3
1829 367 1845 397 3

1829 714 1848 740 4

1832 1158 1848 1188 5

1833 1325 1852 1357 6

1838 1902 1853 1933 κΪ
