1934 3211
275 308 282 316 .
300 294 372 326 290.

275 352 283 359 .
299 326 372 366 462.

181 512 212 543 A
228 512 267 543 T.
282 513 387 549 Quin—

182 555 246 585 ctio
263 556 376 587 libera-

182 601 244 629 tur.

401 187 481 225 152
911 180 1061 224 ΤΙΤΙ
1100 181 1282 224 LIVII

398 272 702 315 cumstantibus
732 271 912 328 ereptus,
934 280 978 313 et
1007 287 1178 314 suorum
1208 272 1368 314 animos
1399 271 1594 322 turbavit,
1616 278 1660 313 et
1681 271 1792 312 fero-

399 331 531 373 ciores
560 331 701 372 hostes
728 330 838 371 fecit.
904 329 1005 380 Qui,
1028 330 1155 371 caede
1186 329 1313 386 legati
1344 338 1387 371 et
1416 328 1598 371 consulis
1616 328 1790 370 vulnere

399 388 576 438 accensi,
599 387 716 429 nulla
741 387 895 428 deinde
923 387 966 427 vi
992 387 1186 428 sustineri
1213 396 1402 443 potuere,
1425 402 1558 443 quum
1585 385 1791 441 compulsi

398 446 443 487 in
465 454 598 487 castra
619 445 803 486 Romani
830 459 971 485 rursus
1000 444 1303 494 obsiderentur,
1326 459 1405 485 nec
1433 460 1504 501 spe
1533 459 1612 485 nec
1634 443 1791 484 viribus

398 519 544 560 pares:
592 503 858 557 venissetque
899 502 944 542 in
983 501 1218 557 periculum
1257 517 1420 542 summa
1459 517 1612 551 rerum,
1654 500 1700 541 ni
1736 499 1787 541 T.

403 561 630 609 Quinctius
661 559 894 616 peregrinis
927 558 1069 614 copiiS,
1102 573 1199 599 cum
1230 559 1384 599 Latino
1413 558 1688 614 Hernicoque
1717 572 1791 598 ex-

400 618 545 667 ercitu,
568 617 838 658 subvenisset.
895 615 950 664 Is,
973 616 1158 655 intentos
1180 615 1224 655 in
1246 623 1378 656 eastra
1398 615 1593 657 Romana
1613 615 1790 670 Aequos

398 675 610 731 legatique
652 682 778 729 caput
817 673 1011 713 ferociter
1051 680 1308 713 ostentantes
1353 673 1404 713 ab
1447 681 1565 728 tergo
1606 672 1789 721 adortus,

399 732 523 774 simul
551 732 605 773 ad
631 731 799 786 signum
824 745 848 770 a
875 744 917 770 se
948 728 1094 784 procul
1125 729 1287 770 editum
1318 745 1371 770 ex
1400 729 1542 770 castris
1569 729 1790 784 eruptione

398 790 520 839 facta,
550 803 744 843 magnam
772 787 856 827 vim
886 786 1070 827 hostium
1101 786 1387 827 circumvenit.
1451 786 1597 828 Minor
1627 785 1790 835 caedes,

398 847 498 902 fuga
532 846 700 887 effusior
731 844 981 899 Aequorum
1017 843 1061 883 in
1098 859 1196 899 agro
1234 844 1314 884 fuit
1346 843 1566 885 Romano:
1605 844 1650 884 in
1686 857 1792 899 quos

398 904 571 960 palatos,
598 902 797 958 praedam
828 910 1012 957 agentes,
1035 900 1276 942 Postumius
1308 901 1469 957 aliquot
1497 901 1612 951 locis,
1639 901 1792 956 quibus

399 969 636 1016 opportuna
665 959 921 1015 imposuerat
950 958 1170 1014 praesidia,
1193 959 1399 1015 impetum
1424 958 1553 999 dedit.
1617 958 1655 999 Ii
1681 957 1790 1014 vagi,

398 1018 599 1073 dissipato
632 1017 799 1072 agmine
832 1016 1055 1072 fugientes,
1087 1016 1132 1056 in
1164 1015 1415 1064 Quinctium
1446 1016 1662 1065 victorem,
1694 1030 1792 1056 eum

398 1076 539 1116 saucio
580 1073 751 1116 consule
791 1081 1084 1123 revertentem,
1127 1073 1327 1114 incidere.
1409 1073 1523 1114 Tum
1563 1072 1792 1115 consularis

397 1133 606 1173 exereitus
637 1131 805 1188 egregia
834 1145 977 1187 pugna
1008 1131 1188 1172 consulis
1217 1131 1383 1181 vulnus,
1411 1130 1540 1187 legati
1570 1139 1613 1172 et
1643 1130 1793 1172 cohor-

397 1190 503 1230 tium
523 1190 636 1231 ultus
656 1198 718 1230 est
739 1189 923 1230 caedem.

457 1247 641 1303 Magnae
671 1247 809 1287 clades
838 1245 948 1287 ultro
981 1245 1170 1302 citroque
1205 1245 1286 1286 illis
1317 1245 1466 1286 diebus
1499 1253 1542 1286 et
1574 1245 1713 1286 illatae
1749 1253 1792 1286 et

397 1313 605 1361 acceptae.
683 1303 867 1345 Difficile
913 1303 967 1343 ad
1012 1303 1140 1344 fidem
1191 1311 1254 1344 est
1302 1303 1346 1343 in
1389 1311 1473 1343 tam
1519 1303 1693 1358 antiqua
1731 1317 1791 1351 re,

397 1371 502 1418 quot
537 1361 817 1418 pugnaverint
843 1360 1136 1410 ceciderintve,
1170 1368 1317 1401 exacto
1348 1360 1551 1401 affirmare
1584 1375 1788 1401 numero:

397 1419 525 1460 audet
566 1429 706 1460 tamen
748 1418 902 1458 Antias
942 1417 1137 1459 Valerius
1178 1417 1398 1473 concipere
1440 1432 1647 1458 summas:
1702 1417 1822 1457 Ro-2

397 1491 542 1517 manos
579 1476 776 1517 cecidisse
812 1475 857 1515 in
891 1474 1080 1516 Hernico
1113 1490 1211 1531 agro
1248 1475 1436 1531 quinque
1468 1474 1601 1515 millia
1632 1489 1679 1515 ac
1708 1483 1791 1515 tre-

397 1543 566 1574 centos:
600 1548 653 1574 ex
683 1532 999 1588 praedatoribus
1025 1532 1288 1588 Aequorum,
1322 1533 1395 1588 qui
1426 1531 1716 1588 populabundi
1746 1532 1792 1573 in

397 1591 550 1632 finibus
574 1590 776 1631 Romanis
804 1590 1072 1645 vagabantur,
1102 1591 1153 1630 ab
1176 1590 1230 1630 A.
1256 1590 1475 1630 Postumio
1503 1589 1676 1630 consule
1705 1589 1791 1630 duo

397 1647 530 1688 millia
569 1656 611 1689 et
647 1647 979 1703 quadringentos
1020 1661 1185 1687 caesos:
1234 1656 1417 1687 ceteram
1458 1646 1789 1696 multitudinem,

396 1706 594 1761 praedam
631 1714 838 1761 agentem,
873 1719 980 1760 quae
1016 1703 1212 1745 inciderit
1247 1704 1291 1744 in
1331 1703 1596 1753 Quinctium,
1630 1718 1791 1759 nequa-

396 1778 524 1818 quam
545 1763 635 1818 pari
657 1763 899 1803 defunctam
920 1777 1008 1802 esse
1035 1761 1162 1802 caede
1181 1777 1189 1801 :
1224 1761 1443 1802 interfecta
1470 1761 1569 1801 inde
1591 1769 1792 1816 quattuor

395 1820 537 1869 millia,
573 1829 628 1869 et,
663 1819 935 1876 exsequendo
968 1818 1177 1860 subtiliter
1208 1833 1445 1868 numerum,
1473 1819 1690 1867 ducentos,
1717 1818 1788 1867 ait,

395 1885 438 1918 et
459 1878 640 1933 triginta.

454 1934 516 1975 Ut
538 1935 719 1975 Romam
746 1934 928 1974 reditum
960 1941 1002 1974 et
1034 1933 1240 1974 iustitium
1274 1933 1493 1974 remissum
1526 1940 1601 1982 est,
1624 1931 1789 1973 coelum

393 1992 528 2032 visum
574 2001 636 2032 est
680 1991 824 2032 ardere
868 1991 1049 2046 plurimo
1100 1991 1187 2046 igni
1204 2006 1214 2039 3
1268 1999 1545 2046 portentaque
1590 1990 1671 2031 alia
1717 1998 1790 2030 aut

394 2049 611 2090 obversata
641 2049 784 2097 oculis,
824 2057 896 2088 aut
926 2063 1050 2088 vanas
1082 2047 1291 2088 exterritis
1322 2056 1582 2088 ostentavere
1614 2047 1785 2103 specieS.

393 2105 475 2146 His
506 2106 742 2146 avertendis
773 2105 999 2146 terroribus
1029 2105 1074 2145 in
1106 2105 1292 2145 triduum
1324 2105 1451 2145 feriae
1485 2104 1680 2154 indictae,
1712 2118 1789 2159 per

393 2178 496 2219 quas
530 2164 671 2204 omnia
702 2162 878 2204 delubra
911 2177 1059 2218 pacem
1091 2162 1219 2203 deum
1252 2163 1570 2217 exposcentium
1602 2162 1786 2202 virorum

391 2220 701 2276 mulierumque
732 2221 853 2261 turba
879 2219 1173 2275 implebantur.
1239 2219 1447 2260 Cohortes
1477 2219 1577 2260 inde
1608 2218 1786 2260 Latinae

392 2277 691 2333 Hernicaeque
714 2278 764 2319 ab
787 2285 947 2325 senatu,
970 2277 1113 2332 gratiis
1135 2277 1188 2317 ob
1210 2276 1432 2332 impigram
1454 2276 1647 2317 militiam
1669 2275 1784 2325 actis,

390 2336 584 2376 remissae
607 2335 764 2377 domos.
829 2334 1036 2382 Antiates,
1059 2333 1173 2374 mille
1203 2333 1368 2383 milites,
1392 2334 1491 2389 quia
1517 2348 1657 2374 serum
1681 2341 1817 2373 aux-3

443 2507 454 2528 1
488 2499 594 2535 Quum
623 2496 793 2536 compulsi]
835 2495 932 2531 Quin.
960 2493 1063 2524 CLER.

389 2543 422 2570 et
450 2540 555 2571 ΟΜΝ.
606 2540 693 2576 Quin
718 2538 817 2578 pulsi.
849 2537 920 2568 MS.
953 2535 1064 2566 Veith.

390 2582 554 2612 Gronovio
570 2591 697 2621 quoque
720 2590 776 2620 pro
797 2590 896 2619 quum
918 2577 999 2608 ratio
1019 2578 1063 2607 lo-

389 2625 508 2662 quendi
536 2628 567 2655 et
594 2624 746 2655 orationis
773 2632 876 2652 nexus
904 2621 1063 2659 imperare

390 2666 558 2697 videbatur
576 2668 666 2707 quin,
682 2666 737 2696 sed
753 2664 790 2694 τὸ
805 2675 903 2705 quum
926 2664 1008 2693 bene
1031 2672 1064 2692 se

389 2707 507 2745 habet3
539 2710 658 2748 pendet
685 2708 770 2738 enirn
797 2717 817 2737 a
843 2707 978 2741 deind&
1013 2714 1064 2734 ac-

391 2751 476 2779 censi
503 2751 610 2780 hostes
631 2752 755 2787 deinde,
778 2760 874 2790 quum
903 2757 1009 2778 rursus
1031 2747 1063 2776 in

390 2796 493 2821 castra
505 2793 662 2831 compulsi
677 2792 817 2823 Romani
833 2790 1064 2827 obsiderentur,

389 2834 481 2863 nulla
508 2835 536 2863 vi
564 2835 710 2865 sustineri
738 2837 920 2874 potueruut.
950 2833 1059 2862 DOER.

390 2876 477 2912 Quin
494 2875 524 2905 in
543 2880 667 2905 textum
685 2876 825 2915 reposuit
842 2875 981 2905 Bekker.

439 2926 455 2949 2
485 2918 604 2948 Antias
634 2919 797 2955 Valerius]
844 2917 1060 2948 Historiarum

1109 2491 1254 2531 scriptor,
1271 2490 1424 2522 Sisennae
1439 2490 1595 2530 aequalis,
1610 2494 1692 2521 teste
1706 2491 1783 2522 Vel-

1110 2534 1183 2571 leio,
1203 2534 1234 2564 ii.
1251 2543 1280 2574 9.
1328 2533 1420 2563 Vixit
1444 2543 1516 2573 ergo
1540 2533 1681 2572 Syllanis
1702 2537 1783 2564 tem-

1109 2576 1246 2616 poribus.
1304 2575 1383 2605 Eius
1413 2586 1494 2615 opus
1522 2585 1659 2615 magnae
1688 2576 1785 2607 molis

1107 2619 1179 2656 fuit,
1192 2618 1282 2648 euius
1298 2618 1414 2648 librum
1432 2619 1518 2649 lxxv.
1534 2622 1692 2648 memorat
1706 2618 1782 2650 Gel-

1109 2661 1181 2698 lius,
1205 2660 1256 2691 vii.
1277 2670 1304 2700 9.
1352 2660 1509 2700 Suspecta
1535 2660 1603 2691 eius
1630 2660 1709 2691 fides
1735 2664 1783 2691 est

1109 2703 1214 2740 Livio,
1245 2703 1298 2741 qui
1330 2713 1403 2732 eum
1434 2703 1538 2743 arguit
1575 2703 1608 2732 in
1641 2703 1783 2734 numeris

1107 2746 1261 2785 augendis
1287 2745 1649 2785 intemperantissimum
1674 2745 1782 2783 fuisse,

1108 2788 1217 2818 xxxvi.
1231 2788 1279 2827 38.
1292 2791 1389 2826 atque
1402 2788 1499 2817 etiam
1512 2787 1672 2818 mendacii
1684 2788 1781 2827 plane

1105 2831 1246 2867 arcessit,
1262 2830 1349 2861 xxvi.
1366 2840 1416 2871 49.
1441 2830 1547 2861 CREv.

1150 2883 1167 2912 3
1191 2874 1352 2909 Antiates,
1369 2873 1453 2903 mille
1468 2872 1598 2909 milites]
1624 2881 1666 2902 sc.
1683 2871 1778 2901 Colo-

1105 2925 1163 2947 nos
1184 2914 1319 2952 Antium
1346 2924 1449 2955 nuper
1475 2914 1596 2951 missos,
1620 2915 1778 2944 trecentos
