1934 3211
196 400 294 431 Urbis
310 412 382 432 con-

193 444 318 474 dendae
325 455 396 475 con-

193 486 298 516 silium
313 488 397 527 capi-

192 533 260 560 unt.

188 1394 312 1425 Remus
328 1406 347 1425 a

186 1437 282 1467 fratre
298 1438 378 1468 occi-

187 1479 283 1511 ditur.

186 1672 294 1702 Roma
301 1673 393 1704 cond

188 1715 240 1744 01.
261 1715 369 1746 VII.
360 1726 380 1746 1.

188 1757 226 1787 A.
239 1758 275 1788 C.
296 1766 364 1797 751.

414 197 464 234 10
923 193 1070 236 ΤΙΤΙ
1111 194 1287 238 LIVII

409 299 551 340 regem
580 285 836 335 salutassent,
860 294 1000 327 secuta
1024 301 1077 326 ex
1102 286 1215 326 omni
1236 284 1503 326 multitudine
1525 286 1789 327 consentiens

409 357 491 383 vox
511 351 646 383 ratum
668 359 823 384 nomen
843 343 1149 408 imperiumque
1172 343 1258 399 regi
1280 343 1428 384 effecit.

467 399 531 441 Ita
552 400 766 442 Numitori
784 400 949 442 Albana
969 416 1167 457 permissa
1186 417 1243 450 re,
1268 400 1497 442 Romulum
1520 400 1787 458 Remumque

410 458 563 514 cupido
584 459 707 515 cepit,
730 459 773 499 in
795 459 842 499 iis
863 459 976 508 locis,
998 459 1069 500 ubi
1086 459 1275 515 expositi,
1298 458 1453 514 ubique
1475 458 1640 499 educati
1656 467 1785 508 erant,

409 516 521 557 urbis
542 516 797 557 condendae.
860 516 916 556 Et
943 526 1156 572 supererat
1176 515 1400 557 multitudo
1422 515 1683 557 Albanorum
1704 516 1783 558 La-

409 573 699 630 tinorumque:
731 574 784 615 ad
804 574 848 614 id
868 582 1051 630 pastores
1072 589 1239 630 quoque
1261 582 1528 623 accesserant,
1551 574 1624 629 qui
1644 588 1786 615 omnes

407 631 526 671 facile
558 647 673 687 spem
711 631 908 681 facerent,
946 647 1114 687 parvam
1152 631 1318 681 Albam,
1355 646 1528 687 parvum
1564 631 1786 672 Lavinium

407 704 504 744 piae
538 704 588 729 ea
619 690 735 739 urbe,
773 705 879 745 quae
916 689 1177 738 conderetur,
1213 689 1311 730 fore.
1375 689 1606 730 Intervenit
1633 689 1784 730 deinde

407 746 472 787 his
512 747 831 803 cogitationibus
880 747 1036 787 avitum
1078 747 1245 796 malum,
1288 747 1405 811 regni
1450 746 1628 812 cupido,
1661 756 1786 802 atque

408 804 505 845 inde
546 804 716 845 foedum
762 813 973 845 certamen
1013 813 1200 845 coortum
1241 820 1265 845 a
1303 805 1398 845 satis
1438 805 1529 845 miti
1567 804 1783 861 principio.

413 861 625 909 Quoniam
648 862 805 917 gemini
833 870 982 911 essent,
1004 877 1082 903 nec
1112 862 1255 903 aetatis
1284 862 1537 903 verecundia
1565 862 1787 903 discrimen

407 919 541 960 facere
575 928 725 975 posset,
762 928 809 960 ut
840 919 912 968 dii,
942 935 1119 975 quorum
1148 919 1301 961 tutelae
1327 935 1376 961 ea
1407 920 1498 961 loca
1532 928 1680 970 essent,
1713 935 1784 961 au-

406 977 534 1032 guriis
573 977 773 1033 legerent,
811 977 883 1033 qui
924 993 1078 1018 nomen
1113 993 1243 1018 novae
1284 978 1377 1018 urbi
1410 978 1538 1027 daret,
1576 978 1649 1034 qui
1687 992 1787 1019 con-

406 1034 535 1075 ditam
566 1035 741 1091 imperio
771 1043 946 1091 regeret,
972 1035 1180 1076 Palatium
1206 1035 1423 1085 Romulus,
1455 1035 1615 1076 Remus
1644 1035 1788 1076 Aven-

406 1092 540 1132 tinum
577 1093 629 1133 ad
665 1093 1001 1148 inaugurandum
1036 1092 1192 1148 templa
1226 1093 1407 1149 capiunt.
1481 1093 1614 1134 Priori
1651 1093 1820 1140 Remog

405 1150 624 1205 augurium
657 1150 817 1190 venisse
850 1150 992 1199 fertur,
1030 1165 1102 1190 sex
1137 1149 1341 1199 vultures;
1379 1151 1559 1206 iamque,
1595 1151 1787 1192 nuntiato

405 1207 590 1263 augurio,
624 1222 755 1263 quum
795 1207 952 1263 duplex
988 1222 1186 1247 numerus
1222 1207 1405 1248 Romulo
1445 1223 1486 1248 se
1528 1208 1785 1257 ostendisset,

405 1273 630 1321 utrumque
667 1280 809 1321 regem
845 1280 919 1305 sua
950 1264 1175 1305 multitudo
1211 1265 1562 1306 consalutaverat:
1600 1274 1818 1322 tempore9

405 1321 465 1362 illi
500 1332 738 1378 praecepto,
775 1331 817 1363 at
857 1322 900 1363 hi
941 1337 1115 1363 numeio
1156 1322 1306 1372 avium,
1344 1337 1519 1379 regnum
1554 1323 1784 1364 trahebant.

405 1379 524 1429 Inde,
566 1396 662 1421 cum
705 1380 972 1421 altercatione
1013 1380 1233 1436 congressi,
1277 1380 1502 1421 certamine
1543 1381 1695 1422 irarum
1735 1380 1789 1421 ad

405 1437 576 1478 caedem
596 1446 837 1478 vertuntulz
872 1437 959 1478 ibi
950 1453 993 1477 111
1015 1438 1136 1478 turba
1155 1438 1260 1478 ictus
1278 1437 1438 1479 Remus
1459 1438 1620 1479 cecidit.
1681 1438 1790 1479 Vul-

404 1495 537 1550 gatior
567 1495 677 1536 fama
707 1504 780 1545 est,
809 1495 989 1536 ludibrio
1009 1495 1144 1535 fratris
1167 1495 1349 1535 Remum
1380 1510 1508 1536 novos
1536 1496 1786 1537 transiluisse
1803 1514 1816 1535 1

406 1568 574 1594 muros:
630 1553 727 1594 inde
781 1553 832 1594 ab
878 1553 981 1593 ilato
1027 1552 1222 1602 Romulo,
1264 1568 1394 1608 quum
1433 1553 1569 1594 verbis
1619 1569 1787 1610 quoque

406 1610 657 1667 increpitans
709 1611 940 1659 adiecisset,
1002 1616 1013 1634 ⁶
1037 1609 1104 1651 Sic
1160 1610 1326 1659 deinde,
1383 1610 1625 1666 quicunque
1684 1611 1788 1652 alius

408 1668 636 1709 ‘transiliet
671 1669 837 1709 moenia
872 1668 989 1717 mea,’
1030 1668 1305 1708 interfectum.
1379 1667 1446 1708 Ita
1484 1667 1593 1709 solus
1632 1669 1790 1725 potitus

405 1726 580 1782 imperio
618 1726 850 1774 Romulus3
896 1726 1065 1767 condita
1105 1726 1201 1766 urbs
1237 1725 1461 1766 conditoris
1507 1726 1677 1767 nomine
1717 1742 1818 1783 ap-2

404 1783 570 1839 pellata.

460 1841 668 1882 Palatium
700 1841 894 1898 primum,
927 1841 970 1881 in
1003 1856 1087 1896 quo
1119 1840 1206 1896 ipse
1243 1849 1330 1881 erat
1363 1840 1575 1891 educatus,
1612 1841 1820 1884 muniitz3
1859 1872 1861 1875 -

444 1933 463 1963 8
484 1933 628 1973 Templa]
656 1932 831 1972 Templum
854 1932 1019 1962 dicebatur
1042 1935 1073 1962 et

402 1975 540 2015 spatium
558 1976 719 2015 quoddam
742 1975 774 2005 in
798 1985 870 2006 aere
892 1976 932 2005 ab
955 1985 1074 2014 augure

402 2018 582 2055 definitum,
598 2018 680 2048 intra
696 2018 781 2057 quod
804 2018 947 2057 auspicia
967 2020 1074 2056 capta-

401 2062 477 2097 bat3
501 2065 532 2091 et
547 2061 615 2100 ipse
630 2062 730 2097 locus,
746 2061 800 2091 ubi
821 2061 929 2091 sedem
946 2063 1075 2099 ceperat

402 2104 443 2133 ad
468 2104 628 2143 captanda
649 2103 802 2143 auspicia.
845 2105 873 2133 A
896 2104 1008 2143 templo
1028 2103 1075 2133 ita

402 2146 567 2177 intellecto
604 2146 726 2176 dictum
769 2149 816 2176 est
856 2147 1073 2185 contemplari.

401 2189 507 2220 CREv.
558 2189 608 2220 Cf.
637 2189 729 2219 Varr.
757 2189 796 2219 de
824 2188 862 2220 L.
894 2189 931 2219 L.
964 2188 1012 2219 vii.
1045 2198 1073 2219 2.

402 2232 490 2263 Cave
516 2236 625 2262 tamen
649 2233 799 2271 templum
824 2242 949 2271 capere,
973 2235 1005 2261 et
1027 2236 1072 2261 ta-

402 2275 609 2305 bernaculum
642 2285 757 2313 capere
788 2274 873 2304 idem
903 2274 987 2304 velle
1019 2284 1072 2304 ex-

402 2316 534 2355 istimes,
561 2317 832 2356 quemadmodum
864 2316 1075 2356 Nieuportius

403 2360 528 2390 erravit.
559 2360 608 2391 Cf.
627 2360 653 2389 F
657 2370 717 2389 uss.
735 2359 844 2398 Antiq.
862 2359 958 2389 Rom.

446 2412 465 2443 9
491 2404 640 2442 Tempore
655 2403 703 2432 illi
719 2402 905 2441 praecepto]
944 2401 999 2431 Illi
1020 2400 1075 2440 qui

405 2445 510 2475 Remo
526 2445 687 2481 favebant,
702 2454 833 2483 regnum
856 2444 897 2473 ad
920 2454 993 2474 eum
1012 2446 1073 2473 tra-

404 2487 535 2525 hebant,
550 2487 615 2517 sive
637 2487 704 2517 eius
726 2497 792 2517 esse
815 2487 929 2516 debere
945 2489 1074 2516 conten-

404 2531 534 2568 debant,
561 2530 645 2569 quod
671 2529 838 2569 augurium
870 2529 898 2559 ei
929 2529 1074 2559 oblatum

404 2576 549 2612 tempore
566 2573 651 2612 prius
667 2576 768 2603 esset:
793 2572 837 2609 hi,
849 2572 903 2611 qui
920 2572 1074 2609 Romulo,

404 2615 445 2644 ad
472 2625 545 2645 eum
573 2615 730 2655 pertinere
756 2625 888 2654 regnum
915 2614 1076 2651 dicebant,

406 2658 490 2694 quod
506 2658 607 2688 maior
622 2668 689 2688 sese
712 2658 740 2688 ei
764 2657 952 2687 ostendisset
967 2657 1075 2687 avium

406 2708 564 2730 numerus.
578 2701 683 2731 CREv.
714 2701 764 2731 Cf.
778 2699 910 2730 Niebhr.
924 2699 944 2730 i.
958 2710 989 2738 p.
1004 2709 1073 2730 222.

408 2740 569 2771 Numerus
583 2743 690 2773 avium
713 2743 754 2773 ad
778 2743 906 2772 saecula
921 2742 1006 2772 urbis
1028 2742 1074 2771 fu-

405 2787 476 2812 tura
498 2785 734 2821 quodammodo
761 2786 874 2815 referre
897 2795 916 2814 a
942 2784 1075 2824 posteris

405 2825 590 2856 habebatur.

456 2877 467 2897 1
503 2869 664 2906 anyatior
682 2870 793 2908 sama]
842 2869 892 2901 Cf.
916 2869 984 2901 Cic.
1009 2870 1074 2901 Off.

405 2910 447 2940 iii.
469 2919 514 2940 10.
534 2910 671 2939 Remum
689 2921 708 2940 a
725 2912 823 2941 Fabio
839 2912 965 2942 tribuno
981 2912 1073 2944 Cele-

406 2962 473 2982 rum
497 2962 623 2982 caesum
645 2952 739 2982 fuisso
762 2954 813 2983 aiii
839 2955 977 2984 tradunt.
1023 2955 1073 2985 Cf.

1118 1931 1251 1971 Dionys.
1274 1931 1294 1962 i.
1314 1930 1365 1967 86,
1383 1932 1433 1970 87,
1455 1931 1508 1970 qui
1532 1931 1629 1962 etiam
1653 1932 1788 1963 Faustu-

1117 1975 1185 2004 lum
1201 1975 1426 2004 obtruncatum
1443 1974 1530 2004 dicit.
1557 1975 1642 2005 RUP.

1162 2027 1178 2047 2
1204 2018 1336 2047 Condita
1358 2018 1450 2054 urbs]
1490 2017 1541 2047 Ex
1565 2017 1698 2048 Catonis
1720 2027 1788 2047 sen-

1117 2059 1231 2096 tentia,
1248 2060 1354 2089 Roma
1370 2059 1499 2089 condita
1517 2063 1564 2089 est
1586 2059 1662 2099 ipsis
1678 2059 1788 2090 Palili-

1118 2103 1188 2140 bus,
1203 2102 1246 2132 xi.
1261 2102 1338 2133 Kal.
1355 2102 1437 2132 Maii
1455 2103 1530 2132 anni
1548 2102 1679 2142 Olymp.
1692 2102 1744 2133 vii.
1762 2113 1787 2133 1.

1117 2149 1192 2176 ante
1208 2145 1372 2176 Christum
1391 2152 1459 2184 751.
1504 2145 1626 2175 Mirum
1647 2145 1789 2184 profecto

1118 2188 1170 2218 hic
1195 2198 1260 2217 non
1286 2187 1443 2218 indicasse
1468 2187 1608 2225 Livium,
1632 2191 1710 2227 quot
1733 2198 1788 2218 an-

1117 2241 1176 2261 nos
1201 2230 1398 2260 existimaret
1423 2231 1464 2260 ab
1488 2231 1566 2261 urbe
1590 2230 1719 2260 condita
1747 2231 1789 2261 ad

1117 2284 1174 2303 sua
1197 2276 1344 2312 tempora
1365 2273 1491 2311 elapsos
1513 2283 1589 2303 esse.
1635 2272 1726 2308 Quid
1748 2273 1789 2303 de

1118 2326 1156 2346 ea
1177 2326 1210 2346 re
1230 2319 1337 2345 noster
1358 2315 1492 2354 scriptor
1511 2314 1655 2353 senserit,
1670 2325 1788 2355 expen-

1118 2358 1165 2388 dit
1194 2358 1396 2388 doctissimus
1427 2358 1626 2395 Dodwellus,
1653 2357 1788 2389 Dissert.

1118 2411 1149 2431 x.
1177 2401 1217 2430 de
1244 2400 1353 2439 Cyclis
1380 2400 1622 2430 Romanorum:
1655 2403 1688 2430 et
1713 2410 1787 2430 eum

1118 2443 1332 2474 Catonianam
1366 2452 1474 2472 aeram
1505 2445 1650 2472 secutum
1681 2442 1788 2480 fuisse,

1118 2495 1200 2524 quae
1214 2484 1413 2515 Varroniana
1425 2485 1548 2515 duobus
1559 2484 1651 2515 annis
1664 2485 1790 2515 brevior

1117 2532 1176 2565 est,
1191 2529 1324 2567 probare
1346 2527 1467 2558 nititur.
1513 2527 1719 2557 Dodwellum
1742 2538 1787 2558 se—

1118 2574 1210 2600 cutus
1240 2574 1287 2600 est
1314 2570 1346 2600 in
1374 2580 1432 2600 sua
1462 2569 1545 2600 Livii
1573 2570 1713 2600 editione
1742 2570 1789 2600 vir

1118 2612 1307 2652 multiiugae
1329 2611 1526 2650 eruditionis,
1554 2612 1602 2643 Ιο.
1626 2612 1789 2651 Clericus3

1119 2666 1176 2685 nos
1187 2655 1358 2687 clericum.
1380 2655 1485 2686 CREv.
1521 2655 1719 2686 Niebuhrius
1733 2665 1788 2686 au-

1117 2701 1184 2728 tem
1201 2697 1336 2728 Fabium
1353 2697 1495 2737 sequitur
1509 2698 1563 2737 qui
1578 2698 1690 2728 urbem
1704 2708 1789 2728 anno

1119 2740 1251 2780 Olymp.
1279 2740 1341 2770 viii.
1369 2749 1398 2771 2.
1424 2743 1499 2770 ante
1526 2740 1689 2772 Christum
1718 2738 1787 2780 746.

1119 2783 1280 2813 conditam
1293 2782 1410 2812 scribit.
1446 2782 1608 2813 Diodorus
1619 2792 1744 2822 quoque
1755 2785 1788 2812 et

1119 2825 1251 2856 Orosius
1278 2825 1434 2855 rationem
1467 2829 1649 2865 temporum
1674 2824 1787 2855 Fabia-

1117 2878 1192 2898 nam
1209 2869 1398 2908 plerumque
1412 2867 1561 2898 referunt.

1167 2920 1183 2949 3
1208 2912 1351 2948 Mum'it]
1396 2910 1530 2941 Aditum
1556 2913 1588 2940 et
1620 2918 1785 2939 ascensum

1118 2953 1218 2992 magis
1232 2954 1367 2983 arduum
1380 2957 1412 2983 et
1423 2954 1592 2991 abruptum
1609 2951 1785 2982 efficiendo.
