1934 3211
162 258 205 290 U.
223 259 261 291 C.
280 268 295 289 2
322 258 341 290 6

160 302 199 332 A.
224 301 261 333 C.
279 300 350 342 456.

164 888 201 918 L.
221 887 343 923 Quinc-

163 931 227 961 tius
243 930 342 960 dicta-

165 976 225 1004 tor.

165 1122 217 1152 Ex
236 1131 332 1161 opere

164 1164 282 1195 rustico
298 1175 346 1194 su-

165 1217 197 1237 m
203 1206 274 1238 itur.

379 164 458 205 174
894 163 1042 206 ΤΙΤΙ
1080 163 1258 205 LIVII

300 269 318 300 9
343 283 350 290 ·
378 270 518 320 quam,
548 255 736 312 undique
764 255 872 296 vallo
907 256 1084 305 obiecto,
1119 255 1363 296 clauderent
1393 255 1542 305 exitus,
1576 252 1771 312 quinque

378 313 553 368 equites,
577 314 687 354 inter
716 313 915 354 stationes
946 313 1128 353 hostium
1154 313 1306 361 emissi,
1332 312 1512 353 Romam
1543 313 1764 378 pertulere,

377 370 592 411 consulem
613 371 929 426 exercitumque
952 370 1143 411 obsideri.
1208 369 1330 410 Nihil
1359 385 1438 411 nec
1464 378 1548 410 tam
1573 370 1766 426 inopina-

377 436 481 476 tum,
507 443 585 468 nec
617 436 702 468 tam
733 428 988 482 insperatum
1019 428 1206 468 accidere
1238 427 1386 482 potuit.
1450 426 1599 483 Itaque
1626 435 1766 468 tantus

377 500 517 540 pavor,
550 494 665 526 tanta
698 485 918 540 trepidatio
949 485 1040 533 fuit,
1064 493 1234 539 quanta,
1257 485 1290 524 si
1317 485 1476 533 urbem,
1503 499 1590 525 non
1620 493 1764 533 castra,

377 542 516 583 hostes
544 542 794 582 obsider.ent
859 541 1064 582 Nautium
1097 541 1311 581 consulem
1343 550 1581 582 arcessunt:
1615 542 1659 581 in
1681 556 1766 597 quo

378 614 510 654 quum
541 615 687 655 parum
717 598 913 654 praesidii
943 598 1168 645 videretur,
1202 598 1533 654 dictatoremque
1564 598 1648 638 dici
1678 598 1767 653 pla-

379 665 504 705 ceret,
528 672 600 712 qui
622 671 709 696 rem
731 655 962 711 perculsam
989 655 1238 703 1051111101·,01
1262 654 1311 695 L.
1340 655 1567 702 Quinctius
1591 654 1768 696 Cincin-

378 722 500 754 natus
522 728 727 754 consensu
753 727 940 752 omnium
963 712 1126 752 dicitur.
1192 711 1357 766 Operae
1389 712 1571 767 pietium
1602 720 1664 753 est
1694 725 1798 753 au-²

379 770 481 819 dire,
505 770 578 825 qui
599 769 740 809 omnia
766 784 865 824 prae
892 769 1046 809 divitiis
1077 769 1263 808 humana
1293 777 1508 825 spernunt,
1512 784 1670 834 ‘neque
1692 769 1768 811 ho-

379 828 470 867 nori
493 842 643 882 magno
664 826 816 875 locum,
835 841 972 881 neque
990 826 1133 866 virtuti
1154 834 1305 881 putant
1325 841 1426 875 esse,
1444 826 1524 867 nisi
1545 827 1618 867 ubi
1638 827 1767 868 effuse

381 861 586 924 affluanto
569 899 679 939 opes.
737 883 840 939 Spes
856 884 980 924 unica
995 884 1159 939 imperii
1176 883 1318 948 populi
1336 884 1519 924 Romani
1537 884 1586 925 L.
1606 884 1769 932 Quinc-

381 941 461 981 tius
497 950 610 981 113115
644 941 846 990 Tibelim,
881 949 1026 982 contra
1058 956 1156 981 eum
1188 941 1324 996 ipsum
1357 941 1509 991 locum,
1543 941 1620 982 ubi
1654 956 1768 982 nunc

380 998 543 1039 navalia
564 1006 673 1047 sunt,
697 1007 895 1054 quattuor
925 999 1118 1053 iugerum
1148 998 1311 1039 colebat
1332 1013 1490 1054 agrum,
1514 1014 1621 1054 quae
1652 1007 1770 1055 prata

348 1067 350 1071 ’
384 1055 587 1103 Quinctia
605 1065 818 1096 vocantur.
867 1055 933 1096 Ibi
955 1056 1005 1096 ab
1026 1055 1184 1111 legatiS,
1202 1070 1276 1096 seu
1296 1056 1446 1096 fossam
1466 1056 1630 1097 fodiens
1649 1056 1768 1112 palae

380 1113 552 1163 innisus,
582 1128 656 1154 seu
689 1128 820 1168 quum
857 1121 1013 1161 araret3
1053 1113 1184 1177 operi
1205 1121 1329 1161 certe,
1364 1113 1408 1153 id
1444 1113 1559 1168 quod
1593 1121 1767 1163 constat,

380 1171 531 1226 agresti
562 1171 772 1219 intentus3
806 1170 937 1210 salute
960 1170 1091 1210 data
1082 1185 1125 1209 111
1148 1170 1282 1210 vicem
1304 1169 1564 1225 redditaque,
1586 1179 1766 1227 rogatus,

382 1233 466 1277 (01,
490 1228 605 1283 quod
624 1229 732 1268 benc
754 1236 935 1268 verteret
960 1227 1039 1282 ipsi
1070 1227 1214 1282 reique
1236 1227 1442 1282 publicae,
1466 1235 1639 1302 togatus
1651 1243 1770 1268 man-

382 1285 504 1325 ‘data
528 1293 696 1325 senatus
718 1285 906 1334 audiret,’
928 1284 1167 1333 admiratus,
1190 1284 1472 1339 rogitansque,
1498 1285 1639 1325 ‘satin’
1660 1284 1771 1325 salva

382 1348 546 1382 ‘essent
567 1343 728 1382 omnia.
719 1343 754 1372 ’θ’
785 1351 924 1397 togam
946 1357 1121 1397 plopere
1154 1356 1176 1381 e
1204 1342 1370 1397 tugurio
1391 1341 1573 1397 proferre
1595 1356 1771 1382 uxorem

382 1398 588 1439 Raciliam
620 1399 747 1440 iubet.
815 1376 912 1447 Qua
943 1398 1077 1448 simul,
1108 1399 1290 1439 absterso
1321 1398 1491 1454 pulvere
1523 1414 1569 1440 ac
1605 1398 1769 1448 sudore,

380 1455 540 1496 velatus
571 1457 783 1511 processit,
817 1456 1063 1496 dictatorem
1095 1471 1192 1496 eum
1225 1456 1351 1511 legati
1386 1455 1641 1511 gratulantes
1671 1470 1772 1497 con-

382 1513 586 1553 salutant:
621 1514 665 1553 in
687 1514 833 1553 urbem
855 1520 1027 1553 vocant:
1063 1513 1136 1568 qui
1161 1521 1292 1553 terror
1319 1513 1372 1553 sit
1401 1513 1444 1553 in
1474 1513 1676 1562 exercitu,
1699 1528 1773 1553 ex-

382 1578 556 1626 ponunt.
628 1570 758 1610 Navis
798 1570 1000 1617 Quinctio
1036 1569 1202 1625 publice
1243 1579 1387 1625 parata
1417 1570 1518 1611 fuit:
1563 1578 1774 1611 transvec-

383 1636 558 1682 tumque
589 1636 670 1668 tres
696 1628 857 1667 obviam
889 1627 1040 1681 egressi
1071 1626 1146 1666 filii
1172 1627 1412 1682 excipiuntg
1446 1627 1544 1668 inde
1576 1627 1646 1668 alii
1676 1643 1773 1683 pro-

382 1685 533 1740 pinqui
569 1693 693 1739 atque
730 1685 876 1732 amici3
916 1693 1006 1724 tum
1042 1684 1216 1724 Patrum
1253 1685 1384 1724 maior
1418 1700 1523 1740 pars.
1594 1684 1659 1725 Ea
1691 1684 1773 1726 fre-

383 1742 558 1796 quentia
592 1743 779 1796 stipatus,
818 1741 1162 1782 antecedentibus
1203 1741 1428 1791 lictoribus,
1465 1741 1672 1783 deductus
1708 1750 1774 1783 051

383 1799 569 1839 domum.
634 1798 690 1838 Et
717 1798 850 1853 plebis
879 1813 1103 1839 0011001505
1134 1798 1282 1854 ingens
1309 1798 1414 1839 fuit:
1449 1799 1522 1840 sed
1543 1815 1593 1840 ea
1612 1815 1773 1855 nequa-

384 1870 510 1910 quam
544 1863 629 1895 tam
661 1855 770 1896 laet-1
803 1855 1053 1904 Quinctium
1083 1856 1210 1904 vidit;
1244 1865 1286 1897 et
1316 1857 1480 1912 imperii
1511 1857 1703 1907 nimium,
1730 1865 1774 1898 et

384 1912 519 1953 virum
551 1912 594 1952 in
626 1913 715 1968 ipso
747 1913 922 1968 impeiio
951 1913 1308 1954 vehementiorem
1339 1922 1437 1955 1313.
1502 1913 1558 1955 Ε1
1585 1914 1656 1955 1113
1679 1915 1805 1970 qui-3

386 1968 483 2009 dem
505 1978 626 2010 nocte
649 1969 753 2009 nihil
774 1979 1066 2025 piaeterquam
1087 1971 1303 2026 xigilatum
1326 1980 1388 2012 est
1409 1971 1453 2011 in
1474 1972 1589 2013 urbe.

443 2026 617 2067 Postelo
639 2027 707 2067 die
730 2027 920 2090 dictator,
940 2042 1070 2082 quum
1092 2036 1188 2068 ante
1206 2028 1374 2069 1000111
1365 2044 1408 2068 111
1425 2029 1561 2070 forum
1577 2029 1770 2079 venisset,

383 2083 627 2137 magistrum
658 2084 849 2139 equitum
881 2084 983 2125 dicit
1015 2085 1063 2124 L.
1096 2085 1362 2141 Tarquitium
1392 2086 1590 2142 patriciae
1620 2087 1772 2142 gentis,

381 2117 712 2196 50010001,(11111111
733 2141 944 2197 stipendia
958 2142 1136 2197 pedibus
1157 2158 1207 2198 pl
1209 2151 1327 2198 optei
1342 2152 1633 2199 paupertatem
1653 2144 1806 2185 fecis-4

381 2206 457 2247 set,
479 2197 589 2239 bello
612 2208 752 2239 tamen
779 2199 939 2254 primus
967 2199 1090 2254 longe
1115 2199 1333 2241 Romanae
1359 2201 1588 2242 iuventutis
1607 2200 1774 2242 habitus

380 2263 500 2295 esset.
567 2255 679 2296 Cum
705 2256 902 2311 mag-istm
931 2256 1119 2311 equitum
1151 2257 1194 2296 in
1227 2258 1473 2298 concionem
1501 2259 1628 2307 venit,
1655 2258 1773 2299 iusti-

382 2312 487 2352 tium
502 2312 642 2361 edicit,
658 2313 798 2353 claudi
816 2314 961 2353 tabem
965 2328 1007 2353 as
1021 2322 1107 2353 tota
1123 2314 1224 2354 urbe
1242 2314 1371 2363 iubet,
1386 2323 1500 2355 vetat
1516 2330 1772 2370 quemquam

380 2369 563 2423 privatae
605 2370 831 2425 quicquam
871 2370 931 2410 rei
972 2385 1106 2425 agere.
1184 2371 1309 2435 Tum,
1352 2371 1594 2435 quicunque
1635 2379 1771 2412 aetate

380 2426 496 2466 milit·
490 2427 550 2467 ari
577 2436 726 2476 essent,
750 2427 907 2475 armati,
932 2442 1027 2467 cum
1057 2427 1250 2468 cibariis
1241 2443 1282 2467 111
1316 2428 1406 2468 (1105
1427 2428 1614 2483 quinque
1643 2428 1772 2469 coctis

425 2570 441 2590 2
468 2562 593 2600 Operae
615 2563 757 2601 pretium
781 2566 825 2592 est
850 2562 981 2598 audire]
1014 2561 1052 2591 cf.
1100 2561 1181 2591 nihil
1196 2571 1276 2600 opus
1287 2564 1333 2591 est
1346 2560 1536 2598 mutatione,
1548 2561 1669 2601 quippe
1680 2562 1772 2602 plebs

385 2602 469 2633 Plin.
495 2604 538 2633 H.
557 2604 600 2634 N.
627 2604 713 2634 xviii.
741 2615 768 2642 4.
817 2603 914 2633 Dion.
946 2613 977 2633 Χ.
1005 2613 1054 2641 24.
1101 2604 1230 2633 dolebat
1252 2603 1423 2642 imperium
1450 2604 1597 2642 nimium,
1620 2604 1651 2635 h.
1673 2615 1700 2635 0.
1724 2604 1771 2634 ni-

386 2644 511 2676 Plinius
532 2656 642 2684 agrum
665 2646 697 2675 in
719 2645 878 2675 Vaticano
897 2645 1005 2682 fuisse,
1024 2648 1055 2675 et
1099 2646 1160 2675 mis
1186 2646 1333 2685 amplum
1358 2656 1436 2683 esse,
1461 2649 1493 2676 et
1518 2646 1620 2676 virum
1644 2646 1677 2676 in
1700 2646 1771 2686 ipso

384 2687 535 2717 viatorem
558 2689 598 2717 ad
620 2688 812 2723 Quinctium
830 2687 974 2722 missum,
991 2687 1056 2726 qui,
1100 2688 1235 2727 imperio
1249 2689 1427 2718 exercendo
1439 2688 1534 2718 nimis
1546 2688 1770 2719 vehementem

384 2737 457 2756 cum
472 2734 649 2767 campestre
659 2731 762 2760 solum
775 2730 936 2767 indutum,
947 2734 977 2760 et
990 2740 1055 2760 ara-
1101 2731 1177 2760 fore.

384 2771 468 2797 trum
486 2770 681 2801 (lucentem
674 2773 1162 2811 1111011114
1184 2773 1354 2812 Stipendia
1366 2774 1516 2812 pedibus]
1540 2772 1588 2803 Ut
1605 2771 1654 2802 cui
1671 2782 1771 2812 equus

430 2819 447 2848 3
471 2812 512 2839 In
537 2813 619 2850 ipsu]
656 2814 930 2853 Pr¹1cpositionem
956 2825 991 2844 m
1015 2825 1055 2844 ex
1097 2816 1246 2854 publicus
1262 2825 1326 2845 non
1339 2816 1433 2845 datus
1449 2818 1540 2845 esset.
1565 2815 1628 2845 Sed
1644 2813 1770 2853 poetica

386 2851 569 2882 coniectum
587 2855 612 2883 I.
626 2855 676 2884 Ir
689 2856 819 2886 Christii
841 2856 948 2886 omisit
966 2857 1051 2886 Bek-
1096 2857 1175 2887 haec
1199 2857 1346 2889 narratio.
1371 2858 1410 2888 cf.
1436 2857 1572 2888 Niebhr.
1593 2855 1613 2887 i.
1638 2865 1670 2894 p.
1695 2864 1768 2894 431.

385 2893 452 2924 ker.
474 2893 988 2936 Nescioanlocusclegantiorsit,
996 2899 1051 2928 sed
1096 2909 1126 2930 n.
1145 2908 1234 2938 1013.
