1934 3211
944 206 1091 249 ΤΙΤΙ
1133 206 1310 248 LIVII

430 304 531 341 ‘nos
569 298 791 340 vumerum
831 312 878 338 ac
918 297 1111 339 caedium
1149 297 1248 339 viris
1292 313 1339 339 30
1379 297 1621 354 parentibus
1661 311 1814 340 sumus.

429 355 613 397 ‘Melius
628 355 887 421 peribimus,
915 370 1040 411 quam
1072 355 1161 396 sine
1189 355 1326 396 alteris
1351 364 1536 396 vestrum
1562 355 1711 397 viduae
1744 363 1818 396 aut

429 415 577 455 ‘orbae
598 413 796 455 vivemus,
802 413 811 430 ’
855 412 1004 454 Movet
1023 428 1088 454 res
1109 421 1197 453 tum
1219 412 1545 463 multitudinem,
1563 422 1653 454 tum
1674 413 1814 454 duces.

431 470 655 512 Silentium
686 480 728 512 et
759 470 980 527 repentina
1006 471 1055 511 fit
1082 470 1212 526 quies.
1274 469 1380 511 Inde
1406 471 1459 511 ad
1485 471 1632 512 foedus
1660 470 1817 512 facien-

428 528 529 569 dum
560 528 688 570 duces
715 529 950 584 prodeunt:
984 543 1061 569 nec
1091 543 1238 585 pacem
1268 528 1405 577 modo,
1436 528 1509 569 sed
1536 537 1579 569 et
1605 528 1817 569 civitatem

428 602 557 627 unam
590 602 640 627 ex
675 586 838 628 duabus
869 585 1051 627 faciunt:
1086 601 1263 641 regnum
1296 586 1557 626 consociant:
1592 586 1817 641 imperium

429 659 552 685 omne
588 644 809 685 conferunt
837 643 1028 684 Romam.
1090 643 1157 684 Ι13
1189 644 1400 699 geminata
1431 644 1546 692 urbe,
1574 652 1622 683 ut
1652 642 1817 684 Sabinis

429 712 571 742 tamen
592 701 752 765 aliquid
773 701 954 750 daretur,
981 700 1169 749 Quirites
1190 716 1214 741 a
1237 700 1420 742 Curibus
1447 700 1655 756 appellati.
1718 699 1849 748 Mo-3

428 768 679 800 numentum
701 774 790 799 eius
810 773 989 814 pugnae,
1012 758 1085 799 ubi
1108 758 1291 814 primum
1320 773 1372 799 ex
1399 757 1607 813 profunda
1633 772 1817 798 emersus

428 817 581 873 palude
624 831 757 872 equus
797 815 995 857 Curtium
1031 816 1075 856 in
1111 815 1218 857 vado
1255 816 1411 866 statuit,
1447 815 1644 857 Curtium
1679 815 1851 856 lacum4

429 874 703 930 appellarunt.

488 931 555 972 Ex
585 931 697 973 bello
726 941 810 973 tam
840 931 945 972 tristi
977 930 1085 972 laeta
1113 940 1287 987 repente
1321 946 1404 987 pax
1437 931 1614 972 cariores
1644 930 1818 972 Sabinas

428 989 526 1030 viris
567 1004 613 1030 ac
652 989 907 1045 parentibus,
949 997 992 1029 et
1031 998 1127 1030 ante
1168 1004 1312 1030 omnes
1349 988 1532 1030 Romulo
1571 988 1663 1045 ipsi,
1703 988 1815 1030 fecit.

429 1046 591 1103 Itaque,
615 1062 747 1112 quum
767 1046 1005 1103 populum
995 1061 1040 1086 111
1061 1047 1193 1087 0111133
1214 1046 1385 1102 triginta
1405 1046 1623 1096 divideret,
1646 1046 1819 1088 nomina

428 1119 571 1145 earum
592 1104 717 1145 curiis
737 1104 946 1160 imposuit.
1008 1103 1061 1144 Id
1084 1119 1170 1144 non
1191 1104 1382 1153 traditur,
1403 1119 1533 1159 quum
1554 1079 1668 1145 haiid
1689 1103 1815 1145 dubie
1831 1110 1849 1142 5

428 1162 642 1217 aliquanto
670 1176 868 1202 numerus
896 1161 1026 1202 maior
1056 1161 1134 1201 1100
1167 1161 1389 1201 mulierum
1420 1161 1557 1210 fuerit,
1586 1170 1734 1211 aetate,
1763 1177 1819 1202 an

428 1219 703 1275 dignitatibus
734 1219 817 1260 suis
837 1219 1085 1267 virorumve,
1108 1233 1162 1258 an
1192 1226 1299 1258 sorte
1328 1218 1459 1259 lectae
1490 1219 1585 1268 sint,
1607 1234 1714 1274 quae
1742 1234 1820 1260 no-

429 1277 544 1318 mina
583 1277 707 1318 curiis
743 1276 902 1317 darent.
966 1275 1129 1317 Eodem
1170 1284 1357 1331 tempore
1399 1284 1442 1316 et
1482 1276 1693 1317 centuriae
1734 1285 1818 1317 tres

429 1335 620 1390 equitum
648 1334 904 1390 conscliptae
932 1342 1042 1382 sunt,
1067 1333 1328 1374 Ramnenses
1352 1334 1403 1374 ab
1426 1333 1622 1383 Romulo,
1645 1334 1696 1375 ab
1718 1333 1852 1375 Tito6

430 1392 556 1434 Tatio
592 1392 802 1433 Titienses
820 1391 1046 1450 appellati.
1107 1390 1320 1432 Lucerum
1352 1391 1534 1432 nominis
1572 1400 1616 1432 et
1646 1391 1852 1448 originis7

430 1465 554 1490 causa
573 1449 733 1490 incerta
753 1458 825 1490 est.

488 1507 594 1548 Inde
627 1522 713 1548 non
745 1507 870 1548 modo
901 1521 1136 1555 commune,
1165 1506 1239 1546 sed
1269 1521 1440 1547 concors
1469 1507 1609 1571 etiam,
1641 1522 1820 1572 regnum

430 1565 593 1606 duobus
625 1565 792 1621 regibus
825 1564 915 1605 fuit.
978 1564 1078 1605 Post
1106 1563 1264 1619 aliquot
1294 1579 1424 1604 3111103
1454 1564 1681 1620 propinqui
1710 1565 1820 1621 regis

430 1622 544 1663 Tatii
561 1623 718 1678 legatos
734 1622 1010 1663 Laurentium
1027 1621 1215 1677 pulsant:
1239 1630 1455 1677 quumque
1473 1621 1738 1663 Laurentes
1727 1637 1818 1663 lure

427 1680 619 1736 gentium
640 1688 824 1735 agerent,
843 1679 954 1735 apud
972 1679 1144 1720 Tatium
1160 1679 1292 1734 gratia
1311 1694 1480 1719 sumum
1502 1688 1544 1720 et
1564 1694 1709 1735 preces
1723 1679 1818 1736 plus

426 1746 631 1794 poterant.
686 1736 819 1793 Igitur
840 1737 1005 1777 illorum
1027 1751 1206 1792 poenam
1227 1752 1271 1776 111
1292 1752 1334 1777 se
1351 1736 1496 1777 vertit:
1521 1752 1619 1778 nam
1635 1737 1816 1787 Lavinii,

429 1811 559 1850 quum
592 1795 645 1835 ad
674 1794 862 1836 sollenne
890 1794 1140 1835 sacrificium
1167 1809 1218 1835 eo
1245 1794 1438 1843 venisset,
1462 1809 1668 1835 concursu
1693 1794 1816 1845 facto,

426 1853 685 1894 interficitur.
750 1851 856 1893 Eam
891 1867 980 1893 rem
1015 1852 1153 1892 minus
1185 1866 1320 1907 aegre,
1350 1867 1476 1907 quam
1507 1852 1683 1908 dignum
1714 1861 1817 1902 erat,

433 211 482 248 18

213 424 256 457 U.
274 425 311 456 C.
331 434 358 466 7.

210 469 249 499 A.
274 469 311 500 C.
332 478 399 508 745.

211 511 283 558 Pax
302 522 415 543 conve-

209 558 268 585 nit.

213 709 360 745 Quirites

210 753 297 783 unde
313 752 401 784 dicti.

280 1570 343 1608 14.

213 1625 256 1656 b.
274 1627 311 1656 C
333 1635 379 1656 12.

211 1669 249 1698 A.
275 1669 311 1699 C.
332 1676 401 1707 740.

211 1711 250 1741 T.
269 1711 356 1741 Tatii

210 1763 304 1785 mors.

472 1997 489 2026 3
514 1988 670 2025 Quirites]
697 1988 725 2017 A
739 1987 877 2017 Curibus
889 1986 1033 2022 Quirites
1045 1997 1099 2026 ap—
1145 1986 1326 2017 Niebuhrio
1351 1987 1445 2017 aliter
1467 1987 1570 2018 visum
1592 1991 1651 2026 est,
1667 1991 1703 2018 ut
1724 1987 1817 2020 infra.

427 2030 541 2069 pellari
570 2030 667 2069 paulo
699 2030 807 2060 durius
834 2030 970 2067 videtur,
996 2039 1100 2068 neque

426 2073 542 2103 melius
562 2083 581 2102 a
602 2074 724 2110 Quiris,
739 2072 840 2102 hasta.
868 2072 907 2102 cf.
925 2072 957 2102 N
961 2072 1060 2102 iebhr.
1076 2072 1096 2102 i.

427 2126 457 2154 p.
475 2116 547 2154 285,
560 2115 615 2154 qui
630 2125 747 2145 nomen
763 2124 783 2144 a
795 2116 907 2152 Quirio
923 2115 1098 2144 deductum

427 2158 560 2195 iudicat,
576 2158 696 2197 oppido
712 2158 744 2187 in
765 2161 875 2187 monte
892 2157 1028 2196 Agonali
1045 2157 1100 2188 Sa-

426 2201 585 2237 binorum,
602 2200 717 2239 quibus
732 2210 788 2230 arx
802 2200 1000 2239 Capitolium
1013 2204 1090 2230 erat.

469 2255 488 2282 4
512 2244 660 2273 Curtium
676 2243 796 2280 lacum]
825 2242 933 2272 Aliam
950 2243 990 2272 de
1005 2242 1100 2272 huius

425 2285 654 2333 appellationis
666 2285 785 2325 origine
795 2284 981 2324 opinionem
993 2289 1100 2315 narrat

427 2328 550 2365 Livius,
567 2328 618 2359 vii.
635 2326 664 2359 6.

475 2380 492 2410 5
517 2371 627 2401 Curiis
652 2371 818 2409 imposuzt]
869 2369 1015 2400 Nomina
1037 2370 1101 2401 Cu-

426 2414 543 2444 riarum
566 2413 652 2443 bello
669 2412 786 2443 Sabino
807 2412 987 2451 antiquiora
1003 2412 1099 2442 fuisse

426 2456 552 2496 scripsit
576 2455 747 2486 Terentius
772 2455 887 2492 Varro,
913 2459 994 2485 teste
1020 2454 1098 2485 Dio-

426 2499 538 2538 nysio:
570 2508 674 2537 neque
701 2498 895 2528 Plutarchus
921 2497 1005 2527 Livii
1029 2507 1097 2527 sen-

425 2541 561 2571 tentiam
585 2540 802 2580 amplectitur.
848 2540 1098 2570 VVachsmuthio

427 2585 534 2622 placet
554 2584 710 2623 populum
730 2584 870 2620 Romuli,
890 2587 926 2612 ut
949 2582 1015 2622 qui,
1038 2582 1099 2612 La-

427 2627 495 2656 tina
517 2627 615 2666 stirpe
631 2626 794 2663 oriundus,
809 2625 938 2665 triginta
954 2625 1099 2655 civitates

429 2668 560 2698 Latinas
587 2668 810 2705 adumbrabat,
833 2668 866 2698 in
890 2667 1020 2707 triginta
1046 2678 1098 2697 cu·-

427 2710 500 2746 rias,
509 2721 565 2740 sua
575 2721 736 2749 quamque
748 2721 838 2740 sacra
848 2714 880 2740 et
893 2710 1100 2740 caerimonias

427 2752 612 2789 habentem,
625 2753 716 2783 initio
731 2753 928 2792 descriptum
943 2753 1050 2789 fuisse,
1066 2756 1098 2783 et

428 2794 573 2824 curiones
598 2795 728 2834 singulis
755 2796 895 2835 singulos
921 2795 1099 2835 praefectos

427 2846 507 2873 esse,
523 2836 575 2874 qui
599 2847 687 2867 sacra
709 2838 861 2875 facerent,
880 2842 916 2868 ut
934 2838 1036 2868 Varro
1059 2839 1100 2868 de

429 2879 466 2909 L.
486 2878 521 2908 L.
540 2889 567 2908 v.
585 2887 623 2917 ²3
639 2879 758 2916 scribit,
772 2890 876 2919 neque
892 2882 932 2910 ob
949 2880 1099 2910 virtutem

427 2921 598 2950 militarem
623 2920 768 2957 selectos,
783 2923 837 2960 qui
853 2922 938 2953 cives
957 2923 989 2952 in
1013 2923 1099 2953 bella

428 2964 592 2997 ducerent,
629 2966 663 2991 ut
702 2962 876 3002 Dionysius
919 2965 1098 2996 somniavit.

1145 2029 1195 2060 Cf.
1213 2029 1281 2061 Cic.
1298 2030 1338 2060 de
1355 2030 1439 2069 Rep.
1455 2030 1487 2061 ii.
1505 2031 1533 2061 8.

1183 2071 1202 2102 6
1219 2072 1392 2103 Centuriae
1404 2077 1467 2104 tres
1482 2073 1641 2113 equitum]
1660 2072 1818 2111 Eaedem,

1142 2124 1224 2153 quae
1244 2114 1345 2145 tribus
1362 2115 1543 2145 Romuleae
1562 2115 1667 2146 dictae
1690 2119 1775 2153 sunt,
1790 2116 1817 2146 si

1146 2157 1433 2188 Wachsmuthium
1451 2157 1631 2195 audiamus,
1646 2158 1700 2197 qui
1718 2158 1817 2189 Grae-

1145 2200 1233 2230 vium
1256 2200 1297 2230 ad
1314 2200 1400 2231 Flor.
1420 2200 1441 2231 i.
1462 2209 1478 2240 5
1501 2200 1654 2240 sequitur,
1668 2201 1819 2240 “Itaque

1143 2247 1207 2273 tres
1229 2242 1304 2272 illae
1326 2243 1427 2273 tribus
1449 2246 1481 2273 et
1504 2243 1628 2282 pedites
1646 2247 1678 2274 et
1693 2243 1818 2283 equites

1144 2285 1370 2316 continebant:
1388 2286 1444 2315 sed
1456 2286 1649 2325 procedente
1659 2289 1817 2326 tempore,

1143 2328 1177 2358 id
1203 2337 1320 2358 nomen
1347 2327 1422 2358 solis
1445 2327 1596 2358 centuriis
1617 2328 1818 2368 equestribus

1144 2369 1256 2400 haesit.
1296 2369 1392 2405 Quae
1405 2380 1500 2400 causa
1511 2373 1558 2400 est
1570 2380 1627 2400 cur
1637 2381 1657 2401 a
1670 2370 1763 2402 Varr.
1775 2371 1816 2401 de

1144 2412 1181 2443 L.
1200 2413 1237 2443 L.
1258 2412 1298 2443 iv.
1321 2422 1350 2453 9.
1375 2412 1460 2444 Flor.
1484 2412 1543 2443 loc.
1567 2413 1620 2443 cit.
1644 2416 1676 2443 et
1697 2413 1816 2445 Ascon.

1142 2455 1175 2485 in
1190 2455 1259 2486 Cic.
1277 2455 1368 2485 Verr.
1390 2454 1433 2485 iii.
1456 2463 1472 2494 5
1494 2464 1558 2485 non
1579 2455 1743 2486 centuriae
1758 2456 1815 2487 sed

1140 2497 1242 2527 trihus
1256 2497 1438 2528 d-tcantur.''
1482 2497 1552 2528 Liv.
1568 2508 1599 2528 x.
1615 2495 1645 2528 6.

1187 2548 1204 2580 7
1227 2541 1381 2578 Luceres]
1430 2539 1494 2570 Vel
1520 2539 1684 2578 Lucertes,
1707 2550 1728 2570 a
1750 2539 1815 2571 Lu-

1144 2593 1215 2612 cere
1245 2582 1310 2612 sive
1336 2582 1471 2619 Lucem,
1495 2582 1616 2622 oppido
1645 2582 1678 2613 in
1704 2586 1815 2614 monte

1143 2625 1255 2656 Coelio
1272 2625 1482 2661 Albanorum,
1497 2628 1534 2654 ut
1549 2625 1700 2656 Tiburtes
1720 2636 1740 2656 a
1759 2625 1814 2656 Ti-

1143 2668 1231 2705 bure,
1258 2667 1393 2698 Niebhr.
1450 2667 1678 2698 WVachsmuth.
1701 2671 1734 2698 et
1755 2668 1815 2698 Ar-

1142 2710 1229 2741 nold.
1260 2719 1280 2739 a
1317 2709 1517 2746 Lucumone,
1554 2710 1636 2740 duce
1665 2710 1816 2748 Etrusco,

1141 2753 1330 2784 Ciceronem
1347 2753 1387 2782 de
1403 2753 1487 2792 Rep.
1504 2752 1536 2783 ii.
1554 2753 1584 2790 8,
1600 2753 1710 2783 secuti.
1748 2751 1812 2782 Lu-

1142 2805 1248 2832 cumo,
1270 2794 1355 2825 idem
1379 2795 1433 2834 qui
1457 2795 1572 2826 Coeles
1588 2795 1739 2825 Vibenna
1758 2804 1812 2834 ap.

1143 2838 1221 2868 Tac.
1239 2838 1322 2868 Ann.
1339 2837 1379 2868 iv.
1396 2836 1446 2877 65.
1492 2837 1542 2869 Cf.
1559 2837 1640 2868 Tab.
1657 2837 1759 2876 Lugd.
1778 2837 1812 2867 in

1143 2880 1247 2910 Tacit.
1271 2880 1331 2910 Ed.
1355 2880 1442 2919 Lips.
1463 2880 1516 2911 fol.
1540 2890 1571 2919 p.
1589 2880 1658 2918 528.
1683 2878 1811 2910 Gruter.

1143 2923 1242 2953 Inscr.
1256 2933 1286 2962 p.
1301 2932 1360 2953 DII.
1396 2922 1510 2953 Festus
1525 2933 1553 2952 v.
1570 2920 1700 2952 Coelius
1715 2921 1813 2953 Mons

1143 2969 1174 2995 et
1192 2965 1395 2996 Lucerenses.
1421 2964 1512 2995 Varr.
1529 2964 1569 2994 de
1586 2963 1622 2994 L.
1641 2962 1678 2994 L.
1694 2963 1734 2994 iv.
1751 2973 1782 3005 9.
