1934 3211
174 330 213 360 A.
238 329 276 360 C.
295 327 366 368 362.

174 372 211 402 L.
222 371 384 408 Genucio,

175 498 378 530 Pestilentia.

174 541 307 573 Camilli

175 594 269 615 mors.

177 1079 278 1151 ᾆξ’-(ὅ
296 1086 367 1157 {gi'
398 1081 569 1123 Stolone
610 1081 864 1131 consulibus,

175 1165 214 1237 is.
227 1163 384 1235 ssiiiiiio‘J’
396 1197 520 1238 tertio
557 1205 647 1237 tum
682 1205 776 1252 post
815 1197 1030 1238 conditam
1064 1197 1212 1238 urbem
1245 1196 1548 1238 lectisternium
1580 1196 1672 1237 fuit.

391 192 477 230 400

906 188 1054 231 ΤΙΤΙ
1092 188 1274 231 LIVII

176 286 219 318 U.
236 286 274 318 C.
292 293 366 327 390.
393 288 437 321 et
466 294 491 320 a
520 279 632 321 bello
663 280 816 335 quietis
847 280 984 330 rebus,
1016 296 1070 321 ne
1104 280 1275 336 quando
1307 296 1331 321 a
1363 289 1479 322 metu
1512 294 1560 321 ac
1595 279 1794 336 periculis

393 345 601 387 vacarent,
644 337 884 393 pestilentia
932 338 1083 393 ingens
1133 346 1233 379 orta.

175 414 218 450 q,
231 413 365 445 Servilio
394 395 594 444 curulem,
611 403 693 436 tres
710 395 899 436 tribunos
914 395 1049 451 plebis
1071 404 1256 436 mortuos
1272 396 1424 445 ferunt,
1439 411 1515 452 pro
1536 394 1729 451 portione
1751 402 1795 435 et

174 458 264 488 Coss.
1501 453 1509 460 ⁰

1312 337 1559 387 Censorem,
1611 336 1793 378 aedilem

395 467 448 493 ex
474 451 747 493 multitudine
777 452 857 493 alia
882 453 1014 494 multa
1047 453 1191 494 funera
1216 453 1365 494 fuisse:
1400 467 1668 508 maximeque
1699 466 1793 492 eam

394 509 678 565 pestilentiam
709 510 917 565 insignem
946 525 1056 551 mors
1078 525 1203 565 quam
1233 518 1407 559 matura,
1430 519 1515 551 tam
1541 510 1703 559 acerba,
1726 507 1790 549 M.
1806 517 1824 549 5

395 567 511 608 Furii
543 567 652 608 fecit.

717 567 815 607 Fuit
845 567 959 607 enim
985 581 1081 607 vere
1111 567 1174 607 vir
1201 567 1351 608 unicus
1381 568 1425 608 in
1456 567 1571 608 omni
1598 566 1789 607 fortuna:

394 624 589 680 princeps
602 639 704 680 pace
727 624 924 678 belloque
945 624 1073 679 prius,
1097 638 1224 678 quam
1250 624 1487 664 exsulatum
1504 625 1610 673 iret;
1643 623 1794 664 clarior

394 682 439 722 in
456 681 602 722 exsilio
618 681 684 721 vel
701 680 909 721 desiderio
927 680 1117 729 civitatis,
1133 695 1241 735 quae
1255 689 1378 736 capta
1398 681 1580 721 absentis
1596 680 1793 737 implora-

393 739 452 779 vit
483 753 620 793 opem,
653 737 719 778 vel
751 737 963 787 felicitate,
997 752 1082 792 qua
1110 737 1328 778 restitutus
1360 737 1404 777 in
1437 738 1615 793 patriam
1650 753 1793 778 secum

393 795 569 851 patriam
592 795 724 850 ipsam
745 794 939 835 restituit.

1001 794 1085 834 Par
1105 794 1260 835 deinde
1282 810 1358 850 per
1374 795 1563 850 quinque
1586 802 1628 835 et
1644 794 1794 850 viginti

394 867 526 892 annos
547 851 630 907 (tot
653 851 766 892 enim
788 859 933 907 postea
953 851 1079 907 vixit)
1101 851 1223 892 titulo
1246 860 1384 893 tantae
1407 851 1563 908 gloriae
1585 851 1678 901 suit,
1701 851 1794 908 dig-

393 924 558 964 nusque
596 908 776 958 habitus,
809 924 938 964 quem
970 909 1203 950 secundum
1241 924 1266 950 a
1305 909 1491 950 Romulo
1530 908 1793 951 conditorem

394 967 508 1007 urbis
531 966 749 1007 Romanae
770 966 938 1008 ferrent.

454 1023 510 1064 Et
530 1024 610 1065 hoc
633 1032 676 1065 et
696 1024 936 1080 insequenti
958 1039 1082 1074 anno,
1108 1023 1158 1065 C.
1179 1024 1364 1081 Sulpicio
1378 1024 1540 1074 Petico,
1558 1023 1609 1066 C.
1625 1023 1794 1065 Licinio

905 1082 1145 1138 pestilentia
1184 1082 1274 1123 fuit.

1358 1082 1422 1123 Eo
1470 1081 1576 1123 nihil
1617 1081 1794 1138 dignum

396 1139 597 1180 memoria
626 1147 779 1189 actum,
802 1139 883 1180 nisi
905 1139 1021 1195 quod
1051 1139 1164 1195 pacis
1189 1139 1316 1181 deum
1348 1139 1640 1195 exposcendae
1671 1153 1795 1180 causa

1736 1195 1826 1237 Et6

175 1250 264 1280 Coss.
396 1269 528 1310 quum
549 1254 611 1295 vis
633 1254 768 1295 morbi
788 1270 867 1296 nec
888 1254 1084 1295 humanis
1112 1254 1296 1295 consiliis
1317 1269 1396 1295 nec
1418 1254 1663 1310 ope'divina
1681 1252 1794 1295 leva-

176 1313 373 1395 {iufiiriiffiieni-
396 1319 523 1361 retur,
546 1311 666 1352 victis
687 1311 983 1368 superstitione
1006 1312 1168 1361 animis,
1191 1309 1281 1352 ludi
1303 1327 1473 1367 quoque
1495 1310 1663 1360 scenici,
1685 1325 1795 1352 nova

395 1384 460 1410 res
487 1368 686 1410 bellicoso
711 1369 881 1425 populo,
904 1369 1021 1425 (nam
1044 1369 1143 1410 circi
1174 1368 1301 1410 modo
1329 1367 1617 1425 spectaculum
1637 1366 1799 1423 fuerat)

396 1427 506 1467 inter
519 1426 599 1467 alia
620 1426 809 1468 coelestis
826 1427 911 1468 irae
927 1426 1163 1483 placamina
1183 1427 1366 1467 instituti
1388 1426 1600 1467 dicuntur.

1666 1424 1795 1467 Cete-

395 1498 489 1524 rum
513 1499 640 1548 parva
671 1499 841 1540 quoque
873 1484 941 1540 (ut
971 1484 1102 1525 ferme
1130 1484 1338 1541 principia
1367 1483 1529 1540 omnia)
1553 1491 1597 1525 et
1626 1498 1676 1524 ea
1704 1483 1795 1539 ipsa

394 1555 617 1596 peregrina
647 1556 711 1582 res
741 1541 832 1582 fuit.

898 1541 998 1583 Sine
1031 1542 1215 1583 carmine
1248 1541 1346 1591 ullo,
1372 1542 1461 1583 sine
1492 1540 1824 1582 1mitandorum7

394 1598 629 1639 carminum
670 1607 778 1647 actu,
813 1598 1007 1640 ludiones
1048 1615 1100 1640 ex
1136 1599 1307 1640 Etruria
1347 1599 1483 1648 acciti,
1520 1598 1573 1639 ad
1609 1597 1795 1639 tibicinis

394 1655 541 1696 modos
562 1655 771 1705 saltantes,
786 1655 898 1696 haud
921 1656 1143 1697 indecoros
1162 1665 1300 1697 motus
1325 1671 1439 1697 more
1462 1656 1602 1696 Tusco
1622 1655 1790 1696 dabant.

396 1712 557 1753 Imitari
597 1712 751 1753 deinde
800 1727 870 1753 eos
910 1713 1119 1761 iuventus,
1161 1712 1286 1753 simul
1326 1712 1553 1753 inconditis
1592 1713 1703 1753 inter
1749 1726 1792 1753 se

396 1769 594 1811 iocularia
621 1769 847 1810 fundentes
882 1770 1080 1819 versibus,
1110 1785 1310 1825 coepere3
1344 1785 1422 1810 nee
1458 1769 1604 1810 absoni
1636 1784 1661 1809 a
1690 1784 1792 1810 voce

396 1835 534 1868 motus
568 1842 665 1868 eran
671 1836 697 1868 t.

397 1884 589 1925 excitata.

761 1828 952 1883 Accepta
986 1827 1127 1882 itaque
1164 1842 1229 1868 res
1270 1827 1518 1882 saepiusque
1551 1825 1793 1882 usurpando

652 1884 901 1925 Vernaculis
932 1884 1171 1933 artificibus,
1202 1884 1303 1939 quia
1334 1884 1464 1924 hister
1490 1883 1630 1925 Tusco
1665 1884 1826 1925 verbo8

397 1941 514 1983 ludio
527 1942 764 1991 vocabatur,
779 1957 935 1982 nomen
952 1941 1223 1982 histrionibus
1240 1940 1445 1981 inditum:
1480 1938 1669 1996 quinon,
1687 1940 1794 1982 sicut

397 2007 508 2049 ante,
541 1998 805 2039 Fescennino
835 2013 957 2039 versu
988 1998 1169 2039 similem
1200 1998 1525 2054 incompositum
1556 2005 1713 2039 temere
1745 2012 1826 2044 ac9

395 2056 544 2097 rudem
576 2055 746 2097 alternis
777 2056 982 2097 iaciebant
997 2071 1007 2105 3
1040 2055 1115 2097 sed
1143 2055 1335 2112 impletas
1365 2055 1500 2097 modis
1527 2063 1697 2106 saturas,
1719 2054 1793 2096 de·
1809 2069 1822 2091 ¹

439 2186 456 2215 5
482 2176 586 2212 Quam
609 2179 751 2213 matura,
767 2180 831 2206 tam
848 2176 980 2213 acerba]
1015 2176 1047 2206 N
1051 2175 1074 2206 i—

394 2217 572 2248 hilominus
598 2219 725 2255 acerba,
749 2217 896 2257 quamvis
921 2228 959 2248 ea
985 2229 1073 2249 sene-

396 2264 485 2290 ctute
502 2260 563 2299 ipsi
579 2260 790 2300 contingeret,
810 2270 873 2299 qua
894 2260 1073 2300 exspectari

396 2303 562 2333 debuerat.
588 2303 730 2334 Smorn.

440 2344 460 2375 6
479 2346 583 2376 Tertio
599 2350 664 2375 mm
680 2369 686 2375 .
698 2369 705 2376 .
720 2369 727 2376 .
741 2346 970 2376 lectisternium
979 2346 1069 2384 snit]

398 2387 647 2417 Lectisternium
672 2387 704 2417 in
731 2388 810 2417 urbe
836 2388 987 2417 Romana
1010 2388 1071 2427 pri-

396 2440 486 2459 mum
504 2430 564 2460 fuit
580 2440 665 2460 anno
684 2430 726 2460 U.
741 2430 780 2460 C.
799 2429 869 2469 356.
899 2429 973 2460 Vid.
985 2441 1070 2469 supr.

398 2483 425 2502 v.
447 2481 493 2511 13.
541 2472 618 2507 Quo
634 2476 780 2511 tempore
797 2475 907 2502 autem
931 2473 1072 2502 secundo

395 2515 518 2544 factum
531 2514 638 2552 fuerit,
650 2514 760 2545 Livius
772 2524 836 2544 non
847 2515 951 2545 docet.
964 2515 1070 2546 Cnssv.

397 2557 436 2586 cf.
454 2557 526 2587 infr.
543 2556 620 2587 xxii.
642 2567 689 2588 10.

443 2606 459 2637 7
482 2600 559 2630 Sine
585 2600 728 2630 carmine
753 2601 831 2636 ullo,
850 2601 919 2630 sine
944 2601 1071 2630 imitan—

396 2642 510 2672 dorum
540 2643 720 2671 carminum
749 2643 841 2679 actu]
890 2642 920 2672 h.
945 2652 972 2672 e.
998 2641 1074 2672 Sine

398 2687 530 2714 cantore
550 2684 604 2722 qui
626 2683 860 2723 pronuntiaret,
881 2688 913 2714 et
936 2684 1003 2714 sine
1026 2684 1072 2713 hi-

398 2725 529 2762 strione,
547 2726 602 2765 qui
626 2727 773 2757 saltando
797 2730 829 2756 et
850 2726 1073 2766 gesticulando

399 2777 448 2804 ca,
475 2778 557 2806 quae
584 2768 887 2807 pronuntiabantur,
914 2769 1072 2808 exprime-

398 2813 464 2838 ret:
489 2820 563 2840 nam
591 2811 671 2841 haec
698 2810 815 2841 deinde
845 2811 957 2841 addita
986 2815 1072 2848 sunt,

397 2859 497 2887 quum
509 2856 604 2882 antea
614 2853 762 2883 ludiones
772 2852 852 2883 nihil
863 2854 963 2891 aliud,
974 2863 1071 2892 quam

398 2891 439 2920 ad
453 2892 591 2922 tibicinis
606 2895 719 2923 modos
735 2895 899 2926 saltarent.
918 2895 1056 2926 Dum-:In

442 2933 460 2962 8
492 2934 677 2964 Vertit-{culis
692 2937 886 2974 artificibus]
910 2938 1070 2966 Domesti-

1120 2176 1175 2213 cis,
1193 2175 1226 2206 id
1249 2180 1308 2214 est,
1328 2174 1485 2207 Romanis
1508 2174 1704 2214 ludionibus,
1727 2174 1794 2207 sive

1118 2218 1289 2250 actoribus.

1161 2271 1180 2301 9
1204 2262 1404 2292 Fescennino
1422 2261 1535 2299 versu]
1564 2260 1642 2291 Non
1665 2259 1730 2291 iam
1746 2263 1792 2291 te-

1118 2313 1205 2334 mere
1227 2303 1387 2333 iaciebant
1411 2303 1661 2342 incompositum
1681 2313 1719 2333 ac
1742 2313 1793 2333 ru-

1118 2347 1191 2376 dem
1217 2356 1354 2383 versum,
1370 2345 1574 2384 similemque
1590 2344 1792 2375 Fescennino

1118 2399 1220 2424 versu,
1233 2388 1253 2418 i.
1265 2399 1291 2418 e.
1306 2387 1419 2418 versui.
1459 2387 1607 2417 Fortasse
1623 2386 1792 2426 scripserat

1118 2430 1229 2460 Livius
1252 2441 1390 2467 versum,
1405 2429 1567 2468 quomodo
1590 2429 1712 2460 habent
1727 2429 1792 2459 duo

1117 2472 1226 2512 scripti
1243 2483 1262 2502 a
1277 2471 1443 2502 Gronovio
1458 2471 1607 2511 inspecti,
1622 2475 1655 2502 et
1667 2471 1791 2502 Victor.

1116 2516 1230 2545 codex.
1277 2515 1376 2545 Porro
1398 2515 1619 2545 Fescenninus
1642 2524 1750 2544 versus
1772 2524 1793 2544 a

1118 2557 1297 2587 Fescennia
1320 2556 1469 2587 Etruriae
1496 2557 1575 2587 urbe
1601 2556 1707 2587 dictus
1732 2559 1792 2593 est,

1117 2610 1157 2629 ex
1183 2610 1245 2638 qua
1270 2600 1411 2629 Romam
1435 2602 1483 2629 est
1505 2599 1634 2630 allatus.
1679 2598 1733 2629 De
1754 2608 1792 2629 eo

1120 2642 1181 2672 vid.
1200 2642 1281 2672 Hor.
1300 2641 1403 2681 Epist.
1425 2651 1450 2672 1.
1468 2651 1496 2672 2.
1520 2641 1626 2672 Cnssv.

1169 2694 1181 2714 1
1207 2685 1362 2721 Saturus]
1398 2684 1521 2714 Satura
1546 2683 1674 2723 proprie
1699 2686 1791 2713 notat

1118 2727 1243 2757 lancem
1268 2729 1416 2756 onustam
1440 2735 1503 2755 uva
1525 2735 1630 2765 passa,
1648 2725 1791 2765 polenta,

1118 2772 1149 2799 et
1171 2768 1342 2808 omnigena
1358 2768 1500 2798 ciborum
1517 2778 1555 2798 ac
1569 2767 1694 2806 frugum
1712 2766 1790 2796 vari-

1117 2815 1215 2849 etate,
1231 2821 1313 2850 quae
1332 2810 1429 2840 sacris
1445 2809 1570 2841 Cereris
1584 2809 1789 2839 inferebatur.

1118 2854 1200 2884 Inde
1216 2863 1255 2884 ea
1270 2863 1348 2883 voce
1364 2852 1527 2891 designata
1543 2854 1590 2881 est
1605 2860 1710 2880 rerum
1731 2851 1789 2880 mi—

1116 2899 1204 2925 stura
1228 2895 1387 2934 quaedam
1413 2897 1445 2923 et
1468 2892 1556 2932 quasi
1580 2892 1726 2931 farrag03
1751 2902 1789 2923 ac

1117 2947 1210 2975 porro
1225 2947 1325 2976 genus
1341 2937 1402 2965 hoc
1422 2933 1590 2973 poematis,
1604 2935 1689 2972 quod
1707 2935 1788 2964 mul-
