1934 3211
187 257 231 288 U.
248 257 286 288 C.
304 266 376 296 434.

184 300 224 331 A.
249 300 287 331 C.
305 301 376 339 318.

245 2478 307 2513 10.

403 162 487 200 510
923 160 1072 204 ΤΙΤΙ
1113 160 1292 206 LIVII

404 251 559 292 ‘etiam
589 249 798 293 Samnites
825 252 1130 302 iudicaverunt,
1160 252 1313 308 quibus
1346 265 1432 293 non
1462 251 1542 292 fuit
1571 251 1668 293 satis
1699 264 1800 293 con-

405 313 417 331 ‘
432 308 541 349 sules
571 308 792 364 spondere,
821 310 896 350 sed
925 309 1096 365 legatos,
1120 318 1372 365 quaestores,
1398 309 1588 349 tribunos
1618 308 1800 350 militum

404 365 638 421 ‘spondere
671 375 911 422 coegerunt.
975 366 1070 407 Nec
1105 382 1130 407 a
1164 381 1230 407 me
1266 380 1380 407 nunc
1416 366 1639 422 quisquam
1672 380 1801 421 quae-

404 427 416 446 ‘
432 422 586 472 siverit,
610 423 713 479 quid
739 423 798 464 ita
821 423 1152 479 spoponderim?
1182 438 1314 479 quum
1343 422 1387 463 id
1414 437 1493 463 nec
1524 422 1705 464 consulis
1734 423 1800 463 ius

404 485 416 503 ‘
432 488 566 528 esset3
598 495 677 521 nec
705 480 786 520 illis
813 480 1018 535 spondere
1044 495 1204 535 pacem,
1228 494 1336 535 quae
1365 479 1449 520 mei
1476 494 1564 520 non
1585 488 1673 521 erat
1692 479 1801 520 arbi-

404 542 416 560 ⁶
433 537 513 586 trii,
536 552 615 578 nec
635 552 711 592 pro
730 537 860 586 vobis,
884 537 958 592 qui
979 536 1085 576 nihil
1106 536 1424 585 mandaveratis,
1446 551 1623 591 possem.
1677 536 1802 577 Nihil

405 599 417 617 ‘
433 594 487 634 ad
518 594 743 642 Caudium,
767 593 912 633 Patres
943 593 1180 648 conscripti,
1202 593 1397 633 humanis
1425 593 1607 634 consiliis
1633 601 1800 650 gestum

405 656 417 674 ‘
433 659 506 691 est.
569 650 644 691 Dii
672 649 927 690 immortales
955 658 998 690 et
1024 650 1169 690 vestris
1195 659 1238 690 et
1267 649 1451 690 hostium
1480 650 1800 706 imperatoribus

405 713 418 730 ‘
433 716 620 748 mentem
641 706 900 747 ademerunt.
964 705 1058 747 Nec
1086 721 1162 747 nos
1189 707 1234 746 in
1259 706 1368 747 bello
1393 706 1490 746 satis
1515 707 1724 757 cavimus3
1757 716 1801 748 et

405 764 493 804 ‘illi
528 763 635 804 male
670 772 833 818 partam
868 763 1084 804 victoriam
1120 763 1228 804 male
1263 762 1554 819 perdiderunt,
1591 764 1693 805 dum
1727 765 1800 806 vix

405 827 416 844 ‘
432 821 545 870 loeis,
564 821 717 876 quibus
733 821 932 870 vicerant,
950 820 1140 869 credunt,
1158 820 1260 860 dum
1281 835 1534 876 quacunque
1556 821 1798 863 conditione

404 884 547 918 ‘arma
575 878 673 918 viris
703 877 748 917 in
779 893 892 918 arma
921 878 1030 918 natis
1060 878 1220 918 auferre
1250 877 1461 918 festinant.
1523 878 1610 927 An,
1636 877 1671 918 si
1700 893 1800 920 sana

404 941 551 975 ‘mens
582 934 739 984 fuisset,
773 934 942 976 difficile
974 934 1056 975 illis
1087 935 1180 984 fuit,
1215 935 1318 975 dum
1349 949 1469 975 senes
1502 935 1553 976 ab
1585 934 1712 976 domo
1745 936 1800 977 ad

404 991 754 1033 ‘consultandum
791 1001 1018 1042 arcessunt,
1052 992 1218 1033 mittere
1253 991 1435 1032 Romam
1470 991 1660 1047 legatos?
1700 1006 1799 1033 cum

403 1055 590 1099 ‘senatu,
613 1065 711 1090 cum
741 1049 912 1105 populo,
935 1049 988 1090 de
1019 1065 1121 1106 paee
1153 1064 1201 1090 ac
1231 1049 1399 1090 foedere
1431 1050 1587 1105 agere?
1647 1049 1799 1091 Tridui

402 1106 510 1147 ‘iter
534 1107 742 1163 expeditis
767 1115 865 1147 erat.
928 1105 1096 1147 Interea
1122 1106 1165 1147 in
1195 1106 1370 1147 indutiis
1397 1121 1463 1147 res
1483 1106 1641 1156 fuisset,
1662 1106 1798 1148 donec

402 1170 414 1187 ⁶
429 1164 480 1204 ab
505 1164 642 1205 Roma
661 1163 788 1219 legati
809 1172 882 1205 aut
896 1164 1112 1205 victoriam
1132 1163 1213 1205 illis
1233 1173 1403 1213 certam,
1422 1172 1494 1205 aut
1513 1179 1662 1219 pacem
1677 1164 1799 1205 affer-

401 1227 535 1261 ‘rent.
599 1221 663 1261 Ea
690 1221 863 1262 demum
891 1221 1058 1277 sponsio
1086 1229 1206 1270 esset,
1229 1236 1355 1277 quam
1382 1220 1529 1277 populi
1558 1221 1673 1262 iussu
1702 1236 1798 1277 spo-

400 1284 412 1302 ‘
428 1278 731 1334 pondissemus.
797 1277 882 1319 Sed
912 1294 1051 1334 neque
1072 1293 1145 1320 vos
1173 1278 1383 1327 tulissetis,
1405 1293 1484 1319 nec
1512 1293 1588 1319 nos
1615 1293 1797 1334 spopon-

400 1341 412 1359 ‘
428 1335 658 1376 dissemus:
691 1350 770 1376 nec
791 1335 851 1376 fas
871 1336 952 1377 fuit
976 1336 1104 1376 aliurn
1129 1350 1269 1376 rerum
1294 1335 1455 1376 exitum
1477 1350 1579 1385 esse,
1602 1350 1729 1391 quam
1749 1344 1798 1377 ut

399 1392 500 1442 ς111ἰ,
537 1392 654 1434 velut
693 1393 857 1434 somnio
897 1393 1082 1443 laetiore,
1125 1408 1252 1448 quam
1292 1392 1408 1448 quod
1448 1400 1611 1434 mentes
1651 1407 1796 1434 eorum

399 1455 412 1473 ‘
427 1464 574 1504 capere
596 1458 779 1505 possent,
800 1450 1084 1506 nequicquam
1106 1450 1402 1490 eluderentur:
1435 1458 1479 1490 et
1505 1458 1695 1491 nostrum
1722 1465 1797 1491 ex-

399 1507 605 1546 ‘ercitum
655 1507 816 1555 eadem,
864 1522 972 1562 quae
1023 1507 1285 1562 impedierat,
1331 1507 1500 1547 fortuna
1548 1507 1793 1562 expediret:

398 1568 577 1603 ‘vanam
604 1562 821 1603 victoriam
845 1564 992 1603 vanior
1020 1563 1179 1604 irritam
1206 1563 1363 1604 faceret
1391 1578 1500 1618 pax:
1533 1564 1702 1619 sponsio
1731 1564 1797 1605 in-

399 1625 412 1643 ‘
428 1627 731 1674 terponeretur,
750 1633 858 1674 quae
879 1619 1106 1669 neminem,
1124 1628 1290 1675 praeter
1305 1635 1560 1675 sponsorem,
1578 1620 1794 1676 obligaret.

399 1682 411 1699 ⁶
431 1676 549 1724 Quid
569 1676 683 1716 enim
703 1675 931 1724 vobiscum,
954 1675 1100 1716 Patres
1125 1677 1363 1731 conscripti,
1387 1677 1490 1731 quid
1515 1692 1612 1717 cum
1636 1677 1795 1732 populo

398 1739 411 1757 ‘
428 1733 624 1774 Romano
646 1741 787 1773 actum
808 1733 903 1773 est?
934 1732 1028 1787 quis
1049 1747 1121 1772 vos
1142 1732 1350 1787 appellare
1375 1734 1546 1787 potest?
1577 1734 1670 1789 quis
1698 1749 1741 1775 se
1770 1750 1794 1775 a
1807 1745 1824 1777 5

398 1797 410 1814 ζ
426 1790 543 1831 vobis
564 1790 702 1830 dicere
727 1790 987 1845 deceptum?
1048 1788 1228 1830 Hostis?
1258 1804 1313 1829 an
1340 1789 1473 1830 civis?
1534 1789 1660 1831 Hosti
1687 1791 1795 1832 nihil

398 1853 410 1871 ‘
425 1847 730 1903 spopondistis:
754 1847 889 1887 civem
909 1846 1125 1887 neminem
1146 1845 1352 1902 spondere
1374 1861 1450 1901 pro
1466 1847 1584 1888 vobis
1604 1847 1790 1890 iussistis.

397 1904 547 1944 ‘Nihil
583 1919 682 1959 ergo
717 1903 834 1945 vobis
866 1918 945 1944 nee
980 1903 1198 1943 nobiscum
1236 1911 1310 1952 est,
1345 1903 1497 1958 quibus
1532 1904 1639 1945 nihil
1674 1920 1793 1946 man-

395 1961 576 2009 ‘dasti53
614 1976 693 2001 nec
734 1975 830 2001 cum
867 1959 1136 2009 Samnitibus,
1171 1974 1267 2000 cum
1308 1960 1461 2015 quibus
1496 1961 1602 2001 nihil
1637 1962 1789 2018 egistis,

395 2025 407 2042 ⁶
426 2018 684 2059 Samnitibus
712 2031 931 2073 sponsores
962 2031 1038 2057 nos
1066 2031 1235 2057 sumus:
1269 2017 1330 2057 rei
1361 2017 1458 2057 satis
1490 2017 1720 2074 locupletes
1746 2020 1824 2063 in6

395 2075 480 2125 ‘id,
510 2075 626 2130 quod
658 2083 847 2115 nostrum
880 2082 968 2122 est3
1002 2073 1047 2113 in
1078 2073 1136 2123 id,
1169 2073 1284 2129 quod
1316 2082 1523 2129 praestare
1558 2090 1790 2131 possumus,

395 2139 598 2188 ‘corpora
636 2140 778 2172 nostra
817 2140 860 2172 et
899 2131 1069 2171 animos·
1133 2130 1186 2171 In
1225 2130 1329 2171 haec
1369 2132 1566 2182 saeviant,
1602 2132 1648 2173 in
1687 2133 1791 2176 haec

397 2190 592 2238 ‘sm-rum,
615 2189 660 2229 in
687 2189 790 2229 haee
820 2188 901 2228 iras
931 2196 1094 2228 acuant.
1161 2187 1375 2235 Quod,a(l
1408 2189 1597 2230 tribunos
1626 2190 1790 2241 attinet,

396 2253 409 2271 ‘
424 2246 641 2294 consulite,
664 2254 806 2286 utrum
831 2259 1026 2301 praesens
1046 2244 1206 2285 deditio
1231 2259 1376 2285 eorum
1397 2245 1488 2285 fieri
1507 2246 1649 2301 possit,
1672 2262 1726 2288 an
1745 2248 1792 2289 in

395 2303 535 2344 ‘diem
568 2303 794 2343 differatur.
858 2301 950 2342 Nos
982 2301 1164 2350 interim,
1197 2301 1247 2342 T.
1265 2301 1429 2351 Veturi,
1458 2317 1614 2358 vosque
1647 2305 1788 2354 ceteri,

394 2360 519 2401 ‘vilia
553 2360 656 2400 haec
692 2359 830 2415 capita
863 2358 1044 2399 luendae
1081 2358 1315 2413 sponsionis
1346 2358 1539 2409 feramus,
1572 2368 1616 2401 et
1646 2370 1821 2412 nostro7

394 2423 406 2443 ⁶
422 2417 626 2472 supplicio
646 2416 873 2457 liberemus
895 2415 1089 2456 Romana
1109 2416 1248 2456 arma?

452 2474 592 2515 Movit
621 2473 768 2514 Patres
803 2472 1057 2527 conscriptos
1090 2479 1181 2512 tum
1213 2487 1349 2522 causa,
1382 2481 1472 2513 tum
1503 2482 1672 2524 auctor3
1709 2490 1788 2517 nec

438 2610 454 2640 5
479 2603 538 2632 Vos
552 2602 734 2641 appellare]
752 2600 820 2630 Vos
830 2600 1068 2639 quodammodo
1114 2609 1241 2638 cunque
1257 2600 1370 2630 debet:
1394 2599 1448 2638 qui
1461 2600 1539 2639 quid
1555 2601 1701 2640 promisit
1715 2612 1787 2641 spo-

396 2644 427 2672 in
444 2644 493 2673 ius
508 2653 634 2680 vocare,
649 2653 669 2673 a
686 2642 773 2673 vobis
787 2652 844 2672 suo
860 2643 928 2672 iure
945 2641 1067 2680 aliquid
1113 2641 1278 2680 pmditve,
1308 2642 1394 2680 quod
1431 2646 1593 2680 praestare
1628 2646 1787 2674 teneatur.

396 2686 568 2723 postulare.
600 2685 727 2715 Eodem
743 2685 839 2714 modo
855 2684 937 2714 infra
952 2684 985 2713 in
1001 2693 1067 2713 ora-
1114 2682 1197 2723 Vids,
1207 2684 1350 2714 Festum.
1374 2684 1480 2715 Cnsv.
1512 2684 1552 2715 cf.
1571 2685 1640 2715 Cic.
1660 2685 1723 2725 Ep.
1743 2686 1786 2716 ad

394 2727 481 2757 tione
506 2727 636 2758 Pontii:
675 2728 738 2758 Sed
765 2728 844 2767 quid
867 2737 923 2765 eqo
953 2730 982 2756 te
1011 2736 1067 2764 ap-
1113 2726 1180 2756 Att.
1199 2725 1254 2756 xii.
1273 2733 1320 2764 17.
1336 2727 1393 2756 etsi
1408 2736 1484 2757 reus
1498 2727 1638 2766 Ioc‘ecples
1651 2733 1706 2759 est.

390 2770 494 2805 pello?
510 2773 553 2806 et,
563 2770 727 2808 Populum
736 2770 917 2800 Romanum
929 2769 1067 2807 appello.
1161 2775 1177 2806 7
1200 2769 1354 2799 Luendae
1380 2769 1574 2807 sponsionis]
1611 2770 1663 2799 Ad
1688 2769 1784 2800 fidem

393 2809 500 2840 ΟΜΝ.
1110 2809 1291 2848 sponsionis
1320 2813 1447 2840 nostrae
1479 2811 1665 2841 solvendam
1680 2822 1688 2841 z
1726 2821 1784 2849 pro

436 2850 455 2879 6
479 2852 538 2881 Rei
564 2853 642 2882 satis
666 2853 852 2891 locupletes]
893 2851 1066 2882 Debitores
1109 2853 1288 2891 sponsionis
1302 2852 1414 2882 malim
1434 2854 1608 2891 sponsioni,
1625 2853 1711 2891 quod
1729 2862 1783 2882 ex-

394 2891 499 2923 idonei
531 2893 693 2924 solvendo.
743 2895 831 2924 Reus
857 2894 974 2924 dicitur
997 2893 1064 2934 qui-
1110 2894 1221 2924 hibent
1238 2894 1414 2925 nonnullae
1429 2895 1502 2926 edd.
1519 2897 1595 2926 vett.
1619 2893 1730 2926 Dosn.
