1934 3211
603 160 729 211 ΠΒ.
765 166 816 210 V.
863 167 1011 210 CAP.
1047 173 1113 210 28.
1480 174 1563 215 319

157 262 271 304 diam
307 276 394 302 non
427 260 524 301 tulit
555 269 737 308 senatus,
770 260 875 315 quin
906 259 995 300 sine
1027 273 1144 300 mora
1174 260 1260 300 voti
1291 260 1559 302 liberaretur:
1580 269 1622 301 U.
1641 270 1678 300 C.
1698 268 1770 309 36¹·

158 328 445 373 crateramque
479 332 649 358 auream
685 316 846 358 donum
880 316 1072 373 Apollini
1108 315 1301 373 Delphos
1331 317 1458 372 legati
1490 319 1564 373 qui
1579 314 1628 384 “iil''
1643 313 1772 384 91359ἷ

127 376 328 424 3ferrent,
361 374 411 416 L.
431 374 641 424 Valerius,
674 374 724 415 L.
752 373 936 430 SergiUS,
970 374 1024 415 A.
1049 373 1253 423 Manlius,
1291 374 1406 415 missi
1442 373 1567 430 longa
1581 364 1777 435 {hffifleosst}

128 448 245 476 ‘euna
274 447 393 482 nave,
416 432 531 472 haud
556 431 703 488 procul
727 432 834 472 freto
869 430 1011 473 Siculo
1043 447 1067 472 a
1093 431 1238 488 piratis
1269 430 1567 487 Liparensium
1581 449 1655 468 cum
1672 420 1767 469 ᾱοῗιο.

127 490 340 546 sexcepti,
382 489 651 530 devehuntur
691 489 877 545 Liparas.
951 488 1049 530 BIos
1090 498 1179 530 erat
1219 489 1410 538 civitatis,
1452 488 1569 529 velut

158 547 330 604 publico
352 546 573 588 latrocinio
589 556 752 603 partam
769 546 968 602 praedam
991 546 1192 587 dividere.
1247 546 1372 587 Forte
1390 561 1441 587 eo
1456 561 1567 587 anno
1582 554 1777 602 T-imasithfei

159 604 205 646 in
231 619 396 645 summo
428 604 672 660 magistratu
703 612 792 645 erat
823 603 1109 649 Timasitheus
1138 603 1328 659 quidam,
1363 603 1568 644 Romanis
1583 597 1768 669 L¹1P³Fe¹¹⁸¹³

159 662 224 703 vir
239 661 427 711 similior,
443 676 570 717 quam
585 661 681 702 suis.
748 660 850 710 Qui,
865 660 1100 717 legatorum
1118 676 1287 711 nomen,
1306 661 1567 717 donumque,
1581 650 1614 670 re
1631 649 1702 679 13¹0-

161 727 206 761 et
225 719 366 769 deum,
384 719 453 760 cui
475 719 726 767 mitteretur,
745 727 788 759 et
809 718 910 759 doni
933 734 1101 760 eausam
1122 718 1278 759 veritus
1300 719 1402 774 ipse,
1426 718 1569 759 multi-

161 776 352 818 tudinem
377 791 560 832 quoque,
584 791 692 832 quae
715 791 881 832 semper
901 776 1032 817 ferme
1050 776 1215 832 regenti
1236 784 1300 817 est
1320 776 1480 825 similis,
1504 791 1570 817 re-

162 833 330 891 ligionis
346 834 478 874 iustae
497 833 704 890 implevit:
733 833 1023 889 adductosque
1039 834 1083 874 in
1100 833 1319 888 publicum
1336 833 1569 889 hospitium

161 891 334 948 legatos,
364 906 461 932 cum
492 891 700 947 praesidio
725 891 854 931 etiam
879 891 1051 931 navium
1083 890 1277 947 Delphos
1306 899 1565 947 prosecutus,

130 956 152 990 6
165 948 347 991 Romam
368 948 468 989 inde
490 948 666 1004 sospites
682 948 875 989 restituit.
931 948 1177 1004 Hospitium
1199 963 1296 989 curn
1313 963 1363 988 eo
1380 957 1570 1000 senatus-

163 1006 355 1048 consulto
377 1015 440 1047 est
459 1005 630 1055 factum,
653 1005 850 1061 donaque
871 1005 1039 1061 publice
1062 1006 1171 1047 data.

223 1063 388 1105 Eodem
419 1078 530 1104 anno
556 1063 599 1103 in
634 1063 796 1118 Aequis
826 1063 938 1104 varie
964 1063 1189 1104 bellatum:
1224 1050 1339 1110 adeo(
1361 1071 1408 1103 ut
1435 1063 1478 1102 in
1505 1062 1569 1103 in-
1584 1072 1717 1102 Bellum

164 1130 279 1163 certo
308 1121 436 1162 fuerit
466 1131 510 1162 ct
544 1120 655 1176 apud
690 1121 800 1176 ipsos
831 1121 1041 1162 exercitus
1071 1130 1113 1162 et
1147 1120 1324 1170 Romae,
1357 1120 1567 1169 vicissent,
1583 1125 1657 1163 0⁰9¹
1676 1116 1736 1145 Ae-

163 1178 320 1220 victinc
361 1188 513 1220 essent.
592 1177 870 1234 Imperatores
914 1178 1098 1219 Romani
1138 1178 1253 1219 fuere
1296 1193 1350 1219 ex
1391 1167 1663 1219 tribunisqum.

165 1235 346 1277 militum
373 1236 422 1277 C.
445 1235 667 1284 Aemilius,
695 1235 763 1292 Sp.
782 1235 1037 1277 Postumius.
1101 1235 1246 1276 Primo
1268 1251 1356 1276 rem
1379 1250 1571 1276 commu-

165 1293 275 1334 niter
304 1303 548 1361 gesserunt:
582 1293 683 1334 fusis
714 1293 814 1334 indc
841 1294 928 1334 acic
959 1293 1160 1342 hostibus,
1186 1292 1420 1334 Aemilium
1450 1308 1570 1348 prac-

165 1350 272 1392 sidio
291 1351 319 1390 W
333 1351 571 1406 erruginern
591 1351 780 1391 obtinere
804 1350 973 1406 placuit,
993 1350 1259 1391 Postumium
1273 1350 1379 1390 fines
1395 1359 1566 1390 vastare.

167 1408 232 1449 Ibi
273 1424 383 1457 eum,
427 1408 706 1463 incomposito
747 1409 913 1463 agmine
956 1407 1240 1463 negligentius
1281 1408 1332 1447 ab
1375 1422 1418 1447 re
1460 1407 1569 1447 benc

165 1475 283 1521 gesta
315 1474 499 1515 euntem,
533 1465 668 1506 adorti
704 1465 859 1520 Aequi,
892 1474 1048 1506 terrore
1083 1465 1251 1512 iniecto,
1282 1464 1325 1504 in
1356 1464 1571 1520 proximos

166 1523 408 1579 compulere
439 1522 644 1564 tumulos:
679 1537 892 1578 pavorque
920 1522 1018 1563 inde
1041 1521 1326 1577 Verruginem
1358 1521 1485 1562 etiam
1516 1521 1570 1562 ad

165 1580 419 1637 praesidium
443 1580 619 1621 alterum
640 1588 703 1621 est
724 1579 922 1636 perlatus.
986 1579 1242 1628 Postumius,
1258 1579 1342 1619 suis
1364 1579 1408 1619 in
1431 1587 1569 1619 tutum

166 1639 357 1694 receptis,
390 1653 522 1693 quum
553 1637 756 1678 concione
789 1637 990 1678 advocata
1021 1646 1223 1678 terrorem
1256 1636 1493 1692 increparet
1523 1651 1571 1677 ac

165 1695 332 1752 fugam3
375 1695 487 1736 fusos
520 1710 608 1736 esse
645 1695 697 1736 ab
734 1694 1002 1751 ignavissimo
1039 1702 1082 1736 et
1117 1693 1384 1750 fugacissimo
1420 1693 1568 1742 hoste3

165 1753 400 1794 conclamat
422 1752 639 1794 universus
653 1753 875 1801 exercitus,
899 1752 1050 1794 merito
1072 1767 1114 1793 se
1132 1768 1182 1793 ea
1203 1751 1363 1800 audire,
1387 1760 1430 1792 et
1450 1751 1571 1792 fateri

166 1810 394 1852 admissum
426 1810 655 1866 flagitium:
690 1809 763 1851 sed
797 1809 967 1851 eosdem
1002 1817 1262 1851 correcturos
1294 1824 1396 1858 csse,
1428 1824 1570 1865 neque

166 1867 414 1909 diuturnum
445 1868 488 1909 id
516 1867 719 1923 gaudium
750 1867 942 1908 hostibus
966 1867 1066 1908 fore.
1130 1867 1372 1916 Poscentes,
1399 1876 1447 1907 ut
1471 1881 1572 1907 con—

165 1925 303 1967 festim
329 1926 428 1966 inde
450 1925 502 1966 ad
524 1934 658 1966 castra
685 1925 870 1966 hostium
892 1925 1079 1974 duceret,
1107 1925 1172 1980 (in
1198 1933 1427 1980 conspectu
1453 1933 1572 1965 erant

167 1983 301 2039 posita
332 1983 376 2023 in
405 1983 552 2038 plano)
582 1982 687 2022 nihil
718 1997 880 2037 poenae
918 1983 1180 2030 recusabant,
1210 1982 1254 2022 ni
1287 1997 1337 2022 ca
1365 1991 1462 2022 ante
1496 1996 1572 2021 no-

166 2049 276 2081 ctem
295 2047 620 2096 expugnassent.
665 2038 940 2079 Collaudatos
956 2054 1130 2094 corpora
1144 2053 1304 2088 curare,
1321 2048 1570 2093 paratosque

168 2217 343 2256 statimque
359 2216 447 2247 dedit
464 2226 594 2255 operam
614 2220 647 2245 nt
666 2215 846 2254 respublica

171 2260 234 2290 voti
250 2261 447 2290 liberaretur.
465 2260 572 2289 Cum.
607 2259 707 2288 Taciti
720 2257 846 2297 reponit

171 2302 311 2334 Bekkcr.
364 2303 471 2332 Tacite
494 2313 556 2331 mm
579 2302 652 2330 tulit
676 2300 846 2339 significat,

172 2344 363 2376 verecundia
380 2345 448 2374 eius
467 2348 574 2374 motus
590 2347 637 2373 cst
654 2347 793 2373 senatus.

214 2397 231 2426 3
258 2389 367 2426 Lonyu
396 2398 462 2416 nna
488 2388 585 2423 nave]
619 2386 715 2420 Quae
740 2395 847 2415 ont-ra-

169 2429 224 2460 riis
244 2430 310 2459 sive
335 2429 479 2459 rotundis
503 2428 638 2458 navibus
663 2427 849 2467 opponitur,

172 2477 206 2502 ut
222 2482 273 2511 ap.
293 2472 435 2502 Graecos
449 2470 559 2509 μακραὶ
578 2471 655 2506 νῆες.
699 2470 780 2500 Illac
799 2480 847 2500 ve-

173 2514 221 2550 lis,
239 2514 298 2543 hac·
317 2514 410 2543 remis
426 2514 612 2550 agebantur.

215 2568 233 2594 4
259 2557 399 2593 Piretis]
430 2556 515 2586 l'lnt.
533 2555 564 2585 in
583 2556 676 2585 Cain.
694 2556 722 2585 8.
739 2554 847 2584 scribit

173 2608 287 2628 navem
323 2598 516 2631 Romanuin..
548 2602 581 2627 nt
622 2597 801 2635 piraticam,
831 2608 850 2625 a

175 2640 403 2679 Liparensibus
430 2644 558 2678 captum
588 2639 701 2675 t'nisse3
729 2640 851 2677 qnippe

176 2682 365 2722 Liparenses
388 2682 506 2720 piratas
522 2681 708 2720 Tyrrhenos
723 2682 851 2719 tuit-pius

174 2724 296 2755 insidiis
329 2723 586 2762 intercipit-inunt.
611 2728 641 2753 ct
669 2723 754 2752 lnnnl
784 2733 851 2752 rnru

176 2766 331 2807 primitia-⁴
359 2766 494 2804 prm-«luo
524 2765 670 2804 Dclplms
693 2766 733 2794 nd
753 2766 849 2804 Apol-

174 2809 271 2840 linem
291 2809 473 2838 mittebant.

218 2861 234 2891 5
262 2853 418 2891 Liparas]
462 2850 582 2881 Urbem
612 2849 642 2879 in
671 2849 775 2880 insula
800 2860 850 2879 cu-

892 2225 961 2244 rum
977 2214 1135 2254 principe,
1146 2224 1240 2253 quae,
1253 2214 1434 2244 Vult-auiae
1449 2215 1496 2244 vol
1511 2215 1571 2244 Ae-

892 2257 975 2288 oliae
1003 2257 1122 2293 thi-tae,
1151 2257 1236 2287 haud
1270 2257 1380 2296 procui
1413 2256 1524 2287 Sicilia
1554 2267 1572 2287 a

893 2305 983 2339 parte
1000 2299 1243 2338 septentrionali
1263 2299 1386 2337 positae
1401 2304 1484 2329 sunt.

936 2342 955 2372 6
979 2343 1184 2381 Hospitium}
1213 2341 1346 2371 Diodor.
1359 2341 1421 2371 xiv.
1435 2350 1485 2381 93.
1500 2341 1571 2371 scri-

895 2384 941 2414 bit
971 2390 1119 2414 sonatum
1157 2385 1340 2414 Romanum
1370 2383 1572 2413 'l‘inmsitbeo

894 2427 978 2457 donn
998 2432 1028 2456 ct
1054 2427 1122 2456 inrn
1143 2425 1299 2464 προξενίας
1321 2426 1448 2465 publii-c
1470 2425 1572 2455 ‹ledis-

894 2480 938 2503 βο,
963 2474 994 2499 et
1023 2479 1120 2508 quum
1154 2468 1290 2507 Liparae
1317 2468 1418 2507 primo
1451 2467 1573 2498 l’unico

895 2513 981 2541 bello
993 2511 1023 2540 in
1036 2511 1190 2541 ditionem
1207 2511 1387 2540 Romanuin
1403 2510 1573 2545 venissent,

896 2561 1038 2593 posteros
1065 2553 1151 2583 illius
1177 2554 1218 2582 nb
1246 2552 1331 2582 omni
1361 2552 1482 2581 tributo
1515 2552 1570 2582 iin-

897 2606 1010 2626 inunes
1026 2601 1057 2625 ct
1075 2606 1202 2634 prorsus
1219 2595 1333 2625 liberos
1353 2605 1420 2624 ease
1437 2594 1571 2625 iussisse.

895 2640 1010 2668 Crator
1031 2638 1085 2667 illc
1101 2648 1216 2667 aurens
1238 2637 1268 2666 in
1291 2637 1441 2666 tha-muro
1460 2636 1571 2666 Mussi-

897 2681 1043 2710 livnsinin
1076 2690 1128 2718 np.
1159 2679 1305 2718 Delphos
1334 2679 1502 2718 repositus,
1531 2680 1572 2709 ub

898 2722 1104 2752 Unmnnrcbn
1122 2722 1252 2751 tundi-{n
1275 2721 1303 2750 in
1326 2722 1412 2751 bello
1434 2721 1573 2751 l'hocico

897 2765 1055 2794 conflatus
1085 2768 1142 2795 ost.
1181 2765 1221 2795 ct'.
1248 2763 1388 2803 Appiun.
1421 2763 1452 2793 in
1494 2763 1572 2794 Exc.

900 2807 1007 2837 Vult-s.
1027 2816 1056 2845 p.
1075 2806 1144 2846 465,
