<?xml version="1.0" encoding="UTF-8"?>
<!DOCTYPE html PUBLIC "-//W3C//DTD XHTML 1.0 Transitional//EN"
    "http://www.w3.org/TR/xhtml1/DTD/xhtml1-transitional.dtd">
<html xmlns="http://www.w3.org/1999/xhtml" xml:lang="en" lang="en">
 <head>
  <title>
</title>
<meta http-equiv="Content-Type" content="text/html;charset=utf-8" />
  <meta name='ocr-system' content='tesseract 3.04.00' />
  <meta name='ocr-capabilities' content='ocr_page ocr_carea ocr_par ocr_line ocrx_word'/>
</head>
<body>
  <div class='ocr_page' id='page_1' title='image "./historiarumli01livyuoft_0111.png"; bbox 0 0 1934 3211; ppageno 0'>
   <div class='ocr_carea' id='block_1_1' title="bbox 561 189 1519 232">
    <p class='ocr_par' dir='ltr' id='par_1_1' title="bbox 561 189 1519 232">
     <span class='ocr_line' id='line_1_1' title="bbox 561 189 1519 232; baseline 0 0"><span class='ocrx_word' id='word_1_1' title='bbox 561 189 685 232; x_wconf 93' lang='lat' dir='ltr'><strong>LIB.</strong></span> <span class='ocrx_word' id='word_1_2' title='bbox 729 190 786 232; x_wconf 92' lang='grc' dir='ltr'>ΙΙ.</span> <span class='ocrx_word' id='word_1_3' title='bbox 831 189 978 231; x_wconf 86' lang='lat' dir='ltr'><strong>CAP.</strong></span> <span class='ocrx_word' id='word_1_4' title='bbox 1021 193 1086 231; x_wconf 83' lang='lat'>25.</span> <span class='ocrx_word' id='word_1_5' title='bbox 1467 193 1519 232; x_wconf 89' lang='grc'>99</span> 
     </span>
    </p>
   </div>
   <div class='ocr_carea' id='block_1_2' title="bbox 104 279 1728 2186">
    <p class='ocr_par' dir='ltr' id='par_1_2' title="bbox 104 279 1728 2186">
     <span class='ocr_line' id='line_1_2' title="bbox 107 279 1712 346; baseline -0.003 -22"><span class='ocrx_word' id='word_1_6' title='bbox 107 281 246 324; x_wconf 79' lang='lat' dir='ltr'>2bello</span> <span class='ocrx_word' id='word_1_7' title='bbox 272 280 541 337; x_wconf 88' lang='lat' dir='ltr'>praevertisse</span> <span class='ocrx_word' id='word_1_8' title='bbox 563 280 812 346; x_wconf 81' lang='lat' dir='ltr'>quicquam:</span> <span class='ocrx_word' id='word_1_9' title='bbox 846 295 937 329; x_wconf 91' lang='lat' dir='ltr'>nec,</span> <span class='ocrx_word' id='word_1_10' title='bbox 960 280 994 320; x_wconf 90' lang='lat' dir='ltr'>si</span> <span class='ocrx_word' id='word_1_11' title='bbox 1015 280 1067 320; x_wconf 92' lang='lat' dir='ltr'>sit</span> <span class='ocrx_word' id='word_1_12' title='bbox 1092 279 1318 320; x_wconf 83' lang='lat' dir='ltr'>laxamenti</span> <span class='ocrx_word' id='word_1_13' title='bbox 1346 280 1517 336; x_wconf 88' lang='lat' dir='ltr'>aliquid,</span> <span class='ocrx_word' id='word_1_14' title='bbox 1537 296 1577 328; x_wconf 76' lang='lat' dir='ltr'>U</span> <span class='ocrx_word' id='word_1_15' title='bbox 1595 296 1633 327; x_wconf 99' lang='grc'>(3</span> <span class='ocrx_word' id='word_1_16' title='bbox 1651 304 1712 335; x_wconf 80' lang='lat'>259</span> 
     </span>
     <span class='ocr_line' id='line_1_3' title="bbox 139 337 1723 403; baseline -0.002 -23"><span class='ocrx_word' id='word_1_17' title='bbox 139 347 211 381; x_wconf 81' lang='lat' dir='ltr'>aut</span> <span class='ocrx_word' id='word_1_18' title='bbox 229 337 342 403; x_wconf 89' lang='lat' dir='ltr'>plebi</span> <span class='ocrx_word' id='word_1_19' title='bbox 369 337 592 378; x_wconf 90' lang='lat' dir='ltr'>honestum</span> <span class='ocrx_word' id='word_1_20' title='bbox 613 353 716 388; x_wconf 89' lang='lat' dir='ltr'>esse,</span> <span class='ocrx_word' id='word_1_21' title='bbox 738 337 818 379; x_wconf 89' lang='lat' dir='ltr'>nisi</span> <span class='ocrx_word' id='word_1_22' title='bbox 847 337 1040 379; x_wconf 86' lang='lat' dir='ltr'>mercede</span> <span class='ocrx_word' id='word_1_23' title='bbox 1066 337 1180 394; x_wconf 89' lang='lat' dir='ltr'>prius</span> <span class='ocrx_word' id='word_1_24' title='bbox 1201 346 1384 392; x_wconf 85' lang='lat' dir='ltr'>accepta,</span> <span class='ocrx_word' id='word_1_25' title='bbox 1407 340 1572 379; x_wconf 82' lang='lat' dir='ltr'>armaA·</span> <span class='ocrx_word' id='word_1_26' title='bbox 1596 339 1634 370; x_wconf 91' lang='lat' dir='ltr'>C·</span> <span class='ocrx_word' id='word_1_27' title='bbox 1651 347 1723 378; x_wconf 81' lang='lat'><strong>493-</strong></span> 
     </span>
     <span class='ocr_line' id='line_1_4' title="bbox 107 394 1521 459; baseline 0.001 -23"><span class='ocrx_word' id='word_1_28' title='bbox 107 410 212 454; x_wconf 83' lang='lat' dir='ltr'>3pro</span> <span class='ocrx_word' id='word_1_29' title='bbox 231 395 365 452; x_wconf 86' lang='lat' dir='ltr'>patria</span> <span class='ocrx_word' id='word_1_30' title='bbox 385 410 471 436; x_wconf 92' lang='lat' dir='ltr'>non</span> <span class='ocrx_word' id='word_1_31' title='bbox 493 395 674 451; x_wconf 85' lang='lat' dir='ltr'>cepisse3</span> <span class='ocrx_word' id='word_1_32' title='bbox 707 410 846 451; x_wconf 89' lang='lat' dir='ltr'>neque</span> <span class='ocrx_word' id='word_1_33' title='bbox 871 395 1066 436; x_wconf 88' lang='lat' dir='ltr'>Patribus</span> <span class='ocrx_word' id='word_1_34' title='bbox 1087 395 1184 436; x_wconf 88' lang='lat' dir='ltr'>satis</span> <span class='ocrx_word' id='word_1_35' title='bbox 1211 394 1423 459; x_wconf 82' lang='lat' dir='ltr'>decorum,</span> <span class='ocrx_word' id='word_1_36' title='bbox 1446 411 1521 451; x_wconf 91' lang='lat' dir='ltr'>per</span> 
     </span>
     <span class='ocr_line' id='line_1_5' title="bbox 136 451 1520 509; baseline -0.001 -15"><span class='ocrx_word' id='word_1_37' title='bbox 136 462 295 494; x_wconf 85' lang='lat' dir='ltr'>metum</span> <span class='ocrx_word' id='word_1_38' title='bbox 324 453 476 509; x_wconf 76' lang='lat' dir='ltr'>potiUS,</span> <span class='ocrx_word' id='word_1_39' title='bbox 509 468 634 508; x_wconf 86' lang='lat' dir='ltr'>quam</span> <span class='ocrx_word' id='word_1_40' title='bbox 665 453 886 509; x_wconf 88' lang='lat' dir='ltr'>postmodo</span> <span class='ocrx_word' id='word_1_41' title='bbox 916 452 1143 502; x_wconf 83' lang='lat' dir='ltr'>voluntate,</span> <span class='ocrx_word' id='word_1_42' title='bbox 1175 451 1336 493; x_wconf 88' lang='lat' dir='ltr'>afflictis</span> <span class='ocrx_word' id='word_1_43' title='bbox 1367 452 1520 493; x_wconf 88' lang='lat' dir='ltr'>civium</span> 
     </span>
     <span class='ocr_line' id='line_1_6' title="bbox 104 509 1521 559; baseline -0.001 -8"><span class='ocrx_word' id='word_1_44' title='bbox 104 525 302 559; x_wconf 88' lang='lat' dir='ltr'>4su0rum</span> <span class='ocrx_word' id='word_1_45' title='bbox 323 510 501 552; x_wconf 89' lang='lat' dir='ltr'>fortunis</span> <span class='ocrx_word' id='word_1_46' title='bbox 529 510 795 552; x_wconf 88' lang='lat' dir='ltr'>consuluisse.</span> <span class='ocrx_word' id='word_1_47' title='bbox 862 510 1071 552; x_wconf 89' lang='lat' dir='ltr'>Concioni</span> <span class='ocrx_word' id='word_1_48' title='bbox 1099 509 1253 551; x_wconf 90' lang='lat' dir='ltr'>deinde</span> <span class='ocrx_word' id='word_1_49' title='bbox 1281 509 1420 551; x_wconf 90' lang='lat' dir='ltr'>edicto</span> <span class='ocrx_word' id='word_1_50' title='bbox 1449 510 1521 551; x_wconf 87' lang='lat' dir='ltr'>ad-</span> 
     </span>
     <span class='ocr_line' id='line_1_7' title="bbox 135 567 1522 624; baseline 0 -16"><span class='ocrx_word' id='word_1_51' title='bbox 135 567 243 609; x_wconf 88' lang='lat' dir='ltr'><strong>didit</strong></span> <span class='ocrx_word' id='word_1_52' title='bbox 258 568 399 618; x_wconf 89' lang='lat' dir='ltr'>fidem,</span> <span class='ocrx_word' id='word_1_53' title='bbox 417 583 501 624; x_wconf 93' lang='lat' dir='ltr'>quo</span> <span class='ocrx_word' id='word_1_54' title='bbox 522 568 667 619; x_wconf 87' lang='lat' dir='ltr'>edixit,</span> <span class='ocrx_word' id='word_1_55' title='bbox 691 574 703 592; x_wconf 88' lang='lat'>‘</span> <span class='ocrx_word' id='word_1_56' title='bbox 718 568 786 610; x_wconf 89' lang='lat' dir='ltr'>Ne</span> <span class='ocrx_word' id='word_1_57' title='bbox 809 568 901 624; x_wconf 90' lang='lat' dir='ltr'>quis</span> <span class='ocrx_word' id='word_1_58' title='bbox 922 568 1055 609; x_wconf 90' lang='lat' dir='ltr'>civem</span> <span class='ocrx_word' id='word_1_59' title='bbox 1078 567 1318 609; x_wconf 85' lang='lat' dir='ltr'>Romanum</span> <span class='ocrx_word' id='word_1_60' title='bbox 1334 568 1522 608; x_wconf 87' lang='lat' dir='ltr'>vinctum</span> 
     </span>
     <span class='ocr_line' id='line_1_8' title="bbox 137 625 1520 682; baseline 0 -16"><span class='ocrx_word' id='word_1_61' title='bbox 137 630 238 666; x_wconf 86' lang='lat' dir='ltr'>‘aut</span> <span class='ocrx_word' id='word_1_62' title='bbox 264 625 450 667; x_wconf 84' lang='lat' dir='ltr'>clausum</span> <span class='ocrx_word' id='word_1_63' title='bbox 482 635 657 676; x_wconf 91' lang='lat' dir='ltr'>teneret,</span> <span class='ocrx_word' id='word_1_64' title='bbox 680 641 764 682; x_wconf 91' lang='lat' dir='ltr'>quo</span> <span class='ocrx_word' id='word_1_65' title='bbox 786 627 924 667; x_wconf 91' lang='lat' dir='ltr'>minus</span> <span class='ocrx_word' id='word_1_66' title='bbox 956 626 995 668; x_wconf 90' lang='lat' dir='ltr'>ei</span> <span class='ocrx_word' id='word_1_67' title='bbox 1016 625 1197 666; x_wconf 91' lang='lat' dir='ltr'>nominis</span> <span class='ocrx_word' id='word_1_68' title='bbox 1225 625 1379 666; x_wconf 89' lang='lat' dir='ltr'>edendi</span> <span class='ocrx_word' id='word_1_69' title='bbox 1407 625 1520 682; x_wconf 87' lang='lat' dir='ltr'>apud</span> 
     </span>
     <span class='ocr_line' id='line_1_9' title="bbox 137 683 1520 740; baseline -0.001 -15"><span class='ocrx_word' id='word_1_70' title='bbox 137 688 150 707; x_wconf 94' lang='lat'>‘</span> <span class='ocrx_word' id='word_1_71' title='bbox 164 683 354 725; x_wconf 88' lang='lat' dir='ltr'>consules</span> <span class='ocrx_word' id='word_1_72' title='bbox 375 693 558 740; x_wconf 87' lang='lat' dir='ltr'>potestas</span> <span class='ocrx_word' id='word_1_73' title='bbox 579 684 708 726; x_wconf 89' lang='lat' dir='ltr'>fieret.</span> <span class='ocrx_word' id='word_1_74' title='bbox 773 683 841 725; x_wconf 90' lang='lat' dir='ltr'>Ne</span> <span class='ocrx_word' id='word_1_75' title='bbox 864 684 957 740; x_wconf 90' lang='lat' dir='ltr'>quis</span> <span class='ocrx_word' id='word_1_76' title='bbox 979 683 1134 733; x_wconf 89' lang='lat' dir='ltr'>militis,</span> <span class='ocrx_word' id='word_1_77' title='bbox 1157 683 1323 725; x_wconf 91' lang='lat' dir='ltr'>donec</span> <span class='ocrx_word' id='word_1_78' title='bbox 1313 698 1357 723; x_wconf 83' lang='lat' dir='ltr'>ln</span> <span class='ocrx_word' id='word_1_79' title='bbox 1378 683 1520 724; x_wconf 89' lang='lat' dir='ltr'>castris</span> 
     </span>
     <span class='ocr_line' id='line_1_10' title="bbox 104 741 1521 798; baseline -0.001 -16"><span class='ocrx_word' id='word_1_80' title='bbox 104 745 153 782; x_wconf 86' lang='lat'>5‘</span> <span class='ocrx_word' id='word_1_81' title='bbox 163 750 284 791; x_wconf 88' lang='lat' dir='ltr'>esset,</span> <span class='ocrx_word' id='word_1_82' title='bbox 320 741 432 782; x_wconf 89' lang='lat' dir='ltr'>bona</span> <span class='ocrx_word' id='word_1_83' title='bbox 465 741 708 798; x_wconf 88' lang='lat' dir='ltr'>possideret,</span> <span class='ocrx_word' id='word_1_84' title='bbox 740 751 811 783; x_wconf 90' lang='lat' dir='ltr'>aut</span> <span class='ocrx_word' id='word_1_85' title='bbox 841 741 1068 783; x_wconf 88' lang='lat' dir='ltr'>venderet:</span> <span class='ocrx_word' id='word_1_86' title='bbox 1111 741 1262 782; x_wconf 90' lang='lat' dir='ltr'>liberos</span> <span class='ocrx_word' id='word_1_87' title='bbox 1296 750 1521 797; x_wconf 87' lang='lat' dir='ltr'>nepotesve</span> 
     </span>
     <span class='ocr_line' id='line_1_11' title="bbox 138 798 1520 864; baseline 0 -24"><span class='ocrx_word' id='word_1_88' title='bbox 138 799 251 840; x_wconf 90' lang='lat' dir='ltr'>‘eius</span> <span class='ocrx_word' id='word_1_89' title='bbox 281 800 538 841; x_wconf 88' lang='lat' dir='ltr'>moraretur.’</span> <span class='ocrx_word' id='word_1_90' title='bbox 599 798 694 842; x_wconf 93' lang='lat' dir='ltr'>Hoc</span> <span class='ocrx_word' id='word_1_91' title='bbox 723 800 936 864; x_wconf 76' lang='lat' dir='ltr'>proposito</span> <span class='ocrx_word' id='word_1_92' title='bbox 967 799 1117 848; x_wconf 86' lang='lat' dir='ltr'>edicto,</span> <span class='ocrx_word' id='word_1_93' title='bbox 1146 808 1200 848; x_wconf 89' lang='lat' dir='ltr'>et,</span> <span class='ocrx_word' id='word_1_94' title='bbox 1230 799 1303 855; x_wconf 91' lang='lat' dir='ltr'>qui</span> <span class='ocrx_word' id='word_1_95' title='bbox 1334 798 1520 847; x_wconf 87' lang='lat' dir='ltr'>aderant,</span> 
     </span>
     <span class='ocr_line' id='line_1_12' title="bbox 136 856 1521 923; baseline 0.001 -26"><span class='ocrx_word' id='word_1_96' title='bbox 136 856 235 898; x_wconf 87' lang='lat' dir='ltr'>nexi</span> <span class='ocrx_word' id='word_1_97' title='bbox 267 857 454 922; x_wconf 89' lang='lat' dir='ltr'>profiteri</span> <span class='ocrx_word' id='word_1_98' title='bbox 482 857 698 923; x_wconf 77' lang='lat' dir='ltr'>extemplo</span> <span class='ocrx_word' id='word_1_99' title='bbox 724 873 918 907; x_wconf 85' lang='lat' dir='ltr'>n0m1na3</span> <span class='ocrx_word' id='word_1_100' title='bbox 951 866 995 899; x_wconf 92' lang='lat' dir='ltr'>et</span> <span class='ocrx_word' id='word_1_101' title='bbox 1016 857 1203 912; x_wconf 89' lang='lat' dir='ltr'>undique</span> <span class='ocrx_word' id='word_1_102' title='bbox 1225 872 1278 898; x_wconf 87' lang='lat' dir='ltr'>ex</span> <span class='ocrx_word' id='word_1_103' title='bbox 1305 866 1392 898; x_wconf 87' lang='lat' dir='ltr'>tota</span> <span class='ocrx_word' id='word_1_104' title='bbox 1417 858 1521 899; x_wconf 90' lang='lat' dir='ltr'>urbe</span> 
     </span>
     <span class='ocr_line' id='line_1_13' title="bbox 135 914 1523 981; baseline -0.001 -26"><span class='ocrx_word' id='word_1_105' title='bbox 135 914 457 971; x_wconf 86' lang='lat' dir='ltr'>proripientium</span> <span class='ocrx_word' id='word_1_106' title='bbox 482 929 525 956; x_wconf 89' lang='lat' dir='ltr'>se</span> <span class='ocrx_word' id='word_1_107' title='bbox 557 930 610 956; x_wconf 88' lang='lat' dir='ltr'>ex</span> <span class='ocrx_word' id='word_1_108' title='bbox 627 916 811 981; x_wconf 77' lang='lat' dir='ltr'>privato,</span> <span class='ocrx_word' id='word_1_109' title='bbox 839 931 970 972; x_wconf 91' lang='lat' dir='ltr'>quum</span> <span class='ocrx_word' id='word_1_110' title='bbox 999 914 1246 956; x_wconf 87' lang='lat' dir='ltr'>retinendi</span> <span class='ocrx_word' id='word_1_111' title='bbox 1237 930 1300 956; x_wconf 78' lang='lat' dir='ltr'>lus</span> <span class='ocrx_word' id='word_1_112' title='bbox 1328 914 1523 956; x_wconf 89' lang='lat' dir='ltr'>creditori</span> 
     </span>
     <span class='ocr_line' id='line_1_14' title="bbox 105 972 1521 1023; baseline -0.001 -9"><span class='ocrx_word' id='word_1_113' title='bbox 105 975 223 1014; x_wconf 91' lang='lat' dir='ltr'>6non</span> <span class='ocrx_word' id='word_1_114' title='bbox 243 981 364 1022; x_wconf 91' lang='lat' dir='ltr'>esset,</span> <span class='ocrx_word' id='word_1_115' title='bbox 379 987 604 1014; x_wconf 84' lang='lat' dir='ltr'>concursus</span> <span class='ocrx_word' id='word_1_116' title='bbox 625 974 669 1014; x_wconf 92' lang='lat' dir='ltr'>in</span> <span class='ocrx_word' id='word_1_117' title='bbox 685 974 834 1023; x_wconf 90' lang='lat' dir='ltr'>f01u1n,</span> <span class='ocrx_word' id='word_1_118' title='bbox 854 983 900 1015; x_wconf 91' lang='lat' dir='ltr'>ut</span> <span class='ocrx_word' id='word_1_119' title='bbox 921 982 1179 1015; x_wconf 84' lang='lat' dir='ltr'>sacramento</span> <span class='ocrx_word' id='word_1_120' title='bbox 1200 972 1400 1022; x_wconf 87' lang='lat' dir='ltr'>dicerent,</span> <span class='ocrx_word' id='word_1_121' title='bbox 1418 972 1521 1013; x_wconf 88' lang='lat' dir='ltr'>fieri.</span> 
     </span>
     <span class='ocr_line' id='line_1_15' title="bbox 138 1029 1524 1097; baseline -0.001 -26"><span class='ocrx_word' id='word_1_122' title='bbox 138 1029 299 1087; x_wconf 84' lang='lat' dir='ltr'>Magna</span> <span class='ocrx_word' id='word_1_123' title='bbox 333 1045 384 1072; x_wconf 86' lang='lat' dir='ltr'>ea</span> <span class='ocrx_word' id='word_1_124' title='bbox 417 1045 565 1072; x_wconf 88' lang='lat' dir='ltr'>manus</span> <span class='ocrx_word' id='word_1_125' title='bbox 600 1031 703 1081; x_wconf 84' lang='lat' dir='ltr'>fuit3</span> <span class='ocrx_word' id='word_1_126' title='bbox 746 1046 884 1097; x_wconf 77' lang='lat' dir='ltr'>neque</span> <span class='ocrx_word' id='word_1_127' title='bbox 918 1031 1093 1073; x_wconf 89' lang='lat' dir='ltr'>aliorum</span> <span class='ocrx_word' id='word_1_128' title='bbox 1127 1031 1257 1087; x_wconf 80' lang='lat' dir='ltr'>magis</span> <span class='ocrx_word' id='word_1_129' title='bbox 1290 1030 1333 1071; x_wconf 90' lang='lat' dir='ltr'>in</span> <span class='ocrx_word' id='word_1_130' title='bbox 1369 1029 1524 1072; x_wconf 91' lang='lat' dir='ltr'>Volsco</span> 
     </span>
     <span class='ocr_line' id='line_1_16' title="bbox 137 1087 1526 1146; baseline -0.001 -16"><span class='ocrx_word' id='word_1_131' title='bbox 137 1087 247 1130; x_wconf 92' lang='lat' dir='ltr'>bello</span> <span class='ocrx_word' id='word_1_132' title='bbox 281 1088 412 1130; x_wconf 86' lang='lat' dir='ltr'>virtus</span> <span class='ocrx_word' id='word_1_133' title='bbox 453 1097 579 1144; x_wconf 91' lang='lat' dir='ltr'>atque</span> <span class='ocrx_word' id='word_1_134' title='bbox 620 1104 747 1146; x_wconf 87' lang='lat' dir='ltr'>opera</span> <span class='ocrx_word' id='word_1_135' title='bbox 781 1090 945 1130; x_wconf 90' lang='lat' dir='ltr'>enituit.</span> <span class='ocrx_word' id='word_1_136' title='bbox 1010 1088 1171 1130; x_wconf 89' lang='lat' dir='ltr'>Consul</span> <span class='ocrx_word' id='word_1_137' title='bbox 1207 1089 1346 1145; x_wconf 88' lang='lat' dir='ltr'>copias</span> <span class='ocrx_word' id='word_1_138' title='bbox 1381 1097 1526 1129; x_wconf 90' lang='lat' dir='ltr'>contra</span> 
     </span>
     <span class='ocr_line' id='line_1_17' title="bbox 136 1145 1435 1203; baseline -0.001 -16"><span class='ocrx_word' id='word_1_139' title='bbox 136 1145 300 1187; x_wconf 89' lang='lat' dir='ltr'>hostem</span> <span class='ocrx_word' id='word_1_140' title='bbox 320 1146 484 1188; x_wconf 89' lang='lat' dir='ltr'>educit:</span> <span class='ocrx_word' id='word_1_141' title='bbox 520 1162 646 1203; x_wconf 86' lang='lat' dir='ltr'>parvo</span> <span class='ocrx_word' id='word_1_142' title='bbox 667 1147 890 1188; x_wconf 84' lang='lat' dir='ltr'>dirimente</span> <span class='ocrx_word' id='word_1_143' title='bbox 912 1147 1048 1188; x_wconf 87' lang='lat' dir='ltr'>interv</span> <span class='ocrx_word' id='word_1_144' title='bbox 1051 1146 1132 1188; x_wconf 89' lang='lat' dir='ltr'>allo</span> <span class='ocrx_word' id='word_1_145' title='bbox 1153 1156 1285 1188; x_wconf 86' lang='lat' dir='ltr'>castra</span> <span class='ocrx_word' id='word_1_146' title='bbox 1306 1146 1435 1203; x_wconf 89' lang='lat' dir='ltr'>ponit.</span> 
     </span>
     <span class='ocr_line' id='line_1_18' title="bbox 196 1203 1676 1254; baseline 0 -10"><span class='ocrx_word' id='word_1_147' title='bbox 196 1203 395 1245; x_wconf 83' lang='lat' dir='ltr'>Proxima</span> <span class='ocrx_word' id='word_1_148' title='bbox 425 1204 523 1245; x_wconf 90' lang='lat' dir='ltr'>inde</span> <span class='ocrx_word' id='word_1_149' title='bbox 555 1214 677 1246; x_wconf 90' lang='lat' dir='ltr'>nocte</span> <span class='ocrx_word' id='word_1_150' title='bbox 710 1204 866 1254; x_wconf 84' lang='lat' dir='ltr'>Volsci,</span> <span class='ocrx_word' id='word_1_151' title='bbox 895 1204 1103 1246; x_wconf 84' lang='lat' dir='ltr'>discordia</span> <span class='ocrx_word' id='word_1_152' title='bbox 1137 1204 1328 1245; x_wconf 86' lang='lat' dir='ltr'>Romana</span> <span class='ocrx_word' id='word_1_153' title='bbox 1355 1204 1464 1254; x_wconf 88' lang='lat' dir='ltr'>freti,</span> <span class='ocrx_word' id='word_1_154' title='bbox 1491 1204 1525 1244; x_wconf 89' lang='lat' dir='ltr'>si</span> <span class='ocrx_word' id='word_1_155' title='bbox 1609 1214 1676 1252; x_wconf 79' lang='lat'>25,</span> 
     </span>
     <span class='ocr_line' id='line_1_19' title="bbox 168 1262 1522 1319; baseline 0 -16"><span class='ocrx_word' id='word_1_156' title='bbox 168 1276 223 1302; x_wconf 89' lang='lat' dir='ltr'>ua</span> <span class='ocrx_word' id='word_1_157' title='bbox 242 1271 447 1303; x_wconf 87' lang='lat' dir='ltr'>nocturna</span> <span class='ocrx_word' id='word_1_158' title='bbox 467 1263 655 1304; x_wconf 89' lang='lat' dir='ltr'>transitio</span> <span class='ocrx_word' id='word_1_159' title='bbox 671 1263 904 1319; x_wconf 91' lang='lat' dir='ltr'>proditiove</span> <span class='ocrx_word' id='word_1_160' title='bbox 926 1263 1016 1304; x_wconf 86' lang='lat' dir='ltr'>fieri</span> <span class='ocrx_word' id='word_1_161' title='bbox 1037 1262 1178 1319; x_wconf 88' lang='lat' dir='ltr'>possit,</span> <span class='ocrx_word' id='word_1_162' title='bbox 1202 1271 1365 1303; x_wconf 88' lang='lat' dir='ltr'>tentant</span> <span class='ocrx_word' id='word_1_163' title='bbox 1380 1271 1522 1303; x_wconf 85' lang='lat' dir='ltr'>castra.</span> 
     </span>
     <span class='ocr_line' id='line_1_20' title="bbox 138 1277 1525 1376; baseline 0 -16"><span class='ocrx_word' id='word_1_164' title='bbox 138 1277 317 1361; x_wconf 55' lang='lat' dir='ltr'>gensere</span> <span class='ocrx_word' id='word_1_165' title='bbox 339 1319 501 1376; x_wconf 85' lang='lat' dir='ltr'>vigiles:</span> <span class='ocrx_word' id='word_1_166' title='bbox 535 1320 740 1362; x_wconf 82' lang='lat' dir='ltr'>excitatus</span> <span class='ocrx_word' id='word_1_167' title='bbox 760 1321 987 1362; x_wconf 83' lang='lat' dir='ltr'>exercitus:</span> <span class='ocrx_word' id='word_1_168' title='bbox 1021 1321 1141 1375; x_wconf 83' lang='lat' dir='ltr'>signo</span> <span class='ocrx_word' id='word_1_169' title='bbox 1163 1319 1260 1360; x_wconf 88' lang='lat' dir='ltr'>dato</span> <span class='ocrx_word' id='word_1_170' title='bbox 1277 1334 1525 1361; x_wconf 90' lang='lat' dir='ltr'>concursum</span> 
     </span>
     <span class='ocr_line' id='line_1_21' title="bbox 139 1377 1525 1434; baseline -0.001 -16"><span class='ocrx_word' id='word_1_171' title='bbox 139 1386 202 1418; x_wconf 90' lang='lat' dir='ltr'>est</span> <span class='ocrx_word' id='word_1_172' title='bbox 218 1377 271 1418; x_wconf 89' lang='lat' dir='ltr'>ad</span> <span class='ocrx_word' id='word_1_173' title='bbox 285 1392 409 1419; x_wconf 81' lang='lat' dir='ltr'>arma.</span> <span class='ocrx_word' id='word_1_174' title='bbox 462 1377 527 1419; x_wconf 88' lang='lat' dir='ltr'>Ita</span> <span class='ocrx_word' id='word_1_175' title='bbox 543 1378 693 1419; x_wconf 87' lang='lat' dir='ltr'>frustra</span> <span class='ocrx_word' id='word_1_176' title='bbox 709 1378 752 1419; x_wconf 91' lang='lat' dir='ltr'>id</span> <span class='ocrx_word' id='word_1_177' title='bbox 770 1379 985 1434; x_wconf 90' lang='lat' dir='ltr'>inceptum</span> <span class='ocrx_word' id='word_1_178' title='bbox 1007 1377 1170 1418; x_wconf 89' lang='lat' dir='ltr'>Volscis</span> <span class='ocrx_word' id='word_1_179' title='bbox 1185 1377 1281 1418; x_wconf 90' lang='lat' dir='ltr'>fuit:</span> <span class='ocrx_word' id='word_1_180' title='bbox 1316 1377 1525 1432; x_wconf 89' lang='lat' dir='ltr'>reliquum</span> 
     </span>
     <span class='ocr_line' id='line_1_22' title="bbox 140 1434 1525 1492; baseline -0.001 -16"><span class='ocrx_word' id='word_1_181' title='bbox 140 1435 275 1476; x_wconf 90' lang='lat' dir='ltr'>noctis</span> <span class='ocrx_word' id='word_1_182' title='bbox 312 1435 522 1492; x_wconf 87' lang='lat' dir='ltr'>utrimque</span> <span class='ocrx_word' id='word_1_183' title='bbox 563 1436 694 1491; x_wconf 87' lang='lat' dir='ltr'>quieti</span> <span class='ocrx_word' id='word_1_184' title='bbox 732 1435 888 1477; x_wconf 88' lang='lat' dir='ltr'>datum.</span> <span class='ocrx_word' id='word_1_185' title='bbox 951 1435 1125 1476; x_wconf 90' lang='lat' dir='ltr'>Postero</span> <span class='ocrx_word' id='word_1_186' title='bbox 1161 1435 1228 1476; x_wconf 91' lang='lat' dir='ltr'>die</span> <span class='ocrx_word' id='word_1_187' title='bbox 1264 1435 1399 1490; x_wconf 85' lang='lat' dir='ltr'>prima</span> <span class='ocrx_word' id='word_1_188' title='bbox 1433 1434 1525 1475; x_wconf 88' lang='lat' dir='ltr'>luce</span> 
     </span>
     <span class='ocr_line' id='line_1_23' title="bbox 141 1491 1528 1549; baseline -0.001 -16"><span class='ocrx_word' id='word_1_189' title='bbox 141 1492 297 1542; x_wconf 90' lang='lat' dir='ltr'>Volsci,</span> <span class='ocrx_word' id='word_1_190' title='bbox 319 1493 436 1534; x_wconf 85' lang='lat' dir='ltr'>fossis</span> <span class='ocrx_word' id='word_1_191' title='bbox 463 1493 644 1549; x_wconf 85' lang='lat' dir='ltr'>repletiS,</span> <span class='ocrx_word' id='word_1_192' title='bbox 667 1492 820 1534; x_wconf 83' lang='lat' dir='ltr'>vallum</span> <span class='ocrx_word' id='word_1_193' title='bbox 849 1493 1066 1534; x_wconf 88' lang='lat' dir='ltr'>invadunt.</span> <span class='ocrx_word' id='word_1_194' title='bbox 1129 1491 1304 1548; x_wconf 89' lang='lat' dir='ltr'>Iamque</span> <span class='ocrx_word' id='word_1_195' title='bbox 1333 1493 1384 1533; x_wconf 87' lang='lat' dir='ltr'>ab</span> <span class='ocrx_word' id='word_1_196' title='bbox 1413 1492 1528 1533; x_wconf 91' lang='lat' dir='ltr'>omni</span> 
     </span>
     <span class='ocr_line' id='line_1_24' title="bbox 140 1550 1527 1616; baseline -0.001 -25"><span class='ocrx_word' id='word_1_197' title='bbox 140 1559 258 1607; x_wconf 88' lang='lat' dir='ltr'>parte</span> <span class='ocrx_word' id='word_1_198' title='bbox 299 1550 562 1592; x_wconf 88' lang='lat' dir='ltr'>munimenta</span> <span class='ocrx_word' id='word_1_199' title='bbox 600 1550 872 1616; x_wconf 85' lang='lat' dir='ltr'>vellebantur,</span> <span class='ocrx_word' id='word_1_200' title='bbox 915 1565 1046 1607; x_wconf 92' lang='lat' dir='ltr'>quum</span> <span class='ocrx_word' id='word_1_201' title='bbox 1087 1550 1244 1600; x_wconf 89' lang='lat' dir='ltr'>consul,</span> <span class='ocrx_word' id='word_1_202' title='bbox 1287 1565 1527 1606; x_wconf 84' lang='lat' dir='ltr'>quanquam</span> 
     </span>
     <span class='ocr_line' id='line_1_25' title="bbox 140 1607 1528 1665; baseline 0 -16"><span class='ocrx_word' id='word_1_203' title='bbox 140 1607 282 1650; x_wconf 89' lang='lat' dir='ltr'>cuncti</span> <span class='ocrx_word' id='word_1_204' title='bbox 310 1608 512 1664; x_wconf 92' lang='lat' dir='ltr'>undique,</span> <span class='ocrx_word' id='word_1_205' title='bbox 536 1617 578 1650; x_wconf 92' lang='lat' dir='ltr'>et</span> <span class='ocrx_word' id='word_1_206' title='bbox 606 1609 704 1650; x_wconf 87' lang='lat' dir='ltr'>nexi</span> <span class='ocrx_word' id='word_1_207' title='bbox 727 1617 823 1650; x_wconf 87' lang='lat' dir='ltr'>ante</span> <span class='ocrx_word' id='word_1_208' title='bbox 850 1624 1007 1658; x_wconf 89' lang='lat' dir='ltr'>omnes,</span> <span class='ocrx_word' id='word_1_209' title='bbox 1029 1617 1077 1650; x_wconf 90' lang='lat' dir='ltr'>ut</span> <span class='ocrx_word' id='word_1_210' title='bbox 1098 1609 1263 1665; x_wconf 78' lang='lat' dir='ltr'>signum</span> <span class='ocrx_word' id='word_1_211' title='bbox 1291 1608 1422 1658; x_wconf 90' lang='lat' dir='ltr'>daret,</span> <span class='ocrx_word' id='word_1_212' title='bbox 1445 1608 1528 1650; x_wconf 88' lang='lat' dir='ltr'>cla-</span> 
     </span>
     <span class='ocr_line' id='line_1_26' title="bbox 139 1666 1529 1723; baseline 0.001 -17"><span class='ocrx_word' id='word_1_213' title='bbox 139 1666 323 1716; x_wconf 87' lang='lat' dir='ltr'>mabant,</span> <span class='ocrx_word' id='word_1_214' title='bbox 333 1666 578 1723; x_wconf 82' lang='lat' dir='ltr'>experiendi</span> <span class='ocrx_word' id='word_1_215' title='bbox 593 1667 753 1708; x_wconf 88' lang='lat' dir='ltr'>animos</span> <span class='ocrx_word' id='word_1_216' title='bbox 766 1666 946 1708; x_wconf 91' lang='lat' dir='ltr'>militum</span> <span class='ocrx_word' id='word_1_217' title='bbox 961 1681 1084 1708; x_wconf 88' lang='lat' dir='ltr'>causa</span> <span class='ocrx_word' id='word_1_218' title='bbox 1096 1681 1321 1723; x_wconf 87' lang='lat' dir='ltr'>parumper</span> <span class='ocrx_word' id='word_1_219' title='bbox 1334 1675 1529 1716; x_wconf 83' lang='lat' dir='ltr'>moratuS,</span> 
     </span>
     <span class='ocr_line' id='line_1_27' title="bbox 139 1724 1531 1782; baseline -0.001 -17"><span class='ocrx_word' id='word_1_220' title='bbox 139 1732 360 1781; x_wconf 88' lang='lat' dir='ltr'>postquam</span> <span class='ocrx_word' id='word_1_221' title='bbox 392 1724 488 1766; x_wconf 89' lang='lat' dir='ltr'>satis</span> <span class='ocrx_word' id='word_1_222' title='bbox 525 1725 750 1781; x_wconf 83' lang='lat' dir='ltr'>apparebat</span> <span class='ocrx_word' id='word_1_223' title='bbox 786 1725 934 1782; x_wconf 84' lang='lat' dir='ltr'>ingens</span> <span class='ocrx_word' id='word_1_224' title='bbox 967 1725 1104 1774; x_wconf 90' lang='lat' dir='ltr'>ardor,</span> <span class='ocrx_word' id='word_1_225' title='bbox 1136 1724 1235 1766; x_wconf 85' lang='lat' dir='ltr'>dato</span> <span class='ocrx_word' id='word_1_226' title='bbox 1272 1724 1442 1766; x_wconf 89' lang='lat' dir='ltr'>tandem</span> <span class='ocrx_word' id='word_1_227' title='bbox 1478 1724 1531 1765; x_wconf 88' lang='lat' dir='ltr'>ad</span> 
     </span>
     <span class='ocr_line' id='line_1_28' title="bbox 140 1781 1527 1839; baseline 0.001 -17"><span class='ocrx_word' id='word_1_228' title='bbox 140 1781 448 1838; x_wconf 88' lang='lat' dir='ltr'>erumpendum</span> <span class='ocrx_word' id='word_1_229' title='bbox 488 1782 620 1839; x_wconf 85' lang='lat' dir='ltr'>signo,</span> <span class='ocrx_word' id='word_1_230' title='bbox 657 1783 832 1824; x_wconf 89' lang='lat' dir='ltr'>militem</span> <span class='ocrx_word' id='word_1_231' title='bbox 874 1783 1042 1824; x_wconf 88' lang='lat' dir='ltr'>avidum</span> <span class='ocrx_word' id='word_1_232' title='bbox 1083 1783 1321 1824; x_wconf 86' lang='lat' dir='ltr'>certaminis</span> <span class='ocrx_word' id='word_1_233' title='bbox 1361 1782 1527 1824; x_wconf 87' lang='lat' dir='ltr'>emittit.</span> 
     </span>
     <span class='ocr_line' id='line_1_29' title="bbox 140 1838 1728 1898; baseline 0 -18"><span class='ocrx_word' id='word_1_234' title='bbox 140 1838 284 1881; x_wconf 89' lang='lat' dir='ltr'>Primo</span> <span class='ocrx_word' id='word_1_235' title='bbox 310 1839 449 1881; x_wconf 84' lang='lat' dir='ltr'>statim</span> <span class='ocrx_word' id='word_1_236' title='bbox 479 1840 647 1882; x_wconf 89' lang='lat' dir='ltr'>incursu</span> <span class='ocrx_word' id='word_1_237' title='bbox 675 1840 784 1897; x_wconf 88' lang='lat' dir='ltr'>pulsi</span> <span class='ocrx_word' id='word_1_238' title='bbox 815 1841 976 1882; x_wconf 91' lang='lat' dir='ltr'>hostes.</span> <span class='ocrx_word' id='word_1_239' title='bbox 1009 1841 1278 1898; x_wconf 71' lang='lat' dir='ltr'>fugientibus,</span> <span class='ocrx_word' id='word_1_240' title='bbox 1301 1840 1476 1897; x_wconf 88' lang='lat' dir='ltr'>quoad</span> <span class='ocrx_word' id='word_1_241' title='bbox 1467 1856 1728 1891; x_wconf 80' lang='lat' dir='ltr'>111·Victivol-</span> 
     </span>
     <span class='ocr_line' id='line_1_30' title="bbox 140 1897 1596 1956; baseline 0.001 -17"><span class='ocrx_word' id='word_1_242' title='bbox 140 1897 260 1954; x_wconf 86' lang='lat' dir='ltr'>sequi</span> <span class='ocrx_word' id='word_1_243' title='bbox 299 1897 428 1954; x_wconf 87' lang='lat' dir='ltr'>pedes</span> <span class='ocrx_word' id='word_1_244' title='bbox 493 1898 612 1948; x_wconf 91' lang='lat' dir='ltr'>otuit,</span> <span class='ocrx_word' id='word_1_245' title='bbox 648 1908 764 1956; x_wconf 84' lang='lat' dir='ltr'>terga</span> <span class='ocrx_word' id='word_1_246' title='bbox 797 1914 942 1940; x_wconf 90' lang='lat' dir='ltr'>caesa:</span> <span class='ocrx_word' id='word_1_247' title='bbox 985 1913 1114 1956; x_wconf 89' lang='lat' dir='ltr'>eques</span> <span class='ocrx_word' id='word_1_248' title='bbox 1144 1913 1277 1955; x_wconf 91' lang='lat' dir='ltr'>usque</span> <span class='ocrx_word' id='word_1_249' title='bbox 1313 1898 1367 1940; x_wconf 88' lang='lat' dir='ltr'>ad</span> <span class='ocrx_word' id='word_1_250' title='bbox 1399 1903 1596 1940; x_wconf 83' lang='lat' dir='ltr'>castrasci</span> 
     </span>
     <span class='ocr_line' id='line_1_31' title="bbox 141 1913 1529 2053; baseline 0.001 -57"><span class='ocrx_word' id='word_1_251' title='bbox 141 1955 312 2053; x_wconf 45' lang='lat' dir='ltr'>&amp;vidos</span> <span class='ocrx_word' id='word_1_252' title='bbox 327 1956 423 2011; x_wconf 77' lang='lat' dir='ltr'>egit</span> <span class='ocrx_word' id='word_1_253' title='bbox 463 1913 612 1997; x_wconf 49' lang='grc' dir='ltr'>Ι34οΧ</span> <span class='ocrx_word' id='word_1_254' title='bbox 591 1956 679 2013; x_wconf 90' lang='lat' dir='ltr'>ipsa</span> <span class='ocrx_word' id='word_1_255' title='bbox 695 1966 839 2006; x_wconf 87' lang='lat' dir='ltr'>castra,</span> <span class='ocrx_word' id='word_1_256' title='bbox 855 1956 1089 2013; x_wconf 83' lang='lat' dir='ltr'>legionibus</span> <span class='ocrx_word' id='word_1_257' title='bbox 1105 1956 1383 2006; x_wconf 84' lang='lat' dir='ltr'>circumdatis,</span> <span class='ocrx_word' id='word_1_258' title='bbox 1398 1972 1529 2013; x_wconf 92' lang='lat' dir='ltr'>quum</span> 
     </span>
     <span class='ocr_line' id='line_1_32' title="bbox 186 2013 1529 2071; baseline 0.001 -17"><span class='ocrx_word' id='word_1_259' title='bbox 186 2013 318 2055; x_wconf 83' lang='lat' dir='ltr'>olscos</span> <span class='ocrx_word' id='word_1_260' title='bbox 359 2013 456 2055; x_wconf 88' lang='lat' dir='ltr'>inde</span> <span class='ocrx_word' id='word_1_261' title='bbox 499 2014 626 2055; x_wconf 89' lang='lat' dir='ltr'>etiam</span> <span class='ocrx_word' id='word_1_262' title='bbox 668 2030 795 2070; x_wconf 80' lang='lat' dir='ltr'>pavor</span> <span class='ocrx_word' id='word_1_263' title='bbox 829 2015 1070 2071; x_wconf 79' lang='lat' dir='ltr'>expulisset,</span> <span class='ocrx_word' id='word_1_264' title='bbox 1107 2024 1229 2071; x_wconf 89' lang='lat' dir='ltr'>capta</span> <span class='ocrx_word' id='word_1_265' title='bbox 1268 2014 1529 2071; x_wconf 86' lang='lat' dir='ltr'>direptaque.</span> 
     </span>
     <span class='ocr_line' id='line_1_33' title="bbox 143 2070 1532 2128; baseline 0.001 -16"><span class='ocrx_word' id='word_1_266' title='bbox 143 2070 317 2112; x_wconf 88' lang='lat' dir='ltr'>Postero</span> <span class='ocrx_word' id='word_1_267' title='bbox 338 2071 405 2113; x_wconf 91' lang='lat' dir='ltr'>die</span> <span class='ocrx_word' id='word_1_268' title='bbox 428 2071 480 2112; x_wconf 87' lang='lat' dir='ltr'>ad</span> <span class='ocrx_word' id='word_1_269' title='bbox 505 2071 696 2113; x_wconf 86' lang='lat' dir='ltr'>Suessam</span> <span class='ocrx_word' id='word_1_270' title='bbox 719 2072 967 2122; x_wconf 88' lang='lat' dir='ltr'>Pometiam,</span> <span class='ocrx_word' id='word_1_271' title='bbox 986 2087 1071 2128; x_wconf 87' lang='lat' dir='ltr'>quo</span> <span class='ocrx_word' id='word_1_272' title='bbox 1092 2072 1363 2127; x_wconf 84' lang='lat' dir='ltr'>confugerant</span> <span class='ocrx_word' id='word_1_273' title='bbox 1380 2072 1532 2121; x_wconf 88' lang='lat' dir='ltr'>hostes,</span> 
     </span>
     <span class='ocr_line' id='line_1_34' title="bbox 115 2128 1534 2186; baseline -0.001 -15"><span class='ocrx_word' id='word_1_274' title='bbox 115 2128 378 2185; x_wconf 86' lang='lat' dir='ltr'>7legionibus</span> <span class='ocrx_word' id='word_1_275' title='bbox 399 2128 548 2179; x_wconf 86' lang='lat' dir='ltr'>ductis,</span> <span class='ocrx_word' id='word_1_276' title='bbox 571 2129 681 2170; x_wconf 90' lang='lat' dir='ltr'>intra</span> <span class='ocrx_word' id='word_1_277' title='bbox 701 2144 854 2186; x_wconf 90' lang='lat' dir='ltr'>paucos</span> <span class='ocrx_word' id='word_1_278' title='bbox 876 2129 965 2171; x_wconf 89' lang='lat' dir='ltr'>dics</span> <span class='ocrx_word' id='word_1_279' title='bbox 990 2129 1192 2186; x_wconf 87' lang='lat' dir='ltr'>oppidum</span> <span class='ocrx_word' id='word_1_280' title='bbox 1214 2129 1402 2186; x_wconf 87' lang='lat' dir='ltr'>capitur:</span> <span class='ocrx_word' id='word_1_281' title='bbox 1437 2145 1534 2186; x_wconf 90' lang='lat' dir='ltr'>cap-</span> 
     </span>
    </p>
   </div>
   <div class='ocr_carea' id='block_1_3' title="bbox 145 2272 820 2994">
    <p class='ocr_par' dir='ltr' id='par_1_3' title="bbox 145 2272 816 2354">
     <span class='ocr_line' id='line_1_35' title="bbox 189 2272 816 2313; baseline 0.002 -11"><span class='ocrx_word' id='word_1_282' title='bbox 189 2281 206 2302; x_wconf 75' lang='lat'><em>2</em></span> <span class='ocrx_word' id='word_1_283' title='bbox 229 2272 265 2302; x_wconf 74' lang='lat' dir='ltr'>Si</span> <span class='ocrx_word' id='word_1_284' title='bbox 280 2273 320 2302; x_wconf 66' lang='lat' dir='ltr'>sit</span> <span class='ocrx_word' id='word_1_285' title='bbox 336 2273 510 2303; x_wconf 60' lang='lat' dir='ltr'>laxamenta·</span> <span class='ocrx_word' id='word_1_286' title='bbox 526 2273 665 2313; x_wconf 76' lang='lat' dir='ltr'>aliquid]</span> <span class='ocrx_word' id='word_1_287' title='bbox 695 2272 728 2303; x_wconf 85' lang='lat' dir='ltr'>Si</span> <span class='ocrx_word' id='word_1_288' title='bbox 746 2272 816 2303; x_wconf 70' lang='lat' dir='ltr'>hos-</span> 
     </span>
     <span class='ocr_line' id='line_1_36' title="bbox 145 2314 713 2354; baseline 0 -9"><span class='ocrx_word' id='word_1_289' title='bbox 145 2314 186 2345; x_wconf 75' lang='lat' dir='ltr'>tis</span> <span class='ocrx_word' id='word_1_290' title='bbox 201 2325 263 2345; x_wconf 91' lang='lat' dir='ltr'>non</span> <span class='ocrx_word' id='word_1_291' title='bbox 280 2319 447 2354; x_wconf 61' lang='lat' dir='ltr'>tantopere</span> <span class='ocrx_word' id='word_1_292' title='bbox 464 2320 583 2353; x_wconf 74' lang='lat' dir='ltr'>urgent.</span> <span class='ocrx_word' id='word_1_293' title='bbox 607 2316 713 2346; x_wconf 61' lang='lat' dir='ltr'>Cum.</span> 
     </span>
    </p>

    <p class='ocr_par' dir='ltr' id='par_1_4' title="bbox 145 2358 816 2484">
     <span class='ocr_line' id='line_1_37' title="bbox 190 2358 815 2398; baseline -0.002 -9"><span class='ocrx_word' id='word_1_294' title='bbox 190 2367 208 2397; x_wconf 87' lang='lat'>3</span> <span class='ocrx_word' id='word_1_295' title='bbox 231 2359 344 2398; x_wconf 78' lang='lat' dir='ltr'>Neque</span> <span class='ocrx_word' id='word_1_296' title='bbox 359 2359 530 2395; x_wconf 61' lang='lat' dir='ltr'>Patribus]</span> <span class='ocrx_word' id='word_1_297' title='bbox 562 2358 626 2388; x_wconf 86' lang='lat' dir='ltr'>llic</span> <span class='ocrx_word' id='word_1_298' title='bbox 643 2358 757 2397; x_wconf 80' lang='lat' dir='ltr'>requiri</span> <span class='ocrx_word' id='word_1_299' title='bbox 776 2358 815 2388; x_wconf 73' lang='lat' dir='ltr'>vi-</span> 
     </span>
     <span class='ocr_line' id='line_1_38' title="bbox 145 2400 816 2441; baseline 0.001 -10"><span class='ocrx_word' id='word_1_300' title='bbox 145 2400 240 2431; x_wconf 74' lang='lat' dir='ltr'>detur</span> <span class='ocrx_word' id='word_1_301' title='bbox 263 2401 419 2441; x_wconf 80' lang='lat' dir='ltr'>particula</span> <span class='ocrx_word' id='word_1_302' title='bbox 437 2406 506 2438; x_wconf 83' lang='lat' dir='ltr'>aue,</span> <span class='ocrx_word' id='word_1_303' title='bbox 523 2401 630 2441; x_wconf 75' lang='lat' dir='ltr'>potius</span> <span class='ocrx_word' id='word_1_304' title='bbox 645 2411 739 2440; x_wconf 78' lang='lat' dir='ltr'>quam</span> <span class='ocrx_word' id='word_1_305' title='bbox 765 2412 816 2432; x_wconf 82' lang='lat' dir='ltr'>ne-</span> 
     </span>
     <span class='ocr_line' id='line_1_39' title="bbox 146 2443 346 2484; baseline 0 -10"><span class='ocrx_word' id='word_1_306' title='bbox 146 2454 217 2484; x_wconf 70' lang='lat' dir='ltr'>que.</span> <span class='ocrx_word' id='word_1_307' title='bbox 240 2443 346 2474; x_wconf 66' lang='lat' dir='ltr'>Cum.</span> 
     </span>
    </p>

    <p class='ocr_par' dir='ltr' id='par_1_5' title="bbox 148 2486 820 2652">
     <span class='ocr_line' id='line_1_40' title="bbox 190 2486 816 2525; baseline 0.002 -9"><span class='ocrx_word' id='word_1_308' title='bbox 190 2497 210 2524; x_wconf 78' lang='lat'><strong>⁴</strong></span> <span class='ocrx_word' id='word_1_309' title='bbox 233 2487 383 2517; x_wconf 72' lang='lat' dir='ltr'>Com-iani</span> <span class='ocrx_word' id='word_1_310' title='bbox 409 2487 539 2524; x_wconf 72' lang='lat' dir='ltr'>deinde]</span> <span class='ocrx_word' id='word_1_311' title='bbox 590 2486 649 2521; x_wconf 76' lang='lat' dir='ltr'>En.</span> <span class='ocrx_word' id='word_1_312' title='bbox 676 2496 758 2525; x_wconf 75' lang='lat' dir='ltr'>quae</span> <span class='ocrx_word' id='word_1_313' title='bbox 786 2487 816 2517; x_wconf 84' lang='lat' dir='ltr'>in</span> 
     </span>
     <span class='ocr_line' id='line_1_41' title="bbox 148 2528 818 2569; baseline 0.003 -12"><span class='ocrx_word' id='word_1_314' title='bbox 148 2528 302 2559; x_wconf 78' lang='lat' dir='ltr'>concione</span> <span class='ocrx_word' id='word_1_315' title='bbox 341 2529 477 2565; x_wconf 69' lang='lat' dir='ltr'>dixerat,</span> <span class='ocrx_word' id='word_1_316' title='bbox 514 2529 745 2569; x_wconf 75' lang='lat' dir='ltr'>comprobavit,</span> <span class='ocrx_word' id='word_1_317' title='bbox 787 2535 818 2560; x_wconf 82' lang='lat' dir='ltr'>et</span> 
     </span>
     <span class='ocr_line' id='line_1_42' title="bbox 149 2569 820 2611; baseline 0.004 -12"><span class='ocrx_word' id='word_1_318' title='bbox 149 2569 303 2601; x_wconf 73' lang='lat' dir='ltr'>eiusmodi</span> <span class='ocrx_word' id='word_1_319' title='bbox 332 2582 399 2602; x_wconf 72' lang='lat' dir='ltr'>ense</span> <span class='ocrx_word' id='word_1_320' title='bbox 425 2573 575 2607; x_wconf 79' lang='lat' dir='ltr'>ostendit</span> <span class='ocrx_word' id='word_1_321' title='bbox 599 2572 714 2611; x_wconf 72' lang='lat' dir='ltr'>quibus</span> <span class='ocrx_word' id='word_1_322' title='bbox 741 2572 820 2602; x_wconf 70' lang='lat' dir='ltr'>fidos</span> 
     </span>
     <span class='ocr_line' id='line_1_43' title="bbox 151 2612 654 2652; baseline 0.002 -10"><span class='ocrx_word' id='word_1_323' title='bbox 151 2612 260 2642; x_wconf 73' lang='lat' dir='ltr'>haberi</span> <span class='ocrx_word' id='word_1_324' title='bbox 279 2619 394 2652; x_wconf 67' lang='lat' dir='ltr'>pom-t,</span> <span class='ocrx_word' id='word_1_325' title='bbox 410 2615 524 2645; x_wconf 80' lang='lat' dir='ltr'>edicto.</span> <span class='ocrx_word' id='word_1_326' title='bbox 549 2616 654 2646; x_wconf 73' lang='lat' dir='ltr'>Ciuzv.</span> 
     </span>
    </p>

    <p class='ocr_par' dir='ltr' id='par_1_6' title="bbox 148 2655 820 2994">
     <span class='ocr_line' id='line_1_44' title="bbox 194 2655 816 2697; baseline 0.007 -13.02"><span class='ocrx_word' id='word_1_327' title='bbox 194 2663 211 2693; x_wconf 76' lang='lat'><strong>5</strong></span> <span class='ocrx_word' id='word_1_328' title='bbox 240 2655 364 2686; x_wconf 76' lang='lat' dir='ltr'>liberm</span> <span class='ocrx_word' id='word_1_329' title='bbox 391 2663 555 2697; x_wconf 65' lang='lat' dir='ltr'>nepotum·</span> <span class='ocrx_word' id='word_1_330' title='bbox 584 2659 653 2687; x_wconf 73' lang='lat' dir='ltr'>eim</span> <span class='ocrx_word' id='word_1_331' title='bbox 682 2669 816 2688; x_wconf 73' lang='lat' dir='ltr'>marare-</span> 
     </span>
     <span class='ocr_line' id='line_1_45' title="bbox 148 2696 820 2739; baseline 0.002 -12"><span class='ocrx_word' id='word_1_332' title='bbox 148 2698 221 2735; x_wconf 78' lang='lat' dir='ltr'>tur}</span> <span class='ocrx_word' id='word_1_333' title='bbox 249 2696 274 2727; x_wconf 98' lang='grc' dir='ltr'>Ι</span> <span class='ocrx_word' id='word_1_334' title='bbox 277 2697 353 2728; x_wconf 75' lang='lat' dir='ltr'>iberi</span> <span class='ocrx_word' id='word_1_335' title='bbox 369 2704 459 2729; x_wconf 81' lang='lat' dir='ltr'>emnt</span> <span class='ocrx_word' id='word_1_336' title='bbox 478 2699 509 2729; x_wconf 90' lang='lat' dir='ltr'>in</span> <span class='ocrx_word' id='word_1_337' title='bbox 534 2705 692 2739; x_wconf 65' lang='lat' dir='ltr'>potestate</span> <span class='ocrx_word' id='word_1_338' title='bbox 710 2700 820 2739; x_wconf 70' lang='lat' dir='ltr'>putria,</span> 
     </span>
     <span class='ocr_line' id='line_1_46' title="bbox 149 2740 820 2781; baseline 0.003 -11"><span class='ocrx_word' id='word_1_339' title='bbox 149 2740 204 2779; x_wconf 81' lang='lat' dir='ltr'>qui</span> <span class='ocrx_word' id='word_1_340' title='bbox 221 2750 274 2770; x_wconf 72' lang='lat' dir='ltr'>eos</span> <span class='ocrx_word' id='word_1_341' title='bbox 291 2746 413 2779; x_wconf 76' lang='lat' dir='ltr'>poterut</span> <span class='ocrx_word' id='word_1_342' title='bbox 430 2742 576 2778; x_wconf 83' lang='lat' dir='ltr'>vendere,</span> <span class='ocrx_word' id='word_1_343' title='bbox 588 2743 641 2781; x_wconf 84' lang='lat' dir='ltr'>qui</span> <span class='ocrx_word' id='word_1_344' title='bbox 659 2743 688 2772; x_wconf 89' lang='lat' dir='ltr'>in</span> <span class='ocrx_word' id='word_1_345' title='bbox 703 2754 757 2772; x_wconf 68' lang='lat' dir='ltr'>eon</span> <span class='ocrx_word' id='word_1_346' title='bbox 773 2743 820 2772; x_wconf 69' lang='lat' dir='ltr'>ius</span> 
     </span>
     <span class='ocr_line' id='line_1_47' title="bbox 151 2782 817 2823; baseline 0.003 -11"><span class='ocrx_word' id='word_1_347' title='bbox 151 2782 234 2813; x_wconf 62' lang='lat' dir='ltr'>witae</span> <span class='ocrx_word' id='word_1_348' title='bbox 255 2782 402 2822; x_wconf 56' lang='lat' dir='ltr'>necisque</span> <span class='ocrx_word' id='word_1_349' title='bbox 425 2784 572 2814; x_wconf 74' lang='lat' dir='ltr'>habebnt.</span> <span class='ocrx_word' id='word_1_350' title='bbox 623 2785 736 2823; x_wconf 72' lang='lat' dir='ltr'>ltaque</span> <span class='ocrx_word' id='word_1_351' title='bbox 752 2790 817 2814; x_wconf 78' lang='lat' dir='ltr'>tun-</span> 
     </span>
     <span class='ocr_line' id='line_1_48' title="bbox 149 2826 818 2866; baseline 0.004 -12"><span class='ocrx_word' id='word_1_352' title='bbox 149 2836 245 2865; x_wconf 75' lang='lat' dir='ltr'>quam</span> <span class='ocrx_word' id='word_1_353' title='bbox 262 2836 308 2855; x_wconf 67' lang='lat' dir='ltr'>reu</span> <span class='ocrx_word' id='word_1_354' title='bbox 325 2826 528 2865; x_wconf 65' lang='lat' dir='ltr'>pnitri=‚l1n11d</span> <span class='ocrx_word' id='word_1_355' title='bbox 543 2827 635 2856; x_wconf 69' lang='lat' dir='ltr'>nliter</span> <span class='ocrx_word' id='word_1_356' title='bbox 647 2828 711 2857; x_wconf 68' lang='lat' dir='ltr'>sert·</span> <span class='ocrx_word' id='word_1_357' title='bbox 724 2837 818 2866; x_wconf 80' lang='lat' dir='ltr'>quum</span> 
     </span>
     <span class='ocr_line' id='line_1_49' title="bbox 148 2868 818 2906; baseline 0.003 -9"><span class='ocrx_word' id='word_1_358' title='bbox 148 2868 241 2904; x_wconf 70' lang='lat' dir='ltr'>nervi,</span> <span class='ocrx_word' id='word_1_359' title='bbox 258 2868 465 2899; x_wconf 71' lang='lat' dir='ltr'>habebuntur.</span> <span class='ocrx_word' id='word_1_360' title='bbox 514 2869 602 2900; x_wconf 76' lang='lat' dir='ltr'>Nihil</span> <span class='ocrx_word' id='word_1_361' title='bbox 629 2870 742 2900; x_wconf 76' lang='lat' dir='ltr'>mirum</span> <span class='ocrx_word' id='word_1_362' title='bbox 768 2870 818 2906; x_wconf 64' lang='lat' dir='ltr'>igi-</span> 
     </span>
     <span class='ocr_line' id='line_1_50' title="bbox 149 2911 819 2951; baseline 0.001 -10"><span class='ocrx_word' id='word_1_363' title='bbox 149 2915 202 2941; x_wconf 79' lang='lat' dir='ltr'>tur</span> <span class='ocrx_word' id='word_1_364' title='bbox 216 2922 270 2941; x_wconf 70' lang='lat' dir='ltr'>eon</span> <span class='ocrx_word' id='word_1_365' title='bbox 288 2922 307 2941; x_wconf 82' lang='lat' dir='ltr'>n</span> <span class='ocrx_word' id='word_1_366' title='bbox 332 2917 419 2951; x_wconf 71' lang='lat' dir='ltr'>putre</span> <span class='ocrx_word' id='word_1_367' title='bbox 438 2911 557 2951; x_wconf 68' lang='lat' dir='ltr'>pignori</span> <span class='ocrx_word' id='word_1_368' title='bbox 575 2912 706 2951; x_wconf 76' lang='lat' dir='ltr'>opponi,</span> <span class='ocrx_word' id='word_1_369' title='bbox 722 2923 740 2942; x_wconf 81' lang='lat' dir='ltr'>n</span> <span class='ocrx_word' id='word_1_370' title='bbox 756 2923 819 2942; x_wconf 80' lang='lat' dir='ltr'>ere-</span> 
     </span>
     <span class='ocr_line' id='line_1_51' title="bbox 149 2953 820 2994; baseline 0.001 -9"><span class='ocrx_word' id='word_1_371' title='bbox 149 2953 304 2985; x_wconf 73' lang='lat' dir='ltr'>ditatibus</span> <span class='ocrx_word' id='word_1_372' title='bbox 328 2955 453 2985; x_wconf 77' lang='lat' dir='ltr'>retineri</span> <span class='ocrx_word' id='word_1_373' title='bbox 480 2954 631 2994; x_wconf 62' lang='lat' dir='ltr'>potuisse,</span> <span class='ocrx_word' id='word_1_374' title='bbox 646 2956 748 2986; x_wconf 78' lang='lat' dir='ltr'>donec</span> <span class='ocrx_word' id='word_1_375' title='bbox 767 2956 820 2986; x_wconf 84' lang='lat' dir='ltr'>de-</span> 
     </span>
    </p>
   </div>
   <div class='ocr_carea' id='block_1_4' title="bbox 860 2270 1534 2997">
    <p class='ocr_par' dir='ltr' id='par_1_7' title="bbox 860 2270 1534 2611">
     <span class='ocr_line' id='line_1_52' title="bbox 860 2270 1531 2303; baseline -0.001 -1"><span class='ocrx_word' id='word_1_376' title='bbox 860 2272 961 2302; x_wconf 77' lang='lat' dir='ltr'>bitum</span> <span class='ocrx_word' id='word_1_377' title='bbox 982 2272 1166 2303; x_wconf 74' lang='lat' dir='ltr'>solveretur.</span> <span class='ocrx_word' id='word_1_378' title='bbox 1214 2271 1303 2301; x_wconf 81' lang='lat' dir='ltr'>Idem</span> <span class='ocrx_word' id='word_1_379' title='bbox 1330 2271 1378 2301; x_wconf 82' lang='lat' dir='ltr'>ius</span> <span class='ocrx_word' id='word_1_380' title='bbox 1400 2270 1459 2301; x_wconf 84' lang='lat' dir='ltr'>suit</span> <span class='ocrx_word' id='word_1_381' title='bbox 1482 2271 1531 2301; x_wconf 74' lang='lat' dir='ltr'>avi</span> 
     </span>
     <span class='ocr_line' id='line_1_53' title="bbox 862 2313 1534 2355; baseline 0 -10"><span class='ocrx_word' id='word_1_382' title='bbox 862 2315 983 2355; x_wconf 75' lang='lat' dir='ltr'>paterni</span> <span class='ocrx_word' id='word_1_383' title='bbox 1003 2315 1033 2345; x_wconf 87' lang='lat' dir='ltr'>in</span> <span class='ocrx_word' id='word_1_384' title='bbox 1052 2319 1184 2354; x_wconf 74' lang='lat' dir='ltr'>nepotes</span> <span class='ocrx_word' id='word_1_385' title='bbox 1201 2325 1218 2345; x_wconf 91' lang='lat' dir='ltr'>e</span> <span class='ocrx_word' id='word_1_386' title='bbox 1235 2314 1309 2344; x_wconf 77' lang='lat' dir='ltr'>filio.</span> <span class='ocrx_word' id='word_1_387' title='bbox 1360 2313 1423 2344; x_wconf 79' lang='lat' dir='ltr'>llic</span> <span class='ocrx_word' id='word_1_388' title='bbox 1439 2314 1534 2353; x_wconf 83' lang='lat' dir='ltr'>igitur</span> 
     </span>
     <span class='ocr_line' id='line_1_54' title="bbox 863 2357 1530 2389; baseline -0.001 -1"><span class='ocrx_word' id='word_1_389' title='bbox 863 2363 947 2389; x_wconf 73' lang='lat' dir='ltr'>vetat</span> <span class='ocrx_word' id='word_1_390' title='bbox 964 2358 1116 2388; x_wconf 74' lang='lat' dir='ltr'>Servilius</span> <span class='ocrx_word' id='word_1_391' title='bbox 1133 2357 1257 2387; x_wconf 79' lang='lat' dir='ltr'>retineri</span> <span class='ocrx_word' id='word_1_392' title='bbox 1281 2357 1310 2387; x_wconf 86' lang='lat' dir='ltr'>in</span> <span class='ocrx_word' id='word_1_393' title='bbox 1330 2357 1464 2387; x_wconf 73' lang='lat' dir='ltr'>vinculis</span> <span class='ocrx_word' id='word_1_394' title='bbox 1480 2368 1530 2387; x_wconf 82' lang='lat' dir='ltr'>cu-</span> 
     </span>
     <span class='ocr_line' id='line_1_55' title="bbox 862 2399 1531 2440; baseline -0.004 -9"><span class='ocrx_word' id='word_1_395' title='bbox 862 2401 1007 2440; x_wconf 68' lang='lat' dir='ltr'>iusquam</span> <span class='ocrx_word' id='word_1_396' title='bbox 1032 2401 1109 2430; x_wconf 72' lang='lat' dir='ltr'>civis</span> <span class='ocrx_word' id='word_1_397' title='bbox 1135 2400 1272 2431; x_wconf 81' lang='lat' dir='ltr'>Romani</span> <span class='ocrx_word' id='word_1_398' title='bbox 1299 2399 1412 2429; x_wconf 76' lang='lat' dir='ltr'>liberos</span> <span class='ocrx_word' id='word_1_399' title='bbox 1436 2410 1531 2439; x_wconf 79' lang='lat' dir='ltr'>nepo-</span> 
     </span>
     <span class='ocr_line' id='line_1_56' title="bbox 861 2443 1533 2483; baseline -0.001 -9"><span class='ocrx_word' id='word_1_400' title='bbox 861 2449 961 2478; x_wconf 68' lang='lat' dir='ltr'>tesve,</span> <span class='ocrx_word' id='word_1_401' title='bbox 973 2444 1025 2483; x_wconf 86' lang='lat' dir='ltr'>qui</span> <span class='ocrx_word' id='word_1_402' title='bbox 1043 2445 1083 2472; x_wconf 81' lang='lat' dir='ltr'>ob</span> <span class='ocrx_word' id='word_1_403' title='bbox 1095 2454 1149 2473; x_wconf 73' lang='lat' dir='ltr'>aes</span> <span class='ocrx_word' id='word_1_404' title='bbox 1163 2443 1303 2473; x_wconf 72' lang='lat' dir='ltr'>alienum</span> <span class='ocrx_word' id='word_1_405' title='bbox 1324 2443 1460 2482; x_wconf 75' lang='lat' dir='ltr'>patrium</span> <span class='ocrx_word' id='word_1_406' title='bbox 1477 2448 1533 2473; x_wconf 76' lang='lat' dir='ltr'>aut</span> 
     </span>
     <span class='ocr_line' id='line_1_57' title="bbox 860 2485 1533 2517; baseline -0.001 0"><span class='ocrx_word' id='word_1_407' title='bbox 860 2487 981 2517; x_wconf 76' lang='lat' dir='ltr'>avitum</span> <span class='ocrx_word' id='word_1_408' title='bbox 1000 2487 1072 2517; x_wconf 79' lang='lat' dir='ltr'>nexi</span> <span class='ocrx_word' id='word_1_409' title='bbox 1090 2491 1201 2516; x_wconf 68' lang='lat' dir='ltr'>essent.</span> <span class='ocrx_word' id='word_1_410' title='bbox 1227 2487 1332 2515; x_wconf 70' lang='grc' dir='ltr'>(ἷκεν.</span> <span class='ocrx_word' id='word_1_411' title='bbox 1374 2486 1435 2515; x_wconf 77' lang='lat' dir='ltr'>Sed</span> <span class='ocrx_word' id='word_1_412' title='bbox 1455 2485 1533 2516; x_wconf 80' lang='lat' dir='ltr'>hnee</span> 
     </span>
     <span class='ocr_line' id='line_1_58' title="bbox 863 2529 1532 2568; baseline 0.001 -11"><span class='ocrx_word' id='word_1_413' title='bbox 863 2530 970 2560; x_wconf 76' lang='lat' dir='ltr'>omnin</span> <span class='ocrx_word' id='word_1_414' title='bbox 987 2530 1027 2559; x_wconf 88' lang='lat' dir='ltr'>de</span> <span class='ocrx_word' id='word_1_415' title='bbox 1042 2530 1186 2565; x_wconf 72' lang='lat' dir='ltr'>addictis,</span> <span class='ocrx_word' id='word_1_416' title='bbox 1203 2539 1263 2558; x_wconf 83' lang='lat' dir='ltr'>nun</span> <span class='ocrx_word' id='word_1_417' title='bbox 1287 2529 1327 2558; x_wconf 85' lang='lat' dir='ltr'>de</span> <span class='ocrx_word' id='word_1_418' title='bbox 1351 2529 1441 2559; x_wconf 65' lang='lat' dir='ltr'>nes-is</span> <span class='ocrx_word' id='word_1_419' title='bbox 1465 2538 1532 2568; x_wconf 83' lang='lat' dir='ltr'>pro-</span> 
     </span>
     <span class='ocr_line' id='line_1_59' title="bbox 865 2572 1105 2611; baseline 0.004 -10"><span class='ocrx_word' id='word_1_420' title='bbox 865 2572 931 2611; x_wconf 85' lang='lat' dir='ltr'>prie</span> <span class='ocrx_word' id='word_1_421' title='bbox 947 2572 1105 2602; x_wconf 83' lang='lat' dir='ltr'>dicuntur.</span> 
     </span>
    </p>

    <p class='ocr_par' dir='ltr' id='par_1_8' title="bbox 863 2613 1533 2900">
     <span class='ocr_line' id='line_1_60' title="bbox 905 2613 1533 2651; baseline -0.002 -6"><span class='ocrx_word' id='word_1_422' title='bbox 905 2614 924 2644; x_wconf 86' lang='lat'>6</span> <span class='ocrx_word' id='word_1_423' title='bbox 952 2616 994 2645; x_wconf 82' lang='lat' dir='ltr'>Ul</span> <span class='ocrx_word' id='word_1_424' title='bbox 1008 2619 1205 2645; x_wconf 69' lang='lat' dir='ltr'>sacramento</span> <span class='ocrx_word' id='word_1_425' title='bbox 1220 2614 1377 2651; x_wconf 67' lang='lat' dir='ltr'>dive-rent]</span> <span class='ocrx_word' id='word_1_426' title='bbox 1417 2613 1463 2644; x_wconf 81' lang='lat' dir='ltr'>Ut</span> <span class='ocrx_word' id='word_1_427' title='bbox 1487 2624 1533 2644; x_wconf 70' lang='lat' dir='ltr'>m-</span> 
     </span>
     <span class='ocr_line' id='line_1_61' title="bbox 863 2656 1532 2693; baseline 0 -6"><span class='ocrx_word' id='word_1_428' title='bbox 863 2663 1026 2687; x_wconf 68' lang='lat' dir='ltr'>enimento</span> <span class='ocrx_word' id='word_1_429' title='bbox 1044 2657 1171 2687; x_wconf 79' lang='lat' dir='ltr'>militari</span> <span class='ocrx_word' id='word_1_430' title='bbox 1195 2667 1227 2686; x_wconf 71' lang='lat' dir='ltr'>ne</span> <span class='ocrx_word' id='word_1_431' title='bbox 1248 2656 1433 2693; x_wconf 64' lang='lat' dir='ltr'>obligarent.</span> <span class='ocrx_word' id='word_1_432' title='bbox 1480 2657 1532 2687; x_wconf 80' lang='lat' dir='ltr'>Sn-</span> 
     </span>
     <span class='ocr_line' id='line_1_62' title="bbox 863 2699 1533 2740; baseline 0.003 -11"><span class='ocrx_word' id='word_1_433' title='bbox 863 2706 1061 2730; x_wconf 70' lang='lat' dir='ltr'>crumentum</span> <span class='ocrx_word' id='word_1_434' title='bbox 1087 2700 1165 2729; x_wconf 80' lang='lat' dir='ltr'>illud</span> <span class='ocrx_word' id='word_1_435' title='bbox 1190 2700 1320 2729; x_wconf 68' lang='lat' dir='ltr'>mit-nne</span> <span class='ocrx_word' id='word_1_436' title='bbox 1340 2699 1383 2729; x_wconf 72' lang='lat' dir='ltr'>sic</span> <span class='ocrx_word' id='word_1_437' title='bbox 1399 2709 1533 2740; x_wconf 74' lang='lat' dir='ltr'>concop-</span> 
     </span>
     <span class='ocr_line' id='line_1_63' title="bbox 863 2742 1531 2776; baseline 0.001 -4"><span class='ocrx_word' id='word_1_438' title='bbox 863 2748 931 2772; x_wconf 81' lang='lat' dir='ltr'>tmn</span> <span class='ocrx_word' id='word_1_439' title='bbox 956 2748 1034 2776; x_wconf 74' lang='lat' dir='ltr'>erut.</span> <span class='ocrx_word' id='word_1_440' title='bbox 1051 2747 1084 2772; x_wconf 83' lang='lat' dir='ltr'>ut</span> <span class='ocrx_word' id='word_1_441' title='bbox 1110 2742 1247 2772; x_wconf 71' lang='lat' dir='ltr'>inum-nt</span> <span class='ocrx_word' id='word_1_442' title='bbox 1267 2753 1299 2772; x_wconf 72' lang='lat' dir='ltr'>se</span> <span class='ocrx_word' id='word_1_443' title='bbox 1320 2744 1408 2772; x_wconf 65' lang='lat' dir='ltr'>iussu</span> <span class='ocrx_word' id='word_1_444' title='bbox 1423 2753 1531 2773; x_wconf 74' lang='lat' dir='ltr'>mum-</span> 
     </span>
     <span class='ocr_line' id='line_1_64' title="bbox 864 2786 1532 2825; baseline 0.001 -11"><span class='ocrx_word' id='word_1_445' title='bbox 864 2786 928 2814; x_wconf 85' lang='lat' dir='ltr'>lum</span> <span class='ocrx_word' id='word_1_446' title='bbox 953 2790 1172 2819; x_wconf 68' lang='lat' dir='ltr'>omn-emmas,</span> <span class='ocrx_word' id='word_1_447' title='bbox 1196 2796 1296 2825; x_wconf 73' lang='lat' dir='ltr'>neque</span> <span class='ocrx_word' id='word_1_448' title='bbox 1320 2786 1444 2815; x_wconf 67' lang='lat' dir='ltr'>iniussu</span> <span class='ocrx_word' id='word_1_449' title='bbox 1467 2787 1532 2815; x_wconf 69' lang='lat' dir='ltr'>abo*-</span> 
     </span>
     <span class='ocr_line' id='line_1_65' title="bbox 865 2827 1531 2868; baseline 0.002 -11"><span class='ocrx_word' id='word_1_450' title='bbox 865 2832 961 2858; x_wconf 69' lang='lat' dir='ltr'>rums.</span> <span class='ocrx_word' id='word_1_451' title='bbox 1020 2828 1093 2858; x_wconf 74' lang='lat' dir='ltr'>Vid.</span> <span class='ocrx_word' id='word_1_452' title='bbox 1124 2828 1193 2858; x_wconf 76' lang='lat' dir='ltr'>infr.</span> <span class='ocrx_word' id='word_1_453' title='bbox 1222 2827 1262 2858; x_wconf 71' lang='lat' dir='ltr'>iii.</span> <span class='ocrx_word' id='word_1_454' title='bbox 1292 2837 1341 2858; x_wconf 62' lang='grc' dir='ltr'>το.</span> <span class='ocrx_word' id='word_1_455' title='bbox 1379 2828 1453 2858; x_wconf 75' lang='lat' dir='ltr'>xxii.</span> <span class='ocrx_word' id='word_1_456' title='bbox 1484 2832 1531 2868; x_wconf 75' lang='lat'>38,</span> 
     </span>
     <span class='ocr_line' id='line_1_66' title="bbox 865 2872 968 2900; baseline 0 -1"><span class='ocrx_word' id='word_1_457' title='bbox 865 2872 968 2900; x_wconf 66' lang='grc' dir='ltr'>(Ὶικν.</span> 
     </span>
    </p>

    <p class='ocr_par' dir='ltr' id='par_1_9' title="bbox 865 2913 1534 2997">
     <span class='ocr_line' id='line_1_67' title="bbox 910 2913 1531 2953; baseline 0.002 -11"><span class='ocrx_word' id='word_1_458' title='bbox 910 2922 926 2952; x_wconf 82' lang='lat'><em>7</em></span> <span class='ocrx_word' id='word_1_459' title='bbox 951 2915 1111 2953; x_wconf 69' lang='lat' dir='ltr'>llppn&#39;tIum</span> <span class='ocrx_word' id='word_1_460' title='bbox 1127 2914 1273 2953; x_wconf 71' lang='lat' dir='ltr'>rapitur]</span> <span class='ocrx_word' id='word_1_461' title='bbox 1305 2914 1366 2944; x_wconf 76' lang='lat' dir='ltr'>Sed</span> <span class='ocrx_word' id='word_1_462' title='bbox 1392 2913 1531 2944; x_wconf 80' lang='lat' dir='ltr'>dirutum</span> 
     </span>
     <span class='ocr_line' id='line_1_68' title="bbox 865 2955 1534 2997; baseline 0 -11"><span class='ocrx_word' id='word_1_463' title='bbox 865 2955 959 2986; x_wconf 72' lang='lat' dir='ltr'>suim-</span> <span class='ocrx_word' id='word_1_464' title='bbox 974 2967 1058 2996; x_wconf 70' lang='lat' dir='ltr'>supr.</span> <span class='ocrx_word' id='word_1_465' title='bbox 1082 2966 1127 2997; x_wconf 75' lang='lat'>17,</span> <span class='ocrx_word' id='word_1_466' title='bbox 1144 2961 1298 2991; x_wconf 72' lang='lat' dir='ltr'>narratur,</span> <span class='ocrx_word' id='word_1_467' title='bbox 1315 2956 1344 2986; x_wconf 88' lang='lat' dir='ltr'>in</span> <span class='ocrx_word' id='word_1_468' title='bbox 1371 2957 1454 2987; x_wconf 76' lang='lat' dir='ltr'>bello</span> <span class='ocrx_word' id='word_1_469' title='bbox 1479 2957 1534 2987; x_wconf 78' lang='lat' dir='ltr'>illu</span> 
     </span>
    </p>
   </div>
   <div class='ocr_carea' id='block_1_5' title="bbox 1228 3004 1303 3041">
    <p class='ocr_par' dir='ltr' id='par_1_10' title="bbox 1228 3004 1303 3041">
     <span class='ocr_line' id='line_1_69' title="bbox 1228 3004 1303 3041; baseline 0.013 -1"><span class='ocrx_word' id='word_1_470' title='bbox 1228 3004 1303 3041; x_wconf 66' lang='grc' dir='ltr'>υἱὲ</span> 
     </span>
    </p>
   </div>
  </div>
 </body>
</html>
