1934 3211
176 249 220 281 U.
238 250 275 281 C.
293 257 365 288 430.

175 294 214 324 A.
238 293 277 324 C.
293 301 365 332 3²²-

245 713 310 751 37.

176 768 220 799 U.
239 768 275 799 C.
294 777 365 806 431.

174 812 214 841 A.
239 810 276 841 C.
296 819 365 848 521.

175 854 212 884 C.
225 852 369 891 Sulpicio

175 895 223 925 II.
243 895 285 930 Q.
298 895 359 924 Ae-

172 937 262 968 milio
279 937 367 968 Coss.

174 2089 338 2120 Iudicium

172 2132 213 2162 de
229 2133 352 2163 Tuscu—

172 2175 263 2205 lanis.

392 158 476 196 494
913 156 1062 199 TITI
1102 156 1281 198 LIVII

393 255 592 302 apertam,
614 262 694 289 nec
718 246 892 297 insidiis,
915 256 1123 304 expertus.
1167 246 1368 288 Addebat
1388 246 1657 312 alacritatem,
1672 244 1788 310 quod

393 303 571 345 dictator
589 304 789 361 praedam
811 320 979 346 omnem
1001 305 1189 346 edixerat
1210 304 1438 345 militibus:
1471 319 1550 345 nec
1575 304 1637 345 ira
1656 302 1788 359 magis

390 361 570 417 publica,
594 377 721 418 quam
750 362 841 418 prix
844 371 958 403 atum
990 362 1335 418 compendium,
1325 377 1370 402 1n
1400 361 1564 403 hostem
1596 361 1784 402 acuebat.
1804 376 1816 397 1

393 418 475 460 His
499 419 688 460 cladibus
716 420 875 460 subacti
907 419 1116 460 Samnites
1147 434 1294 475 pacem
1320 435 1344 460 a
1368 419 1570 460 dictatore
1598 419 1784 475 petiere:

392 491 489 518 cum
510 492 595 532 quo
616 477 740 533 pacti,
764 485 810 517 ut
831 476 995 532 singula
1015 477 1265 517 vestimenta
1291 476 1505 526 militibus,
1528 484 1571 517 et
1599 489 1787 517 annuum

392 534 650 589 stipendium
671 534 846 582 darent3
881 548 1013 589 quum
1038 533 1097 574 ire
1127 533 1180 573 ad
1208 541 1400 574 senatum
1426 533 1526 574 iussi
1551 542 1701 582 essent,
1723 547 1788 573 se-

393 599 561 632 cuturos
586 606 628 632 se
655 591 902 631 dictatorem
928 590 1249 645 responderunt,
1272 590 1397 630 unius
1425 591 1514 631 eius
1535 590 1636 632 fidei
1655 590 1788 631 virtu-

396 648 509 703 tique
532 663 697 688 causam
719 662 836 688 suam
858 646 1214 687 commendantes.
1278 646 1343 687 Ita
1364 647 1572 688 deductus
1592 663 1645 688 ex
1670 647 1788 689 Sam-

392 706 550 746 nitibus
571 704 790 745 exercitus.
854 703 1047 744 Dictator
1076 703 1338 759 triumphans
1365 705 1513 745 urbem
1540 713 1602 746 est
1629 705 1788 760 ingres-

394 777 486 802 sus:
521 771 575 811 et,
598 776 731 817 quum
761 776 803 802 se
833 760 1040 801 dictatula
1072 760 1263 802 abdicare
1292 760 1430 810 v,ellet
1460 761 1576 802 iussu
1599 761 1786 812 Patrum,

392 818 636 883 priusquam
652 818 876 867 abdicaret,
895 817 1086 859 consules
1101 818 1257 859 creavit
1276 817 1325 859 C.
1341 817 1574 874 Sulpicium
1590 818 1788 875 Longum

393 876 559 941 iterum,
585 876 637 924 Q.
656 876 890 916 Aemilium
915 874 1205 916 Cerretanum.
1255 875 1474 925 Samnites,
1497 876 1652 917 infecta
1670 891 1786 932 pace,

394 934 493 989 quia
523 933 576 974 de
607 933 918 974 conditionibus
951 933 1165 989 agebatur,
1197 932 1382 973 indutias
1413 948 1572 974 annuas
1603 934 1654 974 ab
1684 934 1819 975 urbe2

392 990 638 1032 retulerunt.
702 990 796 1031 Nec
830 1005 974 1031 earum
1006 990 1191 1046 ipsarum
1221 999 1363 1031 sancta
1394 990 1499 1031 fides
1529 990 1634 1032 fuit:
1668 991 1787 1041 adeo,

390 1058 613 1104 postquam
629 1047 846 1104 Papirium
868 1048 1000 1089 abisse
1022 1047 1265 1103 magistratu
1285 1048 1526 1089 nuntiatum
1547 1056 1621 1098 est,
1640 1047 1789 1090 arrecti

390 1105 444 1147 ad
464 1105 708 1147 bellandum
730 1105 859 1146 animi
881 1114 988 1146 sunt.

451 1163 501 1204 C.
521 1163 720 1220 Sulpicio,
743 1162 795 1211 Q.
813 1162 998 1204 Aemilio
1014 1162 1212 1218 (Aulium
1231 1162 1403 1219 quidam
1420 1162 1591 1204 annales
1610 1161 1789 1218 habent)
1802 1185 1820 1215 3

390 1220 643 1270 consulibus,
663 1220 715 1261 ad
736 1220 1017 1261 defectionem
1042 1219 1293 1261 Samnitium
1311 1221 1501 1276 Apulum
1522 1236 1680 1261 novum
1699 1220 1789 1261 bel-

389 1278 477 1319 lum
499 1278 683 1319 accessit.
733 1278 927 1334 Utroque
950 1278 1158 1319 exercitus
1179 1278 1305 1318 missi.
1356 1277 1542 1343 Sulpicio
1567 1277 1787 1327 Samnites,

392 1336 524 1392 Apuli
547 1335 732 1376 Aemilio
754 1344 861 1377 sorte
884 1344 1127 1376 evenerunt.
1175 1334 1296 1385 Sunt,
1315 1335 1389 1391 qui
1409 1350 1496 1376 non
1516 1335 1615 1391 ipsis
1636 1334 1790 1391 Apulis

389 1393 547 1435 bellum
576 1393 751 1442 illatum,
775 1393 849 1434 sed
879 1393 1012 1433 socios
1043 1393 1132 1433 eius
1162 1393 1299 1448 gentis
1329 1392 1507 1449 populos
1538 1393 1589 1433 ab
1624 1391 1789 1434 Samni-

390 1450 497 1490 tium
517 1451 559 1490 vi
579 1459 705 1505 atque
731 1450 894 1491 iniuriis
916 1450 1110 1491 defensos
1138 1450 1330 1491 scribant.
1397 1449 1601 1491 Ceterum
1621 1449 1790 1491 fortuna

394 1506 658 1571 Samnitium,
676 1508 747 1548 vix
768 1523 791 1547 a
812 1523 854 1548 se
878 1507 977 1563 ipsis
993 1523 1043 1548 eo
1061 1516 1247 1564 tempore
1264 1507 1600 1564 propulsantium
1615 1506 1786 1556 bellum,

389 1564 561 1619 propius
592 1573 640 1604 ut
670 1564 723 1604 sit
746 1579 857 1613 vero,
879 1564 990 1613 facit,
1018 1580 1103 1605 non
1127 1565 1280 1621 Apulis
1308 1565 1359 1605 ab
1388 1564 1645 1606 Samnitibus
1675 1579 1790 1605 arma

389 1621 516 1670 illata,
539 1621 612 1661 sed
634 1636 729 1661 cum
753 1630 928 1676 utraque
951 1621 1074 1661 simul
1095 1631 1220 1677 gente
1242 1622 1400 1663 bellum
1423 1622 1627 1663 Romanis
1647 1621 1785 1663 fuisse.

390 1678 485 1719 Nec
514 1687 656 1719 tamen
686 1693 750 1719 res
781 1677 866 1718 ulla
895 1679 1175 1719 memorabilis
1206 1687 1323 1719 acta:
1358 1693 1456 1734 ager
1477 1678 1646 1743 Apulus
1669 1677 1789 1719 Sam-

390 1736 595 1791 niumque
642 1743 899 1784 evastatum3
948 1735 1088 1776 hostes
1127 1751 1206 1776 1100
1246 1736 1328 1784 1110,
1366 1751 1444 1776 nec
1485 1735 1569 1776 11110
1609 1735 1783 1777 inventi.

391 1792 554 1833 Romae
588 1801 817 1833 nocturnus
850 1801 982 1833 terror
1018 1792 1075 1834 ita
1107 1808 1159 1833 ex
1193 1808 1340 1834 somno
1373 1792 1600 1858 trepidam
1613 1801 1786 1849 repente

389 1850 600 1891 civitatem
631 1850 797 1899 excivit,
819 1858 867 1890 ut
901 1848 1160 1906 Capitolium
1194 1860 1318 1906 atque
1351 1865 1436 1900 arx,
1463 1849 1713 1906 moeniaque
1745 1859 1789 1892 et

389 1915 547 1963 portae,
579 1907 705 1963 plena
737 1915 990 1947 armatorum
1024 1908 1205 1948 fuerint.
1254 1916 1297 1948 et
1330 1922 1462 1963 quum
1494 1916 1787 1949 concursatum

389 1964 780 2020 conclamatumque
809 1963 862 2004 ad
893 1979 1007 2005 arma
1034 1965 1228 2005 omnibus
1258 1964 1359 2005 10015
1390 1973 1509 2014 esset,
1530 1965 1666 2020 prima
1692 1964 1785 2006 luce

389 2036 467 2062 nec
489 2031 646 2071 auctor,
669 2036 747 2062 nec
769 2036 892 2062 causa
912 2022 1078 2062 terroris
1099 2022 1343 2078 comparuit.

449 2078 614 2120 Eodem
642 2094 753 2120 anno
782 2078 834 2119 de
857 2078 1108 2120 Tusculanis
1130 2079 1272 2120 Flavia
1298 2079 1514 2135 rogatione
1541 2079 1689 2135 populi
1707 2079 1788 2121 fuit

390 2136 605 2177 iudicium.
668 2136 731 2177 M.
751 2136 916 2177 Flavius
938 2137 1130 2178 tribunus
1151 2136 1285 2192 plebis
1310 2136 1405 2178 tulit
1426 2136 1479 2178 ad
1499 2136 1717 2193 populum,
1738 2144 1788 2178 ut

1110 2285 1223 2316 novio:
1249 2290 1319 2315 tum
1337 2285 1412 2324 quia
1433 2284 1486 2315 hic
1503 2285 1615 2315 consul
1638 2284 1786 2324 plebeius

435 2295 446 2315 1
475 2285 719 2325 Compendiztm]
746 2286 765 2316 i.
783 2297 810 2316 e.
829 2285 1064 2323 Quaestfis‚lu-

1110 2338 1177 2358 0550
1193 2327 1317 2364 debuit,
1329 2337 1429 2366 quum
1447 2326 1611 2366 Sulpicius
1626 2327 1707 2357 foret
1726 2337 1784 2375 pa-

388 2338 476 2358 crum
490 2338 545 2358 seu
559 2329 775 2359 commodum.
802 2328 870 2359 Cic.
887 2329 928 2358 ad
942 2329 1063 2358 Heren.

387 2370 429 2401 iv.
453 2380 504 2409 40.
529 2372 612 2402 duae
637 2382 688 2402 res
713 2376 801 2408 sunt,
826 2382 909 2411 quae
931 2375 1066 2410 possunt

386 2413 528 2444 homines
551 2415 594 2443 ad
618 2418 714 2453 turpe
739 2414 960 2453 compendium
984 2424 1064 2443 com·

387 2465 521 2486 movere.

431 2506 447 2527 2
472 2498 625 2528 Indutias
640 2499 786 2536 annuas]
818 2497 894 2528 Hoc
909 2497 1063 2536 temporis

387 2538 556 2569 intervallo
583 2540 764 2570 Niebuhrio
790 2540 916 2570 videtur
939 2540 1061 2570 bellum

388 2591 461 2611 cum
479 2582 623 2612 Vestinis
639 2583 822 2612 confectum
838 2582 935 2612 fuisse
954 2592 974 2612 a
990 2592 1062 2612 con-

388 2624 511 2654 sulibus
526 2624 638 2663 prioris
653 2624 742 2662 anni,
754 2624 809 2663 qui
825 2624 858 2654 in
875 2624 1063 2664 magistratu

387 2675 488 2704 usque
517 2667 559 2696 ad
587 2667 812 2706 Septembrem
841 2677 985 2697 mensem
1011 2677 1062 2697 an.

388 2716 459 2745 431.
478 2708 520 2739 U.
533 2709 571 2739 C.
588 2713 688 2740 erant.
714 2709 850 2740 Niebhr.
866 2709 910 2739 iii.
928 2720 959 2740 n.
978 2718 1048 2748 342.

432 2758 448 2787 3
471 2751 608 2781 Aulium
623 2752 753 2792 quidam
770 2753 905 2783 annales
925 2752 1062 2790 habent]

389 2789 487 2824 Quod
514 2792 644 2830 quidem
673 2793 789 2831 verius,
815 2804 875 2824 nec
901 2793 1063 2824 immerito

387 2802 533 2869 sonasseq
543 2833 668 2864 xidetur
685 2835 825 2874 Sigonio‚
840 2836 967 2874 Pighio,
981 2835 1061 2866 Gro-

1109 2370 1238 2401 tricius:
1266 2370 1408 2400 Aemilia
1422 2373 1532 2399 autem
1552 2379 1630 2409 gens
1650 2369 1786 2408 patricia

1110 2417 1189 2449 erat,
1205 2412 1304 2442 Aulia
1319 2411 1466 2451 plebeia:
1493 2416 1564 2441 tum
1582 2411 1658 2451 quia
1672 2411 1716 2443 ix.
1736 2421 1785 2451 15.

1114 2454 1160 2485 16.
1180 2464 1228 2486 22.
1251 2459 1283 2485 et
1303 2464 1351 2493 23.
1373 2454 1430 2483 ubi
1453 2454 1493 2484 de
1517 2454 1631 2484 eodem
1653 2453 1786 2485 homine

1107 2497 1222 2536 agitur,
1252 2497 1441 2535 Campanus
1473 2500 1505 2526 et
1535 2497 1682 2527 Andreas
1710 2506 1784 2527 nus-

1108 2549 1204 2578 quam
1215 2540 1400 2576 Aemilium,
1411 2539 1466 2569 sed
1477 2539 1527 2568 vel
1537 2540 1722 2576 Aurelium,
1732 2539 1783 2569 vel

1107 2582 1243 2618 Aulum,
1259 2581 1309 2611 1-01
1325 2582 1450 2618 Alium,
1469 2581 1520 2611 vel
1535 2582 1674 2611 Aulium
1694 2580 1783 2611 deni-

1108 2634 1170 2662 que
1198 2624 1339 2654 habent:
1368 2624 1455 2653 unde
1481 2623 1596 2653 merito
1623 2623 1785 2663 colligitur

1109 2665 1240 2697 Livium
1256 2665 1306 2696 his
1322 2665 1401 2696 locis
1415 2675 1525 2696 revera
1540 2665 1702 2705 scripsisse
1713 2667 1783 2696 Azo-

1108 2709 1196 2739 lium.
1242 2708 1458 2740 Consentiunt
1480 2707 1658 2747 Capitolini
1683 2707 1783 2745 Fasti,

1108 2751 1162 2780 ubi
1179 2752 1219 2781 de
1239 2751 1308 2781 eius
1326 2755 1430 2781 morte
1450 2754 1560 2790 agunt,
1575 2751 1617 2780 ad
1641 2760 1693 2781 an.
1709 2750 1781 2788 438.

1110 2794 1152 2824 U.
1167 2794 1203 2825 C.
1222 2793 1327 2824 CREv.
1361 2794 1497 2823 Aulium
1515 2793 1629 2832 probat
1646 2792 1779 2823 Niebhr.
