1934 3211
418 214 471 250 24
921 209 1067 251 ΤΙΤΙ
1111 209 1289 252 LIVII

417 300 547 342 semel
587 299 637 341 Τ.
675 299 838 341 Manlio
880 301 1062 351 consule,
1102 310 1195 357 post
1234 301 1443 342 Punicum
1485 301 1666 357 primum
1711 314 1838 356 per-4

416 358 573 399 fectum
593 357 773 399 bellum:
801 358 965 409 iterum,
983 359 1098 415 quod
1118 368 1281 400 nostrae
1303 359 1428 400 aetati
1444 358 1503 399 dii
1519 359 1740 408 dederunt,
1758 366 1806 399 ut

417 416 667 465 videremus,
693 425 787 472 post
816 416 972 457 bellum
994 416 1230 466 Actiacum,
1260 417 1311 457 ab
1339 417 1595 472 Imperatore
1624 415 1804 457 Caesare

419 473 628 530 Augusto,
669 488 771 529 pace
814 482 924 515 terra
957 474 1145 539 marique
1185 483 1313 530 parta.
1377 473 1532 515 Clauso
1572 489 1636 523 eo,
1672 488 1805 538 quum

418 532 606 572 omnium
629 531 738 572 circa
761 531 1035 574 finitimorum
1060 532 1256 573 societate
1277 547 1324 573 ac
1344 531 1581 572 foederibus
1600 531 1805 572 iunxisset

418 589 591 638 animos,
616 589 770 654 positis·
787 598 1055 631 externorum
1083 589 1363 646 periculorum
1395 589 1515 638 curis,
1538 604 1591 630 ne
1620 589 1805 630 luxuria-

417 656 562 688 rentur
587 647 673 687 otio
705 647 846 697 animi,
869 662 973 703 quos
998 657 1133 688 metus
1157 646 1339 687 hostium
1372 646 1675 702 disciplinaque
1696 645 1806 686 mili-

416 704 513 745 taris
541 704 826 753 continuerat3
859 705 1047 746 omnium
1070 705 1264 761 primum,
1294 719 1382 745 rem
1413 703 1467 744 ad
1491 703 1805 745 multitudinem

417 761 666 817 imperitam,
693 771 735 803 et
763 736 843 802 illis
870 762 1043 803 saeculis
1070 762 1231 812 rudem,
1264 761 1601 811 efficacissimam,
1630 761 1805 802 deorum

418 829 577 860 metum
602 819 877 860 iniiciendum
907 829 1020 861 ratus
1050 829 1123 861 est.
1189 820 1276 868 Qui
1307 835 1438 875 quum
1467 818 1722 860 descendere
1752 818 1807 860 ad

417 877 577 917 animos
602 877 691 917 sine
717 877 858 931 aliquo
882 886 1121 918 commento
1142 877 1330 918 miraculi
1351 893 1438 918 non
1464 885 1616 933 posset,
1638 875 1806 917 simulat

415 934 493 975 sibi
529 949 626 975 cum
656 934 736 975 dea
768 934 920 991 Egeria
949 950 1192 1000 congressus
1223 944 1450 976 nocturnos
1485 949 1596 976 esse.
1640 934 1730 975 eius
1761 949 1804 975 se

413 991 591 1041 monitu,
633 1007 740 1048 quae
781 992 1068 1048 acceptissima
1105 992 1185 1033 diis
1225 1002 1376 1043 essent,
1412 1007 1527 1034 sacra
1560 991 1802 1041 instituere:

414 1049 648 1090 sacerdotes
669 1064 764 1090 suos
785 1051 937 1106 cuique
959 1050 1134 1090 deorum
1154 1051 1390 1106 praeficere.
1447 1050 1592 1106 Atque
1615 1049 1805 1091 omnium

412 1107 608 1162 primum,
638 1107 692 1148 ad
722 1122 889 1148 cursum
918 1107 1056 1157 lunae,
1084 1108 1130 1147 in
1159 1107 1384 1149 duodecim
1414 1122 1578 1149 menses
1605 1107 1836 1149 describit5

413 1180 594 1205 annum:
628 1179 769 1220 quem,
798 1165 898 1220 quia
930 1165 1109 1205 tricenos
1141 1165 1230 1206 dies
1262 1165 1435 1221 singulis
1466 1165 1678 1206 mensibus
1704 1164 1806 1205 luna

413 1237 500 1263 non
520 1222 676 1287 explet,
705 1222 943 1278 desuntque
969 1222 1058 1263 dies
1086 1222 1219 1263 solido
1247 1238 1371 1272 anno,
1394 1223 1469 1278 qui
1492 1222 1698 1264 solstitiali
1725 1222 1805 1263 cir-

412 1280 649 1336 cumagitur
675 1280 788 1330 orbe,
810 1279 1125 1321 intercalaribus
1152 1280 1364 1322 mensibus
1394 1279 1725 1336 interponendiS,
1745 1279 1806 1321 ita

200 938 380 980 DcaEgeri
374 951 402 971 1.

456 1404 475 1431 4
496 1393 600 1423 Semel
616 1394 649 1423 T.
665 1393 794 1423 Manlio
809 1393 953 1430 consule]
987 1392 1029 1423 U.
1048 1392 1085 1423 C.
1133 1392 1181 1422 Ut
1196 1391 1271 1425 huic
1293 1392 1499 1422 incommodo
1515 1395 1729 1430 occurrerent,
1743 1395 1805 1422 ter-

414 1444 484 1474 517.
501 1435 647 1473 adeoque
669 1445 754 1464 anno
772 1435 823 1465 vii.
838 1439 908 1474 post
922 1436 1087 1465 Punicum
1129 1435 1176 1465 tio
1201 1445 1329 1474 quoque
1355 1435 1504 1465 octennio
1529 1445 1594 1465 non
1619 1434 1805 1474 nonaginta,

413 1479 529 1508 bellum
548 1478 699 1517 primum.
745 1478 797 1507 Ab
818 1478 963 1516 Augusto
987 1478 1087 1507 Ianus
1130 1478 1185 1507 sed
1212 1488 1267 1507 sex
1295 1481 1328 1508 et
1357 1478 1524 1517 sexaginta
1551 1481 1679 1508 tantum
1708 1477 1804 1508 inter-

414 1520 462 1549 bis
484 1524 571 1550 terve
592 1521 719 1550 clausus
741 1524 800 1556 est,
824 1520 911 1550 Suet.
937 1521 1018 1559 Aug.
1037 1530 1085 1550 22.

415 1563 504 1592 Hinc
522 1563 651 1602 Lipsius
668 1563 772 1593 Elect.
789 1563 808 1593 i.
828 1573 875 1593 22.
895 1563 1086 1602 suspicatur,

414 1605 551 1644 primam
575 1610 661 1636 certe
684 1605 788 1644 open's
811 1605 937 1636 Lixiani
961 1610 1085 1644 partem

416 1648 502 1687 prius
525 1648 645 1678 editam
668 1648 775 1685 fuisse,
801 1658 897 1687 quam
926 1648 1088 1687 Augustus

416 1691 533 1720 Ianum
561 1695 632 1730 post
659 1691 802 1721 devictos
826 1691 1005 1722 Cantabros
1030 1691 1087 1721 ite-

414 1743 485 1763 rum
501 1733 674 1764 clausisset.
699 1734 785 1764 Rern

458 1785 474 1815 5
497 1777 552 1806 Ad
565 1787 694 1807 cursum
709 1777 824 1814 lunae]
854 1776 907 1806 De
922 1786 1007 1806 anno
1020 1776 1086 1806 Ro-

414 1828 510 1849 mano
536 1819 615 1849 haec
641 1819 707 1849 fere
730 1819 829 1849 habet
858 1819 1003 1849 Macrob.
1031 1818 1086 1849 Sa-

414 1862 532 1892 turnal.
560 1861 579 1892 i.
614 1871 662 1899 12,
689 1871 737 1901 13,
762 1866 794 1891 et
821 1871 866 1900 14.
924 1861 1038 1891 Annus
1067 1871 1088 1891 a

414 1904 559 1934 Romulo
575 1904 739 1934 ordinatus
762 1904 873 1934 habuit
894 1914 1019 1934 menses
1033 1904 1086 1934 de-

415 1956 498 1983 cem,
511 1947 578 1976 dies
597 1951 748 1986 quattuor
763 1951 793 1977 et
810 1951 978 1977 trecentos.
1024 1946 1087 1977 Sed

414 1999 513 2028 quum
529 1989 581 2019 hic
597 1999 749 2019 numerus
764 1999 868 2028 neque
881 1989 956 2020 solis
971 1989 1088 2027 cursui,

413 2042 517 2071 neque
551 2032 647 2062 lunae
683 2032 860 2062 rationibus
892 2032 1087 2070 conveniret,

413 2074 591 2105 identidem
618 2079 744 2104 tantum
771 2075 895 2104 dierum
925 2075 993 2105 sine
1018 2075 1087 2105 ullo

413 2117 532 2147 mensis
566 2117 697 2147 nomine
726 2118 959 2155 assumebatur,
988 2127 1086 2156 quan-

413 2163 482 2189 tum
506 2160 547 2190 ad
568 2160 730 2190 defectum
752 2160 846 2190 illum
869 2160 1087 2199 supplendum

413 2212 495 2242 opus
509 2203 598 2233 foret.
645 2203 757 2233 Numa
777 2203 817 2233 ad
841 2203 937 2233 lunae
960 2213 1086 2232 cursum

412 2245 445 2274 in
476 2245 646 2275 duodecim
681 2255 808 2275 menses
837 2245 1003 2284 descripsit
1032 2256 1087 2275 an-

411 2298 502 2325 num,
526 2287 659 2318 adiectis
684 2288 834 2318 Ianuario
857 2292 889 2318 et
913 2287 1086 2318 Februario

410 2330 582 2361 mensibus.
616 2331 679 2361 Sed
693 2330 767 2369 quia
779 2330 949 2360 duodecim
961 2340 1086 2361 menses

411 2373 539 2403 lunares
554 2383 617 2403 non
635 2373 778 2403 efficiunt
800 2373 860 2402 nisi
876 2373 944 2403 dies
963 2377 1085 2403 trecen-

410 2420 460 2445 tos
483 2415 713 2455 quinquaginta
729 2418 890 2454 quattuor,
906 2415 1085 2454 desuntque

411 2458 479 2488 dies
502 2458 651 2488 undecim
676 2468 748 2487 cum
773 2458 962 2496 quadrante,
985 2462 1020 2487 ut
1043 2458 1084 2488 ad

411 2500 522 2530 solaris
545 2501 621 2530 anni
647 2500 744 2530 finem
772 2500 997 2539 perveniatur3
1027 2500 1085 2530 hos

411 2543 553 2573 residuos
569 2543 636 2573 dies
655 2543 765 2577 octies,
779 2543 930 2584 exemplo
948 2553 968 2573 a
984 2542 1083 2573 Grae-

412 2585 455 2614 cis
471 2590 612 2625 sumpto,
628 2585 870 2625 multiplicatos,
880 2585 925 2615 ita
937 2590 972 2615 ut
986 2595 1083 2615 nona-

410 2628 497 2665 ginta
525 2629 593 2658 dies
619 2628 831 2665 efficerentur,
855 2627 899 2657 ita
930 2638 986 2667 per
1011 2631 1083 2657 octo

411 2680 566 2700 annorum
605 2671 743 2710 spatium
780 2671 1019 2710 dispensabant,
1048 2674 1083 2700 ut

411 2712 539 2742 biennio
555 2723 681 2752 quoque
699 2723 800 2743 unum
823 2723 966 2743 mensem
988 2712 1082 2743 inter-

411 2754 564 2791 calarent,
591 2756 644 2794 qui
670 2756 802 2786 alternis
827 2755 919 2785 binos
942 2755 1082 2785 vicenos-

410 2806 483 2834 que,
502 2798 632 2827 alternis
653 2802 761 2828 ternos
783 2802 815 2828 et
838 2798 965 2828 vicenos
987 2798 1082 2828 habe-

412 2842 457 2867 ret
474 2838 549 2868 dies.
597 2839 717 2869 Verum
739 2840 851 2870 Numa
872 2851 973 2871 unum
997 2840 1083 2871 diem

411 2891 495 2910 anno
511 2890 568 2909 suo
584 2880 614 2909 in
632 2881 783 2912 honorem
805 2883 936 2922 imparis
957 2883 1082 2913 numeri

410 2922 600 2952 addiderat:
641 2924 725 2953 unde
762 2925 870 2957 fiebat.
899 2930 935 2955 ut
969 2930 1082 2955 octavo

411 2975 537 3004 quoquc
564 2975 647 2995 anno
677 2970 749 2995 octo
779 2968 977 2997 abundarent
1005 2968 1081 2998 dies

1131 1520 1280 1550 calabant
1295 1520 1372 1551 dies.
1412 1521 1465 1551 Ita
1477 1524 1589 1559 quarto
1605 1524 1637 1551 et
1652 1520 1805 1560 vigesimo

1129 1562 1260 1592 demum
1287 1573 1383 1600 anno,
1406 1563 1510 1602 plenis
1535 1563 1680 1593 omnium
1706 1573 1804 1593 anno-

1130 1615 1200 1634 rum
1216 1606 1338 1644 spatiis,
1355 1605 1422 1636 dies
1437 1615 1511 1636 cum
1529 1605 1604 1636 solis
1620 1615 1714 1635 cursu
1729 1615 1803 1636 con-

1129 1648 1295 1687 gruebant.
1343 1648 1406 1678 His
1421 1651 1529 1678 autem
1545 1648 1694 1678 omnibus
1707 1648 1804 1678 inter-

1131 1690 1345 1721 calationibus
1370 1690 1547 1721 destinatus
1571 1695 1639 1721 erat
1663 1691 1804 1722 Februa-

1131 1732 1196 1763 rius
1225 1733 1354 1771 mensis,
1385 1733 1475 1764 cuius
1510 1737 1583 1773 post
1610 1733 1742 1764 tertium
1771 1738 1805 1764 et

1131 1775 1317 1806 vicesimum
1330 1775 1415 1806 diem
1427 1776 1686 1806 intercalabatur.
1709 1776 1804 1808 Haec

1130 1828 1194 1848 non
1220 1818 1333 1849 inscite
1355 1819 1502 1849 ordinata
1525 1819 1675 1849 turbabat
1699 1819 1804 1859 ponti-

1130 1861 1239 1898 ficum,
1269 1861 1383 1900 quibus
1418 1861 1495 1892 anni
1526 1861 1691 1901 digerendi
1728 1872 1805 1892 cura

1131 1904 1327 1934 demandata
1363 1908 1441 1942 erat,
1477 1904 1595 1953 partim
1630 1903 1804 1944 imperitia,

1132 1946 1248 1985 partim
1274 1946 1428 1977 ambitio:
1456 1947 1511 1986 qui
1536 1950 1657 1977 temere
1680 1957 1718 1977 36
1745 1957 1804 1987 pro

1131 1989 1276 2026 libidine,
1291 1989 1323 2019 in
1345 1990 1480 2038 gratiam
1503 1999 1599 2037 saepe
1617 1989 1804 2029 publicano-

1130 2041 1201 2061 rum
1229 2036 1286 2062 aut
1315 2032 1498 2072 principum
1528 2031 1646 2062 civium
1681 2042 1803 2063 annum

1130 2078 1187 2104 aut
1208 2074 1420 2105 decurtabant
1443 2075 1511 2105 sine
1535 2075 1726 2105 necessitate
1747 2079 1805 2106 aut

1131 2117 1361 2156 producebant.
1408 2117 1498 2148 Huic
1528 2117 1704 2148 confusioni
1733 2122 1804 2149 tan-

1131 2160 1206 2189 dem
1218 2160 1395 2190 remedium
1407 2160 1517 2190 attulit
1529 2160 1666 2190 dictator
1674 2160 1804 2199 Caesar,

1130 2203 1371 2242 Aegyptiosque
1382 2202 1525 2233 imitatus
1533 2213 1655 2233 annum
1667 2204 1804 2234 solarem

1131 2244 1280 2283 instituit,
1310 2256 1373 2285 quo
1410 2246 1600 2283 etiamnum,
1631 2246 1804 2277 emendato

1129 2293 1238 2318 tamen
1257 2287 1289 2318 in
1305 2288 1509 2327 quibusdam,
1523 2287 1654 2318 utimur.
1698 2288 1802 2320 Henr.

1131 2329 1321 2361 Dodwellus
1349 2331 1483 2361 Dissert.
1513 2331 1554 2361 de
1590 2330 1700 2370 Cyclis
1736 2331 1802 2362 Ro-

1129 2382 1318 2409 manorum,.
1337 2383 1368 2403 x.
1400 2373 1418 2410 ἓ
1445 2373 1512 2404 108.
1543 2376 1652 2404 censet
1680 2384 1802 2404 annum

1130 2415 1265 2445 Romuli
1295 2425 1313 2445 e
1345 2415 1507 2445 mensibus
1536 2416 1660 2453 decem,
1689 2415 1802 2447 diebus

1131 2466 1200 2496 304.
1226 2457 1375 2488 fictitium
1401 2468 1481 2495 esse,
1506 2468 1566 2488 nee
1595 2468 1738 2497 unquam
1767 2459 1800 2489 in

1129 2510 1188 2529 usu
1204 2500 1289 2530 civili
1305 2500 1400 2530 fuisse
1414 2512 1421 2530 ι
1446 2500 1514 2530 fieri
1534 2504 1644 2531 tamen
1659 2501 1802 2540 potuisse

1127 2546 1163 2572 ut
1178 2553 1281 2572 annus
1295 2543 1383 2582 apud
1396 2543 1562 2573 Romanos
1573 2543 1675 2582 primo
1688 2544 1798 2574 decem

1127 2585 1285 2615 mensium
1301 2585 1408 2622 fuerit,
1423 2586 1478 2615 sed
1501 2585 1548 2616 ita
1569 2589 1605 2616 ut
1623 2585 1735 2616 decem
1750 2586 1800 2617 illi

1127 2637 1252 2657 menses
1270 2631 1374 2658 totum
1397 2627 1507 2658 solaris
1529 2638 1638 2658 cursus
1659 2628 1799 2668 spatium

1128 2669 1345 2707 exhaurirent,
1369 2681 1428 2700 nec
1454 2671 1522 2701 dies
1548 2680 1617 2710 304.
1644 2671 1700 2702 sed
1727 2670 1798 2711 365.

1127 2712 1334 2743 continerent.
1381 2713 1474 2743 Idem
1496 2713 1572 2744 ibid.
1596 2714 1614 2751 ἓ
1634 2723 1702 2745 100.
1722 2714 1799 2744 anni

1126 2755 1246 2785 lunaris
1283 2755 1528 2793 ordinationem,
1560 2766 1642 2795 quae
1683 2766 1704 2786 a
1746 2756 1798 2787 Li·

1127 2798 1179 2828 vio
1205 2797 1380 2837 ceterisque
1406 2799 1537 2829 Numae
1561 2799 1722 2835 tribuitur,
1744 2799 1797 2829 de-

1126 2840 1193 2870 beri
1218 2840 1326 2879 potius
1351 2841 1513 2871 existimat
1539 2840 1713 2880 Tarquinio
1739 2841 1796 2872 Su-

1126 2884 1233 2923 perbo.
1281 2883 1333 2914 De
1347 2893 1432 2914 anno
1448 2887 1553 2915 vetere
1569 2883 1718 2914 Romano
1734 2883 1795 2914 vid.

1126 2930 1158 2955 et
1197 2926 1325 2966 Ioseph.
1362 2926 1512 2965 Scaliger.
1546 2926 1586 2956 de
1623 2925 1796 2956 Emendat.

1127 2968 1335 3007 Temporum.
1350 2968 1381 2998 ii.
1405 2969 1510 2999 Cnsv.
