1934 3211
154 270 197 302 U.
246 295 253 303 .
271 271 343 310 386.

152 314 192 344 A.
216 314 255 345 C.
271 312 344 353 366.

151 513 206 546 Tr.
225 514 276 546 Pl.
289 525 357 545 ora-

151 556 197 586 tio
210 566 268 596 pro
280 557 356 598 legi-

151 599 210 630 bus
225 599 299 631 suis.

222 1020 288 1061 37.

371 185 453 224 388
883 184 1031 226 ΤΙΤΙ
1075 184 1253 227 LIVII

374 272 542 314 Sextius
577 273 866 331 Liciniusque,
903 290 1000 317 cum
1040 286 1157 333 parte
1198 276 1466 333 collegarum,
1504 285 1546 318 et
1588 290 1673 317 uno
1713 290 1767 317 ex

372 330 551 372 tribunis
575 331 756 373 militum
786 333 928 383 Fabio,
951 334 1130 376 artifices
1158 335 1240 376 iam
1263 344 1324 376 tot
1355 349 1560 376 annorum
1581 348 1660 374 usu
1685 342 1768 374 tra-

371 389 514 430 ctandi
539 390 700 432 animos
728 390 874 447 plebis,
897 392 1100 447 primores
1131 393 1305 434 Patrum
1333 392 1561 449 productos
1588 391 1768 432 interro-

369 447 509 502 gando
530 447 583 489 de
605 449 792 505 singulis,
816 464 922 505 quae
944 449 1186 491 ferebantur
1206 450 1259 491 ad
1280 450 1498 507 populum,
1514 449 1765 505 fatigabant:

371 509 383 528 ‘
402 504 678 548 Auderentne
714 506 939 562 postulare,
971 516 1030 557 ut,
1063 523 1194 563 quum
1224 508 1324 549 bina
1356 508 1502 563 iugera
1530 507 1618 564 agri
1653 505 1768 562 plebi

371 567 383 585 ‘
399 562 702 614 dividerentur,
724 565 824 620 ipsis
853 564 948 619 plus
976 565 1207 621 quingenta
1233 566 1378 620 iugera
1406 565 1560 606 habere
1591 564 1767 605 liceret?

373 619 465 661 ‘Ut
495 621 649 676 singuli
670 636 801 677 prope
833 630 1117 662 trecentorum
1146 622 1301 662 civium
1331 622 1595 677 possiderent
1621 636 1766 677 agros3

373 677 564 733 ‘plebeio
600 678 759 719 homini
797 679 868 719 vix
905 679 959 719 ad
994 687 1154 719 tectum
1194 679 1488 728 necessarium,
1524 686 1596 719 aut
1627 678 1768 719 locum

373 739 385 758 ‘
401 735 652 790 sepulturae,
668 750 766 776 suus
786 743 950 791 pateret
963 737 1091 792 ager?
1123 735 1196 777 An
1217 735 1413 792 placeret,
1427 736 1571 777 fenore
1589 735 1768 776 circum-

372 797 384 814 ‘
397 800 565 832 ventam
587 792 753 847 plebem
774 793 928 849 potius,
951 809 1077 849 quam
1099 802 1208 835 sorte
1225 793 1434 835 creditum
1450 793 1593 843 solvat,
1617 807 1768 849 corpus
1783 809 1800 841 7

372 848 443 889 ‘in
465 863 640 889 nervum
663 865 710 891 ac
732 850 937 906 supplicia
958 851 1081 892 dare:
1115 860 1158 892 et
1173 851 1379 907 gregatim
1400 850 1590 906 quotidie
1607 850 1660 891 de
1677 850 1768 891 foro

371 905 586 947 ‘addictos
616 906 728 957 duci,
755 917 797 949 et
827 908 981 964 repleri
1010 909 1162 950 vinctis
1192 909 1353 950 nobiles
1383 908 1561 949 domos?
1591 916 1646 958 et,
1675 907 1769 949 ubi-

372 969 568 1020 ‘cunque
605 965 804 1021 patricius
840 966 1013 1016 habitet,
1049 967 1107 1008 ibi
1147 981 1356 1008 carcerem
1390 965 1600 1022 privatum
1635 965 1768 1006 esse?’

371 1019 492 1063 Haec
523 1022 699 1078 indigna
729 1023 1048 1079 miserandaque
1087 1024 1236 1065 auditu
1266 1039 1398 1079 quum
1428 1022 1542 1080 apud
1572 1023 1769 1064 timentes

368 1079 536 1121 sibimet
566 1080 689 1137 ipsos,
712 1081 868 1123 maiore
903 1081 1166 1122 audientium
1197 1081 1501 1138 indignatione,
1524 1095 1652 1136 quam
1680 1095 1767 1130 sua,

367 1136 700 1193 increpuissent:
746 1140 889 1195 ‘atqui
925 1154 1003 1180 nee
1037 1154 1156 1195 agros
1190 1138 1425 1195 occupandi
1465 1138 1653 1188 modum,
1687 1153 1767 1179 nee

369 1193 540 1236 ‘fenore
572 1196 812 1237 trucidandi
844 1196 1011 1252 plebem
1043 1197 1172 1238 alium
1209 1197 1403 1238 Patribus
1434 1210 1622 1251 unquam
1652 1195 1767 1245 fore,'

367 1252 641 1304 affirmabant,
677 1253 784 1295 ‘nisi
824 1254 1000 1295 alterum
1035 1270 1088 1296 ex
1126 1254 1249 1310 plebe
1287 1253 1515 1303 consulem,
1548 1253 1766 1294 custodem

370 1315 494 1351 ‘suae
526 1310 742 1361 libertatis,
774 1311 918 1368 plebes
950 1312 1127 1353 fecisset.
1199 1311 1431 1353 Contemni
1463 1311 1547 1352 iam
1578 1311 1768 1352 tribunos

368 1367 539 1422 ‘plebis,
572 1369 729 1425 quippe
759 1385 866 1425 quae
898 1379 1080 1426 potestas
1112 1370 1193 1410 iam
1225 1369 1463 1425 suam'ipsa
1489 1368 1574 1409 vim
1604 1367 1768 1424 frangat

369 1425 711 1468 ‘intercedendo.
777 1426 878 1468 Non
910 1443 1029 1484 posse
1062 1443 1197 1484 aequo
1219 1427 1309 1468 iure
1340 1427 1420 1483 agi,
1443 1426 1516 1468 ubi
1541 1426 1766 1483 imperium

369 1487 526 1536 ‘penes
551 1483 655 1534 illos,
679 1499 809 1540 penes
840 1500 882 1526 se
912 1485 1115 1526 auxilium
1148 1493 1313 1526 tantum
1334 1485 1397 1526 sit.
1461 1483 1558 1525 Nisi
1589 1483 1766 1540 imperio

370 1544 380 1562 ‘
397 1541 720 1592 communicato,
744 1557 962 1598 nunquam
994 1543 1161 1599 plebem
1184 1543 1227 1583 in
1249 1552 1366 1599 parte
1394 1541 1484 1598 pari
1512 1540 1765 1597 reipublicae

371 1596 505 1637 ‘fore:
539 1612 617 1639 nec
647 1614 748 1648 esse,
772 1600 886 1654 quod
909 1600 1132 1656 quisquam
1160 1601 1257 1641 satis
1285 1608 1421 1656 putet,
1443 1600 1477 1640 si
1504 1599 1767 1655 plebeiorum

370 1659 382 1676 ‘
397 1654 502 1696 ratio
516 1655 695 1696 comitiis
708 1656 994 1697 consularibus
1010 1657 1229 1698 habeatur:
1262 1657 1342 1698 nisi
1355 1657 1534 1698 alterum
1550 1656 1766 1698 consulem

369 1717 380 1734 ‘
401 1711 548 1767 utique
571 1727 624 1754 ex
645 1713 768 1768 plebe
790 1713 881 1754 fieri
903 1729 1072 1755 necesse
1102 1714 1166 1763 sit,
1189 1714 1405 1755 neminem
1425 1714 1525 1755 fore.
1588 1713 1661 1754 An
1682 1713 1766 1754 iam

369 1770 599 1810 ‘memoria
632 1770 779 1820 exisse,
818 1786 949 1826 quum
986 1771 1177 1812 tribunos
1212 1771 1395 1812 militum
1427 1771 1578 1812 iccirco
1610 1770 1763 1826 potius,

369 1831 520 1881 ‘quam
557 1827 761 1877 eonsules,
799 1828 931 1869 creari
963 1828 1198 1884 placuisset,
1236 1836 1283 1869 ut
1318 1836 1362 1869 et
1393 1828 1568 1884 plebeiis
1602 1836 1766 1884 pateret

369 1889 379 1906 ‘
396 1898 582 1925 summus
598 1884 745 1935 honos,
769 1893 966 1941 quattuor
983 1894 1026 1927 et
1042 1885 1320 1942 quadraginta
1340 1885 1461 1926 annis
1473 1885 1689 1927 neminem
1711 1899 1765 1926 ex
1777 1892 1796 1923 8

368 1940 514 1996 ‘plebe
551 1942 768 1982 tribunum
803 1942 985 1983 militum
1017 1951 1205 1984 creatum
1237 1943 1357 1984 esse?
1401 1942 1488 1992 Qui
1530 1942 1764 1993 crederent,

368 2003 378 2021 ‘
396 1997 560 2039 duobus
593 2014 707 2040 nunc
743 1999 787 2040 in
828 1999 929 2040 locis
962 2015 1036 2040 sua.
1067 1999 1283 2041 voluntate
1324 2000 1610 2056 impartituros
1649 2000 1796 2056 plebi9

368 2061 379 2078 ‘
392 2054 610 2105 honorem,
633 2056 707 2112 qui
728 2066 880 2097 octona
900 2057 992 2098 loca
1017 2057 1195 2098 tribunis
1216 2057 1399 2099 militum
1427 2057 1618 2098 creandis
1639 2072 1764 2099 occu·
1780 2071 1793 2092 1

367 2118 378 2135 ‘
392 2127 490 2168 pare
520 2113 631 2154 soliti
648 2114 762 2154 sint?
793 2122 836 2155 et
857 2114 910 2155 ad
932 2114 1195 2156 consulatum
1216 2115 1327 2156 viam
1348 2114 1440 2156 fieri
1460 2129 1665 2171 passuros,
1689 2115 1763 2172 qui

368 2174 377 2192 ‘
395 2170 652 2212 tribunatum
671 2180 860 2227 saeptum
876 2180 961 2213 tam
979 2172 1053 2214 diu
1069 2172 1324 2215 habuerint?
1355 2172 1472 2229 Lege
1484 2172 1764 2214 obtinendum

1087 2338 1221 2378 patricio
1232 2337 1357 2369 habuit.
1388 2337 1482 2368 Haec
1495 2344 1568 2368 vero
1579 2338 1676 2368 verba
1687 2345 1763 2368 cum

412 2347 426 2375 7
451 2339 578 2376 Potius,
594 2348 689 2379 quam
711 2343 793 2369 sorte
813 2338 968 2369 creditum
983 2340 1041 2369 sol-

1087 2391 1120 2411 re
1144 2384 1335 2420 congruunt,
1351 2380 1376 2410 si
1397 2379 1576 2419 Burghesio
1601 2379 1762 2410 Licinium

366 2383 437 2420 vat]
471 2381 639 2412 Sententia
665 2384 736 2417 est3
766 2382 908 2421 plebem,
933 2381 1042 2411 fenore

366 2425 557 2462 demersam,
588 2424 695 2463 potius
725 2423 757 2453 in
789 2433 922 2454 nervum
953 2423 1041 2460 dare,

367 2476 463 2505 quam
487 2466 684 2505 permittere,
704 2470 740 2496 ut
764 2466 832 2496 sola
856 2469 950 2502 sorte,
974 2465 1041 2495 sine

366 2508 468 2539 usuris
486 2508 623 2546 reddita,
638 2508 671 2538 id
687 2508 772 2547 quod
796 2507 857 2547 ipsi
881 2507 1040 2538 creditum

365 2554 458 2589 esset,
474 2551 586 2581 solvat.
634 2550 814 2590 Indignitas
833 2551 865 2580 in
882 2560 920 2580 eo
936 2550 1040 2589 posita

365 2597 424 2631 est,
453 2594 539 2633 quod
571 2592 696 2633 patricii
727 2593 826 2623 malle
857 2591 1041 2623 viderentur

364 2636 560 2676 supplicium
585 2635 700 2674 plebis,
721 2635 846 2666 etiamsi
870 2635 1041 2674 perderent

364 2682 481 2708 sortem
495 2677 651 2709 creditam
664 2687 729 2708 una
739 2688 813 2708 cum
824 2677 1041 2717 usuris‚quam

364 2719 455 2751 illam
496 2720 564 2751 sine
602 2719 652 2751 his
688 2720 846 2760 accipere,
883 2719 1039 2751 incolumi

364 2762 469 2800 plebe.
494 2763 636 2794 STROTH.

408 2804 427 2833 8
451 2806 611 2840 Quattuor
634 2810 664 2836 et
686 2806 906 2845 quadrayinta
922 2806 1035 2843 annis]

365 2846 417 2874 Ab
433 2855 484 2876 an.
500 2847 542 2877 U.
557 2848 594 2878 C.
610 2857 666 2886 311
683 2848 723 2877 ad
742 2855 812 2887 355.
837 2848 942 2878 Cnssv.
987 2847 1039 2877 Ita

365 2886 495 2916 forsitan
509 2888 600 2917 Livio
612 2890 808 2927 placuit,qui
817 2891 885 2926 QA
894 2891 1038 2920 monium

364 2930 555 2959 Meremlmu
582 2930 698 2960 tribun.
724 2932 789 2960 mil.
815 2942 864 2961 an.
887 2941 956 2969 333.
981 2941 1038 2970 pro

1087 2433 1104 2453 e
1131 2423 1268 2463 collegio
1294 2422 1496 2452 tribunorum
1520 2421 1589 2453 mil.
1612 2432 1664 2453 an.
1690 2429 1761 2462 377.

1086 2465 1228 2496 eiicienti
1243 2464 1465 2496 assentiamur.
1490 2464 1530 2495 cf.
1543 2474 1629 2504 supr.
1647 2474 1697 2504 31.

1127 2517 1146 2548 9
1169 2509 1305 2539 Duobus
1326 2508 1432 2546 nunc]
1465 2508 1643 2538 Duobusne
1665 2507 1761 2547 pleri-

1085 2560 1158 2589 que,
1175 2553 1207 2580 et
1222 2553 1320 2587 recte,
1332 2549 1357 2580 si
1370 2559 1445 2580 cum
1457 2549 1622 2580 Gronovio
1638 2559 1761 2590 expun⁴

1084 2603 1140 2633 gas
1156 2602 1250 2623 voces
1265 2594 1321 2633 qui
1336 2593 1511 2624 crederent.
1536 2592 1697 2623 Bzxxmz.

1138 2645 1149 2665 1
1180 2636 1302 2667 Octona
1328 2635 1413 2673 loca]
1450 2633 1602 2672 Minime,
1628 2634 1655 2664 si
1681 2633 1759 2665 Nie-

1085 2676 1200 2708 buhrio
1221 2678 1319 2708 fidem
1336 2678 1470 2708 damus:
1494 2676 1571 2708 licet
1591 2676 1678 2708 enim
1698 2676 1759 2706 hoc

1084 2723 1133 2750 ter
1147 2720 1270 2750 factum
1285 2719 1383 2750 fuisse
1398 2723 1556 2757 narratur,
1570 2719 1692 2750 seilicet
1706 2728 1757 2749 an.

1085 2763 1130 2794 U.
1141 2763 1179 2794 O.
1194 2773 1211 2802 3
1216 2773 1264 2802 52.
1278 2766 1314 2792 ut
1327 2761 1438 2793 Livius
1449 2771 1535 2801 supr.
1552 2771 1577 2792 1.
1589 2765 1758 2798 memorat,

1083 2808 1181 2844 atque
1193 2815 1267 2836 ann.
1284 2804 1344 2844 376
1354 2808 1387 2835 et
1401 2811 1472 2844 377.
1482 2807 1518 2835 ut
1531 2803 1693 2834 Diodorus
1704 2812 1757 2832 xv.

1085 2855 1137 2886 50,
1148 2856 1164 2887 5
1173 2858 1199 2885 1,
1211 2847 1331 2885 scribit,
1341 2846 1390 2877 illi
1402 2851 1511 2878 tamen
1528 2846 1636 2892 placet
1647 2843 1680 2873 in
1694 2844 1757 2874 cola

1084 2890 1166 2929 legio
1178 2889 1378 2919 tribunorum
1392 2897 1538 2919 censores
1548 2886 1671 2916 meuria
1681 2896 1757 2925 qua·
1781 2910 1786 2917 ,

1084 2932 1158 2963 dam
1175 2935 1402 2961 annumeratos
1416 2930 1520 2960 fuisse.
1545 2928 1583 2960 cf,
1594 2937 1679 2968 supr.
1691 2938 1719 2960 v.
1731 2938 1757 2960 1.
