1934 3211
595 179 720 221 LIB.
761 179 817 221 II.
860 180 1006 221 CAP.
1048 185 1114 223 29.
1475 187 1554 226 103

163 270 329 328 segnius
349 269 578 319 molliusve,
595 285 722 326 quam
739 269 932 311 Patribus
952 269 1126 326 placeat,
1148 271 1331 326 acturos)
1351 287 1555 328 percune-
1570 281 1613 312 U.
1630 282 1668 313 C.
1687 282 1757 315 260.

163 335 359 376 taxentur,
401 327 646 377 decernunt,
688 336 735 368 ut
775 327 986 369 delectum
1027 343 1152 383 quam
1193 329 1440 369 acerrimum
1480 331 1555 372 ha-
1567 325 1662 356 A·C·
1686 336 1758 368 49²-

161 386 309 426 beant:
353 385 439 426 otio
474 385 659 426 lascivire
696 385 874 441 plebem.
938 385 1124 427 Dimisso
1165 395 1324 436 senatu,
1362 388 1554 430 consules

129 442 204 488 9in
225 442 406 483 tribunal
427 443 682 484 ascendunt:
716 443 846 484 citant
873 443 1121 484 nominatim
1146 443 1340 485 iuniores.
1407 443 1552 492 Quum

158 499 212 540 ad
233 515 389 541 nomen
410 515 535 542 nemo
551 500 834 557 responderet,
857 501 1106 542 circumfusa
1127 500 1352 542 multitudo
1380 501 1422 542 in
1452 517 1553 544 con-

157 557 289 598 cionis
309 557 481 599 modum
502 573 668 614 negare,
694 564 704 582 ⁶
720 558 843 599 Ultra
871 558 1010 615 decipi
1036 558 1204 615 plebem
1231 574 1362 614 posse.
1426 559 1552 601 Nun-

128 630 142 652 1
159 619 310 671 ‘quam
339 631 472 657 unum
503 616 678 657 militem
709 616 935 666 habituros,
957 617 1001 657 ni
1023 626 1300 673 praestaretur
1319 616 1424 658 fides
1443 618 1551 674 pub-

157 672 272 714 ‘lica.
334 673 594 715 Libertatem
625 674 853 730 unicuique
884 675 998 730 prius
1018 674 1277 716 reddendam
1299 689 1400 724 esse,
1423 690 1550 731 quam

156 735 295 772 ‘arma
324 731 485 773 danda:
520 741 567 773 ut
596 747 671 788 pro
702 733 835 788 patria
865 733 1122 788 civibusque,
1145 747 1231 773 non
1258 747 1333 788 pro
1355 732 1548 784 dominis,

156 789 398 845 ‘pugnent.’
446 788 665 840 Consules,
689 790 791 846 quid
813 790 1057 831 mandatum
1079 799 1186 831 esset
1207 805 1231 831 a
1250 800 1410 840 senatu,
1432 791 1549 833 vide-

152 845 276 888 bant:
309 846 383 888 sed
403 862 561 897 eorum,
584 848 657 903 qui
688 848 797 889 intra
825 848 1004 904 parietes
1031 848 1169 889 euriae
1191 848 1384 890 ferociter
1402 848 1547 905 loque-

151 913 309 955 rentur,
327 905 540 946 neminem
562 906 718 955 adesse,
735 905 916 947 invidiae
938 921 1035 947 suae
1058 906 1325 962 participem:
1359 915 1402 948 et
1421 921 1548 963 appa-

151 962 268 1004 rebat
307 972 426 1004 atrox
466 978 562 1005 cum
603 963 724 1020 plebe
767 973 989 1005 certamen.
1059 963 1182 1005 Prius
1222 964 1377 1019 itaque,
1420 979 1547 1020 quam

152 1019 300 1062 ultima
338 1021 640 1077 experirentur,
682 1031 873 1063 senatum
920 1022 1071 1063 iterum
1112 1021 1328 1063 consulere
1375 1021 1543 1078 placuit.

119 1076 264 1119 ⁴2Tum
285 1093 384 1120 vero
405 1079 459 1120 ad
486 1079 605 1121 sellas
633 1079 851 1121 consulum
882 1095 1012 1136 prope
1044 1079 1315 1121 convolavere
1347 1080 1546 1121 minimus

150 1135 328 1192 quisque
370 1146 471 1178 natu
508 1137 694 1187 Patrum‚
731 1137 922 1179 abdicare
959 1137 1221 1178 consulatum
1262 1137 1466 1188 iubentes,
1503 1148 1546 1180 et

149 1191 360 1250 deponere
402 1195 638 1251 imperium,
676 1195 729 1236 ad
765 1195 879 1251 quod
920 1195 1125 1237 tuendum
1166 1195 1328 1236 animus
1369 1195 1542 1237 deesset.

119 1267 136 1299 3
151 1249 342 1308 Utraque
364 1267 407 1294 re
431 1253 527 1294 satis
549 1262 732 1309 experta,
755 1262 846 1294 tum
867 1253 1039 1295 demum
1060 1252 1272 1294 consules:
1309 1259 1319 1276 ⁶
1334 1252 1403 1294 Ne
1425 1269 1545 1309 prae-
1629 1256 1696 1295 29.

150 1308 333 1350 ‘dictum
370 1311 543 1367 negetis,
581 1310 726 1352 Patres
761 1311 1005 1367 conscripti:
1045 1310 1162 1352 adest
1197 1310 1344 1366 ingens
1380 1311 1541 1353 seditio.

149 1366 451 1417 ‘Postulamus,
475 1378 521 1410 ut
542 1369 583 1418 ii,
607 1369 679 1424 qui
708 1369 888 1410 maxime
918 1368 1125 1424 ignaviam
1153 1368 1384 1424 increpant,
1407 1368 1544 1411 adsint

149 1425 293 1466 ‘nobis
320 1425 569 1467 habentibus
600 1426 822 1467 delectum.
886 1425 1095 1467 Acerrimi
1125 1425 1328 1481 cuiusque
1360 1426 1540 1468 arbitrio.

148 1483 343 1539 ‘quando
379 1483 435 1524 ita
464 1483 612 1540 placet,
641 1499 729 1525 rem
760 1483 957 1539 agemus?
1019 1482 1221 1524 Redeunt
1256 1483 1300 1523 in
1336 1483 1539 1526 tribunal:

145 1540 262 1582 citari
293 1541 539 1582 nominatim
568 1556 700 1582 unum
729 1556 782 1582 ex
810 1541 871 1591 iis,
895 1541 967 1597 qui
996 1541 1039 1581 in
1068 1549 1295 1597 conspeetu
1316 1550 1446 1591 erant,
1469 1541 1543 1584 de-

144 1597 232 1640 dita
258 1614 283 1640 o
313 1614 385 1640 era
411 1599 567 1640 iubent.
633 1598 777 1648 Quum
807 1608 933 1640 staret
956 1599 1117 1648 tacitus,
1140 1609 1183 1640 et
1210 1599 1319 1640 circa
1348 1614 1446 1640 eum
1468 1599 1542 1641 ali-

144 1665 248 1712 quot
309 1657 510 1707 ominum,
540 1673 593 1699 ne
621 1657 727 1699 forte
749 1657 984 1707 violaretur,
1007 1657 1259 1698 constitisset
1285 1656 1445 1713 globus,
1467 1657 1542 1700 lic-

143 1722 277 1756 torem
309 1714 361 1755 ad
392 1730 488 1756 eum
521 1715 713 1756 consules
741 1715 925 1756 mittunt.
992 1714 1091 1764 Quo
1112 1714 1292 1771 repulso,
1315 1724 1406 1756 tum
1427 1731 1539 1766 vero,

145 1772 391 1829 ‘indignum
421 1773 582 1814 facinus
612 1774 727 1823 esse‚’
749 1773 1021 1823 clamitantes,
1051 1773 1125 1828 qui
1156 1772 1329 1814 Patrum
1361 1773 1542 1815 consuli-

142 1830 220 1872 bus
241 1830 426 1880 aderant,
449 1830 646 1873 devolant
672 1831 725 1872 de
754 1831 964 1881 tribunali,
987 1839 1034 1872 ut
1054 1830 1188 1872 lictori
1210 1830 1366 1872 auxilio
1387 1841 1536 1874 essent.

110 1887 230 1937 4Sed
270 1889 321 1930 ab
362 1888 519 1938 lictore,
556 1889 661 1930 nihil
696 1889 811 1930 aliud
852 1905 978 1945 quam
1019 1888 1279 1945 prehendere
1314 1889 1538 1945 prohibito,

142 1962 274 2003 quum
304 1962 527 1988 conversus
558 1947 601 1988 in
630 1947 776 1989 Patres
806 1947 988 2003 impetus
1018 1956 1138 1996 esset,
1161 1946 1380 1988 consulum
1409 1947 1538 1989 inter-

141 2019 264 2046 cursu
291 2005 382 2046 rixa
407 2004 550 2046 sedata
577 2014 661 2046 est:
695 2006 738 2046 in
761 2020 844 2061 qua
865 2014 1019 2054 tamen,
1042 2005 1130 2046 sine
1152 2004 1304 2061 lapide,
1327 2005 1416 2046 sine
1440 2005 1536 2055 telo,

141 2061 234 2118 plus
255 2062 445 2103 clamoris
466 2071 591 2118 atque
614 2063 780 2111 irarum,
803 2078 929 2117 quain
952 2062 1140 2111 iniuriae,
1163 2062 1307 2103 fuerat.
1345 2062 1535 2113 Senatus,

110 2119 396 2166 stumultuose
427 2130 608 2168 vocatuS,
641 2120 937 2161 tumultuosius
970 2119 1212 2168 consulitur,
1246 2120 1534 2174 quaestionem

140 2177 445 2234 postulantibus
466 2177 527 2226 iis,
550 2178 621 2233 qui
644 2177 794 2234 pulsati
816 2177 992 2226 fucrant,
1007 2176 1259 2218 decernente
1282 2177 1535 2219 ferocissimo

140 2251 322 2285 (nonne,
356 2251 440 2275 non
473 2235 692 2277 sententiis
728 2235 870 2289 magis,
903 2250 1029 2290 qnam
1062 2234 1240 2276 clamore
1272 2244 1313 2275 et
1344 2235 1531 2299 strepitu.

140 2251 347 2343 landem,
370 2308 500 2349 quum
523 2293 606 2334 irae
629 2293 888 2343 resedissent,
912 2292 1259 2349 exprobrantibus
1279 2292 1531 2343 consulibus,

181 2437 201 2467 9
226 2428 389 2465 [tutiores]
406 2427 502 2458 Cives
518 2437 629 2457 omnes
641 2430 661 2442 “
672 2428 712 2457 ub
728 2438 813 2457 unns»

139 2469 275 2508 septimo
305 2470 443 2506 decimo,
473 2470 557 2509 qumi
587 2470 717 2500 idom-0³
746 2482 813 2500 exse

140 2511 334 2551 reipublicae
350 2513 566 2549 arbitraretur,
583 2513 701 2543 milites
717 2513 811 2552 scrip—

139 2552 179 2583 nit
196 2554 322 2584 Servius
337 2555 477 2591 Tullius,
493 2567 610 2595 eosque
631 2556 669 2585 ml
690 2566 810 2585 annum

139 2596 414 2635 quadragesimum
439 2604 563 2628 sextum
589 2600 741 2635 iuniores,
762 2609 809 2628 nu·

142 2648 261 2677 pmque
281 2649 354 2669 eum
376 2651 495 2671 annum
512 2643 651 2671 ,vaniores
666 2642 809 2680 appellu-

141 2681 219 2711 n't.”
237 2682 273 2712 Α.
288 2682 374 2713 Gen.
389 2693 418 2713 x.
434 2686 482 2714 28.
509 2683 570 2713 Alii
586 2694 657 2714 veru
672 2685 811 2713 seniore„

139 2734 239 2763 usque
251 2724 290 2753 nd
308 2734 426 2754 annum
444 2725 687 2763 nexngfflimum,
702 2731 811 2765 postea

140 2777 214 2797 vero
230 2778 319 2796 «maen
335 2772 365 2796 et
384 2767 498 2797 militia
514 2768 681 2798 immunes.

192 2819 201 2839 Ι
232 2812 277 2840 ,w
305 2815 528 2849 perornaretur
550 2812 634 2850 siden
662 2812 809 2849 publia-a]

139 2852 183 2883 Ni
212 2852 242 2883 id
267 2853 350 2891 qumi
379 2853 440 2882 lide
470 2853 597 2892 publicu
624 2853 810 2892 proxumum

137 2901 216 2931 emt,
235 2906 266 2925 rt·
282 2902 311 2925 et
329 2896 446 2925 effectu
463 2896 675 2926 exhiberetur.
694 2898 799 2927 (Ὶικν.

182 2948 197 2969 2
217 2940 377 2968 ,winimun-
389 2939 522 2979 quisqnc
536 2939 633 2976 mun]
653 2940 812 2974 stlimrrcs,

858 2439 899 2458 sc.
919 2427 1075 2457 minorum
1100 2426 1242 2464 gentium
1270 2432 1385 2466 patres,
1401 2433 1434 2457 ut
1454 2428 1530 2459 Nic>

858 2470 971 2500 buhrio
1016 2471 1134 2510 pluet-t,
1172 2469 1224 2509 qui
1266 2470 1402 2500 Luceres
1446 2471 1530 2510 plebi

859 2513 998 2543 maxime
1036 2513 1166 2542 innatos
1202 2512 1297 2542 fuis-c
1331 2518 1361 2542 ct
1399 2514 1532 2545 consilia

856 2555 1011 2585 atrocium
1028 2566 1152 2594 semper
1167 2555 1300 2584 sunt-isse
1315 2555 1494 2587 arbitratur.

900 2608 917 2637 3
946 2600 1090 2638 l'trmlm·
1108 2599 1157 2635 re]
1177 2610 1218 2628 sc.
1234 2599 1370 2628 senatus
1383 2604 1414 2628 et
1428 2599 1531 2639 plebis

857 2646 973 2671 mente.
998 2642 1138 2670 Sruoru.

899 2696 916 2721 4
934 2684 1029 2713 Nihil
1039 2684 1130 2712 uliud
1141 2683 1253 2723 quam]
1270 2682 1526 2717 'rnntummodoz

856 2726 971 2764 supple
987 2730 1123 2764 ‹rm-nem.
1173 2726 1354 2756 Admodum
1371 2727 1530 2759 familiare

856 2774 902 2798 ent
921 2768 980 2797 boc
999 2768 1147 2807 loquendi
1164 2778 1264 2806 genus
1282 2768 1381 2800 Livio.
1395 2769 1464 2801 infr.
1478 2780 1527 2811 3²·

858 2822 906 2850 49.
926 2820 975 2849 53.
1000 2812 1142 2841 S‘l‘RnTn.

900 2862 916 2891 5
940 2855 1160 2890 Qmmtimwm
1176 2855 1428 2893 postulantibus]
1453 2856 1527 2887 Pou-

856 2896 1034 2926 tuln-nutibus
1050 2901 1083 2926 ut
1099 2896 1310 2936 inquireretur
1332 2897 1362 2929 in
1382 2903 1529 2930 auctore-

858 2938 998 2969 iniurium.
1023 2940 1130 2970 Cium.
