1934 3211
599 157 724 212 LI‘B.
759 171 811 211 V.
859 170 1006 213 CAP.
1040 176 1106 213 36.
1467 176 1548 216 327

150 261 261 302 busti
296 260 371 301 filii
407 260 532 309 missi,
567 260 641 315 qui
681 268 851 301 senatus
886 260 1118 316 populique
1157 261 1339 303 Romani
1365 265 1547 311 ,nomine

150 325 321 374 agerent
347 332 444 358 eum
469 315 615 366 Gallis,
638 333 705 366 ne,
729 332 754 358 a
773 317 926 373 quibus
954 317 1113 359 nullam
1141 318 1336 360 iniuriam
1366 321 1549 376 accepis-

149 383 254 424 sent,
295 374 428 415 socios
467 389 522 430 po
554 373 614 414 uli
652 374 835 415 Romani
876 383 1002 430 atque
1044 376 1198 417 amicos
1238 388 1544 433 oppugnarent.

151 431 355 472 Romanis
377 446 447 472 eos
468 432 519 472 be
540 431 579 472 lo
600 447 784 488 quoque,
807 432 839 472 si
869 447 933 473 res
961 442 1094 488 cogat,
1119 433 1298 474 tuendos
1325 449 1440 475 esse:
1475 435 1548 476 sed

148 487 297 529 melius
317 488 465 538 visum,
489 488 646 529 bellum
675 489 811 545 ipsum
842 490 1037 539 amoveri,
1061 491 1094 531 si
1120 499 1284 546 posset:
1319 500 1362 532 et
1386 490 1545 540 Gallos,

147 559 298 586 novam
327 555 510 602 gentem,
533 561 636 602 paee
666 547 807 602 potius
837 547 1046 602 cognosci,
1069 563 1196 603 quam
1227 548 1362 589 armis.
1427 548 1548 589 Mitis

146 601 312 658 legatio,
339 603 383 643 ni
410 603 669 659 praeferoces
697 604 867 661 legatos,
894 603 1112 660 Gallisque
1141 606 1272 661 magis
1301 621 1428 661 quam
1459 606 1548 647 Ro-

146 660 280 701 manis
329 660 496 710 similes,
548 660 770 702 habuisset.
852 661 1030 711 Quibus,
1077 671 1301 718 postquam
1351 663 1548 704 mandata

145 716 371 758 ediderunt
402 718 447 758 in
480 718 659 759 concilio
690 718 925 768 Gallorum,
960 719 1085 760 datur
1116 734 1389 775 responsum:
1426 720 1547 762 ‘Etsi

147 779 330 816 ‘novum
358 790 515 816 nomen
544 775 718 817 audiant
746 776 1050 826 Romanorum,
1079 786 1221 818 tamen
1247 777 1416 818 eredere
1437 778 1547 819 viros

147 831 300 874 ‘fortes
328 848 429 883 esse,
453 848 633 889 quorum
661 833 865 874 auxilium
891 849 914 874 a
938 834 1126 875 Clusinis
1154 834 1198 874 in
1227 850 1270 876 re
1303 835 1467 891 trepida
1494 836 1547 876 sit

146 894 158 913 ‘
174 889 454 946 imploratum.
502 890 570 940 Et,
587 891 788 946 quoniam
805 891 1013 947 legatione
1031 892 1227 933 adversus
1244 907 1286 933 se
1305 893 1545 942 maluerint,

147 951 158 969 ‘
174 962 301 1003 quam
332 948 469 997 armis,
492 948 600 989 tueri
631 948 776 998 socios,
798 964 852 990 ne
878 964 921 990 se
943 949 1116 1005 quidem
1145 964 1306 1005 pacem,
1329 965 1457 1006 quam
1485 949 1546 990 illi

147 1004 361 1055 ‘afferant,
390 1005 613 1061 aspernari,
643 1005 677 1046 si
701 1005 847 1056 Gallis,
877 1007 1098 1063 egentibus
1129 1022 1240 1063 agro,
1263 1022 1390 1062 quern
1422 1007 1546 1048 latius

147 1061 428 1118 ‘possideant,
465 1077 592 1118 quam
633 1062 784 1113 colant,
831 1062 1011 1113 Clusini,
1052 1072 1214 1120 partem
1255 1064 1405 1105 finium
1445 1080 1546 1106 con-

146 1123 159 1142 ‘
173 1118 351 1160 cedant:
385 1119 506 1161 aliter
526 1135 673 1176 pacem
694 1121 906 1177 impetrari
927 1136 1013 1162 non
1035 1136 1166 1177 posse.
1222 1121 1279 1163 Et
1298 1137 1546 1178 responsum

146 1181 158 1199 ‘
173 1191 313 1218 coram
337 1176 541 1219 Romanis
562 1178 749 1234 accipere
772 1178 904 1219 velle:
938 1187 993 1228 et,
1016 1179 1048 1219 si
1074 1187 1252 1234 negetur
1272 1194 1383 1234 ager,
1406 1194 1546 1221 coram

146 1238 157 1257 ‘
172 1233 320 1275 iisdem
347 1234 550 1276 Romanis
571 1235 852 1285 dimicaturos,
876 1245 923 1276 ut
949 1236 1143 1277 nuntiare
1165 1235 1339 1277 domum
1361 1245 1544 1292 possent,

147 1295 158 1314 ‘
173 1300 381 1347 quantum
398 1292 513 1333 Galli
526 1293 680 1334 virtute
695 1302 855 1334 ceteros
872 1293 1067 1334 mortales
1084 1301 1354 1349 praestarent.
1397 1293 1547 1341 Quod-

146 1354 156 1372 ‘
174 1364 271 1389 nam
294 1349 338 1389 id
359 1349 423 1390 ius
444 1358 564 1399 esset,
587 1365 734 1406 agrum
756 1365 781 1391 a
800 1350 1104 1406 possessoribus
1125 1360 1283 1406 petere,
1302 1360 1375 1391 aut
1396 1351 1547 1391 minari

146 1411 157 1430 ‘
173 1421 288 1447 arma
303 1407 340 1447 ?’
402 1407 607 1449 Romanis
632 1408 945 1463 quaerentibus,
975 1416 1030 1456 ct,
1065 1413 1077 1431 ‘
1092 1407 1197 1463 quid
1228 1408 1272 1447 in
1296 1406 1466 1448 Etruria
1486 1407 1546 1448 rei

147 1469 158 1487 ‘
177 1462 312 1504 Gallis
332 1474 439 1506 esset
456 1465 492 1505 ?’
517 1480 650 1520 quum
672 1464 731 1505 illi
756 1471 766 1488 ⁶
782 1480 825 1505 se
847 1465 892 1505 in
913 1464 1038 1505 armis
1059 1464 1122 1504 ius
1143 1464 1250 1506 ferre
1267 1464 1291 1504 ε’
1312 1472 1356 1505 et
1382 1465 1549 1505 ‘omnia

147 1526 157 1545 ‘
175 1520 344 1562 fortium
362 1522 546 1563 virorum
563 1522 678 1570 esse,'
694 1522 890 1562 ferociter
904 1521 1108 1570 dicerent,
1126 1521 1311 1562 accensis
1328 1522 1544 1577 utrimque

144 1578 295 1619 animis
327 1579 379 1620 ad
412 1594 527 1620 arma
554 1579 813 1628 discurritur,
846 1587 889 1620 et
920 1578 1128 1634 proelium
1157 1578 1400 1619 conseritur.
1464 1578 1543 1628 Ibi,

145 1635 226 1676 iam
261 1636 507 1692 urgentibus
540 1636 778 1677 Romanam
814 1636 962 1677 urbem
995 1635 1102 1684 fatis,
1138 1635 1264 1691 legati
1298 1644 1445 1677 contra
1481 1636 1546 1677 ius

142 1692 333 1748 gentium
355 1708 470 1734 arma
489 1693 684 1749 capiunt:
718 1708 797 1734 nec
819 1693 863 1733 id
884 1693 992 1734 clam
1013 1708 1101 1734 esse
1124 1693 1274 1749 potuit,
1293 1708 1425 1749 quum
1447 1702 1545 1734 ante

143 1749 263 1806 signa
294 1749 566 1791 Etruseorum
598 1760 682 1792 tres
713 1750 961 1792 nobilissimi
991 1750 1292 1806 fortissimique
1328 1751 1545 1792 Romanae

144 1807 373 1849 iuventutis
397 1817 646 1864 pugnarent.
710 1808 899 1849 Tantum
924 1808 1138 1849 eminebat
1159 1808 1382 1863 peregrina
1403 1808 1544 1850 virtus.

112 1864 265 1913 8Quin
297 1865 423 1906 etiam
457 1867 510 1913 Q.
531 1865 695 1915 Fabius,
725 1875 896 1907 evectus
926 1874 1047 1906 extra
1077 1865 1210 1906 aciem
1242 1880 1366 1921 equo,
1393 1865 1546 1906 ducem

147 1921 380 1972 Gallorum,
403 1923 598 1963 ferociter
623 1923 666 1962 in
690 1924 779 1979 ipsa
807 1923 927 1978 signa
950 1922 1223 1963 Etruseorum
1246 1923 1544 1971 incursantem,

145 1994 218 2035 per
239 1979 346 2020 latus
368 1980 614 2020 transfixum
633 1980 762 2029 basta,
782 1980 957 2020 occidit:
982 1979 1199 2034 spoliaque
1221 1980 1312 2020 eius
1333 1980 1543 2035 legentem

146 2035 260 2077 Galli
289 2052 509 2092 agnovere,
540 2052 698 2092 perque
736 2046 867 2077 totam
904 2036 1050 2085 aciem,
1083 2036 1325 2076 Romanum
1358 2037 1544 2092 legatum

112 2107 132 2136 9
144 2108 245 2141 csse,
268 2094 435 2148 signum
458 2093 602 2134 datum
628 2102 701 2134 est.
767 2092 934 2133 Omissa
962 2092 1061 2132 inde
1091 2092 1133 2131 in
1159 2092 1357 2133 Clusinos
1385 2093 1456 2141 ira,
1479 2108 1545 2134 rc-

144 2150 285 2205 ceptui
321 2159 491 2199 canunt,
525 2150 732 2190 minantes
766 2149 980 2190 Romanis.
1047 2149 1191 2197 Erant,
1221 2149 1293 2204 qui
1331 2149 1546 2205 extemplo

148 2207 327 2248 Romam
370 2207 558 2248 eundum
600 2217 830 2248 censerent.
896 2206 1048 2247 Vicere
1095 2206 1292 2255 seniores,
1331 2215 1377 2247 ut.
1418 2206 1544 2261 legati

145 2264 259 2320 prius
289 2265 555 2305 mitterentur
583 2274 778 2320 questum
814 2264 984 2304 iniurias
1016 2263 1371 2319 postulatumque,
1396 2274 1440 2305 ut
1469 2279 1544 2320 pro

145 2321 233 2363 iure
261 2322 452 2376 gentium
484 2322 636 2362 violato
670 2321 781 2362 Fabii
812 2321 1079 2362 (lederentur.
1145 2320 1293 2375 Legati
1323 2321 1542 2363 Gallorum

144 2375 281 2445 quani
310 2395 371 2428 ea,
401 2379 508 2420 sieut
541 2389 659 2420 erant
697 2379 906 2427 mandata,
937 2379 1240 2434 exposuissent,
1270 2379 1432 2419 senatui
1466 2394 1542 2419 nee

144 2437 298 2477 lactum
330 2437 521 2492 placebat
554 2436 789 2485 labiorum,
822 2446 861 2477 et
895 2437 958 2476 ius
989 2435 1197 2491 postulare
1235 2436 1395 2476 barbari
1428 2435 1543 2476 vide-

144 2493 321 2533 bantur:
361 2494 447 2542 scd,
482 2509 533 2534 ne
569 2494 623 2542 i‹l‚
657 2493 771 2558 quod
805 2493 1008 2549 placebat,
1041 2493 1287 2533 decerneret
1325 2493 1365 2532 in
1403 2502 1541 2533 tantae

119 2550 374 2591 numilitatis
402 2551 510 2598 viris,
540 2551 713 2591 ambitio
745 2551 947 2591 obstabat.
1015 2550 1174 2605 Itaque,
1199 2566 1250 2591 ne
1279 2565 1407 2605 penes
1434 2550 1543 2605 ipsos

144 2606 267 2662 eulpa
288 2617 396 2647 esset
417 2607 546 2648 eladis
567 2608 671 2649 forte
697 2608 861 2649 Gallico
884 2607 993 2648 bello
1022 2616 1233 2662 acceptae,
1256 2607 1540 2660 cognitionem

187 2782 206 2808 8
231 2781 350 2809 Ducem
376 2780 560 2816 Gallorum]
596 2779 771 2814 Quondam
800 2790 818 2808 e
862 2778 944 2814 gulis
960 2779 999 2808 nd
1020 2779 1182 2817 proximos
1207 2779 1438 2819 perferentibus
1463 2791 1540 2810 nun·

143 2821 288 2852 ducibus.
313 2824 418 2852 (ἷκεν.
863 2822 976 2850 tiatum
995 2826 1051 2851 est.
1077 2823 1182 2851 Cam.

186 2876 206 2905 9
229 2866 363 2903 Siynum
379 2866 489 2894 ‹lalmn
506 2865 568 2901 cxl]
599 2863 671 2893 lloe
687 2868 746 2899 met,
759 2863 818 2893 iino-
914 2873 921 2893 ι
951 2865 1107 2901 Ambitio]
1141 2864 1255 2894 Gratia
1274 2864 1457 2898 Fabiorum,
1475 2865 1540 2895 niu·

144 2917 179 2937 nu
198 2906 400 2946 imperatorin
425 2916 479 2944 per
503 2911 601 2936 totam
627 2906 742 2938 aciem.
759 2905 818 2935 nin-
869 2916 984 2943 pravus
1001 2906 1030 2935 in
1051 2907 1122 2935 ιΙΙυκ
1139 2906 1235 2936 sau-m:

1567 272 1608 303 U.
1627 273 1664 304 C.
1683 271 1754 312 364.

1562 315 1601 346 A.
1626 316 1664 346 C.
1683 315 1754 354 388.

1560 1589 1673 1629 Legati
1691 1600 1764 1621 con-

1559 1636 1607 1662 tra
1626 1632 1741 1663 Gallos

1559 1685 1648 1704 arma
1664 1686 1714 1705 ca-

1561 1717 1664 1757 piunt.

1558 2332 1647 2363 (inlll
1668 2344 1720 2372 pi)-

1557 2376 1677 2405 stnlant
1697 2380 1731 2406 ut

1559 2418 1650 2455 legati
1670 2419 1763 2449 Rom.

1557 2460 1614 2489 sibi
1633 2461 1736 2490 dedan

1557 2508 1616 2533 tur.
