1934 3211
160 245 202 276 U.
220 246 257 276 C.
275 254 346 283 455.

158 290 195 318 Α.
221 289 258 319 C.
277 297 346 327 297.

232 333 295 370 14.

158 390 200 424 Q.
215 388 315 418 Fabio

158 431 220 461 IV.
241 432 277 461 P.
292 431 358 461 De-

158 474 206 504 cio
225 474 295 504 ΙΙΙ.

157 517 246 548 Coss.

158 591 264 620 Ambo
275 590 363 621 Coss.

156 633 188 663 in
205 634 294 663 Sam-

156 676 247 705 nium
264 676 306 705 le-

156 718 264 757 giones
280 719 335 749 du-

158 765 244 791 cunt.

162 1452 324 1482 Proelium

160 1499 250 1524 atrox
268 1505 340 1524 cum

160 1537 366 1568 Samnitibus.

881 144 1028 186 ΤΙΤΙ
1068 144 1250 186 LIVII

435 235 641 276 Consules
657 235 767 284 novi,
789 236 841 283 Q.
860 234 1010 276 Fabius
1033 235 1246 276 Maximus
1259 244 1453 291 quartum
1475 243 1517 276 et
1537 235 1583 275 P.
1600 233 1757 276 Decius

376 292 477 334 Mus
508 293 691 342 tertium,
719 308 850 349 quum
880 293 990 334 inter
1019 308 1061 334 se
1093 293 1308 349 agitarent,
1331 293 1392 334 uti
1419 292 1523 333 alter
1552 291 1758 333 Samnites

376 351 526 400 hostes,
541 350 644 392 alter
662 350 858 392 Etruscos
871 350 1083 407 deligeret,
1099 359 1362 407 quantaeque
1379 351 1423 391 in
1439 350 1547 391 hanc
1560 358 1632 391 aut
1647 350 1693 391 in
1708 348 1757 390 il-

375 408 457 449 lam
487 408 744 465 provinciam
769 408 911 464 copiae
934 408 1043 457 satis,
1065 417 1108 449 et
1129 417 1220 449 uter
1244 408 1298 449 ad
1318 416 1458 449 utrum
1484 407 1639 449 bellum
1667 407 1756 448 dux

375 466 551 507 idoneus
573 466 703 522 magis
724 474 854 514 esset3
887 466 937 506 ab
960 465 1098 506 Sutrio
1120 474 1162 506 et
1183 465 1349 521 Nepete
1371 473 1413 507 et
1428 465 1598 507 Faleriis
1617 464 1756 521 legati,

377 533 577 573 auctores,
600 523 777 564 concilia
799 522 988 563 Etruriae
1012 522 1261 578 populorum
1282 523 1334 563 de
1355 522 1538 578 petenda
1560 538 1661 579 pace
1683 522 1757 563 ha-

377 582 478 631 beri,
503 590 630 622 totam
655 580 754 621 belli
782 579 934 620 molem
959 580 1004 620 in
1027 579 1243 620 Samnium
1264 589 1512 621 averterunt.
1573 579 1757 622 Profecti

377 638 579 687 consules,
602 653 685 693 quo
717 637 995 692 expeditiores
1026 645 1280 678 commeatus
1310 646 1458 686 essent,
1490 645 1534 678 et
1562 637 1758 679 incertior

376 696 516 745 hostis,
532 710 615 751 qua
630 703 853 735 venturum
870 693 1026 735 bellum
1041 694 1158 744 foret,
1177 694 1328 735 Fabius
1344 709 1420 750 per
1438 694 1653 744 Soranum,
1669 694 1758 736 De-

377 754 464 794 cius
477 768 552 809 per
563 752 794 793 Sidicinum
809 766 965 807 agrum,
975 752 1020 792 in
1032 751 1246 793 Samnium
1259 752 1444 807 legiones
1457 752 1628 793 ducunt.
1670 751 1757 793 Ubi

377 811 420 851 in
450 810 634 851 hostium
664 809 768 850 fines
788 818 961 850 ventum
982 818 1056 859 est,
1082 818 1254 865 uterque
1285 809 1606 866 populabundus
1627 810 1757 851 effuso

376 868 540 924 agmine
554 867 722 908 incedit.
786 866 1020 923 Explorant
1033 875 1171 908 tamen
1193 867 1328 917 latius,
1343 882 1469 923 quam
1489 866 1754 924 populantur.

376 925 510 982 Igitur
539 941 625 965 non
654 924 837 966 fefellere
874 924 927 965 ad
958 924 1178 966 Tifernum
1212 925 1351 966 hostes
1383 925 1427 965 in
1459 924 1622 966 occulta
1650 924 1756 966 valle

375 983 579 1032 instructi,
595 998 721 1039 quam
742 982 946 1038 ingressos
968 982 1181 1024 Romanos
1197 983 1407 1038 superiore
1424 997 1477 1024 ex
1497 982 1589 1023 loco
1604 981 1757 1024 adoriri

376 1041 587 1097 parabant.
650 1040 814 1090 Fabius,
836 1040 1147 1096 impedimentis
1172 1040 1374 1081 inlocum
1405 1049 1542 1081 tutum
1573 1039 1755 1090 remotis,

375 1099 664 1155 praesidioque
689 1098 853 1139 modico
874 1097 1080 1154 imposito,
1101 1097 1370 1154 praemonitis
1394 1097 1594 1139 militibus
1614 1097 1756 1139 adesse

376 1166 600 1206 certamen,
623 1156 826 1212 quadrato
854 1156 1019 1212 agmine
1051 1155 1103 1196 ad
1123 1155 1354 1212 praedictas
1378 1155 1561 1196 hostium
1581 1154 1787 1203 latebras5

375 1214 572 1255 succedit.
637 1214 856 1263 Samnites,
879 1213 1098 1269 desperato
1119 1213 1342 1269 improviso
1370 1212 1565 1262 tumultu,
1588 1212 1757 1268 quando

375 1273 419 1312 in
441 1281 630 1328 apertum
660 1271 788 1313 semel
810 1271 1033 1312 discrimen
1063 1286 1234 1312 evasura
1253 1280 1360 1312 esset
1389 1285 1467 1320 res,
1489 1279 1532 1311 et
1560 1270 1639 1326 ipsi
1669 1270 1756 1311 acie

376 1330 485 1371 iusta
505 1329 741 1372 maluerunt
761 1344 1018 1370 concurrere.
1081 1328 1228 1385 Itaque
1257 1337 1298 1370 et
1318 1328 1362 1369 in
1383 1343 1563 1384 aequum
1584 1327 1758 1369 descen-

377 1387 496 1437 dunt,
519 1403 566 1428 ac
589 1387 776 1428 fortunae
798 1402 854 1436 se,
876 1387 1032 1428 maiore
1054 1387 1205 1436 animo,
1221 1402 1344 1443 quam
1368 1401 1452 1442 spe,
1475 1385 1754 1427 committunt.

382 1444 595 1494 Ceterum,
619 1445 703 1486 sive
732 1445 832 1500 quia
855 1459 908 1485 ex
933 1445 1120 1485 omnium
1151 1444 1401 1486 Samnitium
1425 1443 1602 1500 populis,
1624 1443 1759 1499 quod-

379 1518 545 1558 cunque
582 1502 739 1543 roboris
773 1502 920 1551 fuerat,
958 1510 1260 1552 contraxerant,
1297 1517 1371 1543 seu
1406 1501 1505 1557 quia
1535 1501 1758 1542 discrimen

379 1575 563 1601 summae
585 1575 723 1600 rerum
748 1560 926 1615 augebat
946 1560 1116 1609 animos,
1140 1560 1399 1615 aliquantum
1428 1566 1571 1615 aperta
1590 1573 1757 1614 quoque

375 1632 518 1673 pugna
552 1617 833 1673 praebuerunt
869 1617 1044 1658 terroris.
1106 1617 1268 1666 Fabius,
1303 1617 1375 1658 ubi
1405 1616 1520 1657 nulla
1553 1631 1607 1657 ex
1641 1623 1757 1671 parte

376 1676 538 1715 hostem
578 1674 669 1715 loco
710 1674 865 1715 moveri
900 1673 1017 1723 vidit,
1056 1673 1116 1714 M.
1141 1673 1332 1714 Fulvium
1369 1682 1411 1714 et
1446 1673 1508 1714 M.
1527 1672 1789 1722 Valerium,6

378 1733 566 1773 tribunos
583 1732 776 1781 militum,
795 1747 890 1772 eum
908 1731 1058 1787 quibus
1074 1731 1126 1772 ad
1142 1731 1318 1787 primam
1340 1731 1471 1771 aciem
1483 1739 1755 1786 procurrerat,

377 1791 436 1831 ire
462 1789 515 1830 ad
546 1789 707 1846 equites
738 1789 866 1838 iubet,
889 1797 931 1829 et
962 1788 1183 1838 adhortari,
1208 1794 1219 1812 ⁶
1236 1797 1293 1837 ut,
1317 1788 1350 1828 si
1372 1787 1540 1843 quando
1570 1801 1756 1843 unquam

380 1848 588 1903 ‘equestri
619 1862 697 1903 ope
728 1847 912 1887 adiutam
945 1846 1244 1902 rempublicam
1274 1845 1555 1894 meminerint,
1585 1843 1658 1885 illo
1688 1843 1756 1885 die

379 1905 658 1954 ‘annitantur,
692 1913 737 1945 ut
768 1904 923 1944 ordinis
961 1903 1050 1944 eius
1089 1903 1260 1959 gloriam
1299 1903 1497 1944 invictam
1531 1909 1754 1958 praestent.

379 1963 601 2003 ‘Peditum
634 1962 858 2002 certamine
892 1960 1148 2002 immobilem
1182 1961 1344 2001 hostem
1375 1968 1552 2009 restare3
1589 1973 1758 2000 omnem

379 2020 606 2076 ‘reliquam
631 2034 747 2075 spem
768 2019 812 2060 in
837 2019 997 2075 impetu
1022 2033 1108 2059 esse
1131 2018 1346 2074 equitum.'
1406 2017 1463 2058 Et
1489 2017 1600 2073 ipsos
1624 2015 1758 2057 nomi-

378 2078 509 2118 natim
544 2078 727 2127 iuvenes,
765 2077 854 2133 pari
890 2076 1083 2117 comitate
1124 2086 1362 2132 utrumque,
1398 2090 1511 2116 nunc
1550 2073 1790 2124 laudibus,7

378 2151 490 2176 nunc
521 2135 731 2192 promissis
761 2142 915 2176 onerat.
981 2133 1194 2184 Ceterum,
1227 2132 1396 2189 quando
1426 2147 1480 2173 ne
1511 2147 1561 2173 ea
1589 2140 1791 2188 quoque8

380 2203 537 2234 tentata
557 2193 617 2234 vis
638 2192 869 2248 proficeret,
888 2191 1060 2233 consilio
1086 2191 1367 2248 grassandum,
1389 2190 1422 2231 si
1442 2189 1549 2230 nihil
1567 2189 1674 2230 vires
1694 2189 1759 2230 iu-

378 2260 535 2300 varent,
565 2260 689 2299 ratuS,
715 2249 952 2306 Scipionem
978 2249 1161 2305 legatum
1188 2249 1369 2289 hastatos
1396 2248 1552 2304 primae
1584 2245 1759 2303 legionis

379 2309 618 2350 subtrahere
651 2323 703 2348 ex
734 2308 834 2357 acie,
857 2320 899 2348 et
930 2307 982 2347 ad
1014 2315 1176 2347 montes
1207 2306 1430 2362 proximos,
1462 2319 1588 2361 quam
1619 2311 1759 2360 posset

380 2366 668 2414 occultissime,
706 2364 1015 2406 circumducere
1051 2365 1188 2405 iubet:
1222 2363 1319 2404 inde
1355 2378 1526 2404 ascensu
1561 2361 1703 2403 abdito
1735 2376 1760 2402 a

381 2434 605 2480 conspectu
642 2422 798 2479 erigere
834 2423 879 2463 in
911 2431 1072 2463 montes
1105 2437 1266 2476 agmen,
1303 2435 1528 2476 aversoque
1563 2418 1673 2461 hosti
1706 2418 1758 2460 ab

375 148 455 188 572

382 2492 496 2537 [OrgO
536 2490 707 2537 repente
749 2495 791 2521 SC
832 2479 1061 2521 ostendere.

424 2621 439 2649 5
466 2611 629 2647 Quadrato
651 2610 793 2648 tramine]
824 2609 854 2639 h.
872 2619 898 2638 c.
917 2607 995 2638 Acie
1015 2608 1047 2637 in

383 2663 519 2691 pugnam
534 2653 697 2682 instructa.
720 2654 844 2690 :lamen
857 2652 1049 2691 quadratum

381 2697 500 2732 nymiui.
517 2697 607 2733 ἰοηῃο
623 2694 811 2734 opponitur3
834 2695 890 2724 lzoc
910 2693 995 2724 enim
1016 2693 1049 2722 in

381 2737 492 2767 itinera
508 2739 696 2767 struebatur.

428 2778 446 2809 6
476 2782 523 2809 ΑΙ.
549 2781 716 2817 Fulvium]
762 2779 894 2818 Aliquot
925 2778 1050 2809 codices

384 2823 561 2851 ,llttae'imnm
577 2823 685 2860 filium
710 2823 770 2852 hoc
794 2823 863 2851 loco
884 2822 1048 2857 exhibent,

382 2873 459 2901 quas
478 2874 567 2893 voces
585 2864 613 2893 iu
631 2868 754 2894 textum
773 2864 911 2903 reposuit
929 2864 1046 2894 Stroth.

383 2906 444 2936 scd
467 2906 647 2935 ,mavimam
670 2908 833 2942 Fulvium,
857 2908 916 2937 Cu.
942 2905 1047 2936 Fulvii

1125 2479 1312 2535 Equites,
1355 2478 1530 2518 ducibus
1568 2476 1756 2526 tribunis,

1094 2607 1207 2644 filium,
1231 2617 1337 2637 veram
1363 2605 1533 2636 lectionem
1558 2614 1626 2635 esse
1650 2606 1758 2634 censet

1094 2650 1229 2681 Niebhr.
1246 2649 1289 2679 iii.
1306 2660 1335 2679 n.
1351 2648 1421 2679 622.

1138 2701 1153 2731 7
1176 2694 1258 2722 [ἀνί
1283 2692 1425 2722 comitate
1449 2690 1634 2730 utrumque]
1664 2688 1758 2719 Haec

1095 2736 1189 2765 verba
1208 2736 1248 2764 ud
1267 2735 1449 2764 Alaaeimum
1462 2734 1573 2771 filium
1595 2731 1758 2762 referenda

1095 2782 1200 2808 censet
1217 2779 1308 2808 Crcv.

1135 2822 1153 2849 8
1177 2821 1310 2857 Quando
1333 2830 1372 2850 ne
1394 2819 1448 2856 ea]
1486 2818 1515 2849 h.
1533 2828 1559 2848 e.
1580 2814 1756 2856 Siquando

1093 2873 1129 2893 cu
1148 2863 1191 2893 vis
1207 2873 1268 2893 non
1287 2861 1461 2901 proficeret.
