1934 3211
162 225 347 266 U--·C459

157 268 196 298 A.
221 269 347 309 U..293

162 1613 310 1653 Papirius

160 1657 280 1687 milites
295 1657 392 1688 hor-

161 1704 256 1731 tatur.

235 2591 302 2628 40.

378 137 458 175 602
883 131 1029 175 ΤΙΤΙ
1071 131 1248 174 LIVII

376 224 522 265 urbem
544 224 809 280 expugnavit.
874 223 1031 273 Minus,
1054 239 1179 279 quam
1204 223 1374 280 collega,
1396 223 1508 280 cepit
1528 223 1759 273 homiuum,

374 281 468 338 plus
508 281 721 338 aliquanto
762 281 924 323 occidit.
998 281 1161 322 Praeda
1199 281 1399 338 opulenta
1436 282 1659 337 utrobique
1698 289 1762 322 est

374 347 502 396 parta.
565 339 671 380 Inde
702 339 914 396 pervagati
946 338 1162 380 Samnium
1192 339 1395 389 0011511105,
1424 339 1603 380 maxime
1631 338 1761 395 depo-

372 396 515 453 pulato
537 396 709 438 Atinate
740 412 850 453 agro,
877 396 1084 438 Carvilius
1115 396 1168 437 ad
1199 396 1454 446 Cominium,
1481 396 1673 453 Papirius
1703 395 1757 437 ad

375 454 663 511 Aquiloniam,
686 455 756 496 ubi
779 470 941 495 summa
960 454 1020 494 rei
1045 454 1296 495 Samnitium
1317 463 1416 504 erat,
1438 454 1637 519 pervenit.
1694 453 1760 495 Ibi

376 512 635 569 aliquamdiu
656 528 733 553 nec
755 520 958 553 cessatum
984 512 1034 552 ab
1056 511 1179 551 armis
1207 519 1280 560 est,
1303 527 1440 567 neque
1468 512 1628 553 naviter
1653 526 1761 568 pug-

375 579 545 611 natum:
590 569 831 611 lacessendo
873 569 1048 624 quietOS,
1085 568 1370 609 resistentibus
1410 568 1610 618 cedendo,
1647 584 1761 610 com-

376 628 659 683 minandoque
682 626 825 682 magis,
849 641 975 691 quam
996 625 1213 666 inferendo
1238 641 1435 681 pugnam,
1458 626 1546 667 dies
1570 627 1760 667 absume-

376 686 508 727 batur.
575 684 702 732 Quod
728 699 858 740 quum
886 683 1151 739 inciperetur,
1174 683 1550 739 remittereturque,
1573 684 1761 725 omnium

375 758 514 784 rerum
536 742 661 783 etiam
681 757 901 806 parvarum
918 749 1090 782 eventus
1107 740 1392 796 proferebatur
1411 741 1456 781 in
1472 741 1570 782 dies.
1614 740 1762 783 Altera

381 800 573 841 Romana
593 809 725 841 castra
746 799 894 855 viginti
922 798 1099 839 millium
1128 798 1260 854 spatio
1281 799 1477 840 aberant:
1511 807 1554 840 et
1580 799 1761 840 absentis

375 857 557 914 collegae
579 857 750 899 consilia
771 857 963 898 omnibus
984 855 1178 921 gerendis
1199 856 1428 898 intererant
1449 857 1593 898 rebus:
1624 856 1762 897 inten-

375 915 536 971 tiorque
562 914 780 964 Carvilius,
796 930 888 970 quo
917 914 1069 955 maiore
1092 913 1329 955 discrimine
1360 929 1425 956 res
1447 914 1727 963 vertebatur,
1716 929 1761 954 1n

376 973 661 1028 Aquiloniam,
700 987 825 1028 quam
861 972 915 1013 ad
953 971 1211 1036 Cominium,
1248 971 1363 1028 quod
1398 971 1626 1022 obsidebat,
1659 980 1758 1013 erat.

376 1030 424 1071 L.
445 1031 648 1096 Papirius,
678 1030 759 1071 iam
790 1045 865 1086 pei
895 1029 1036 1071 omnia
1065 1029 1119 1070 ad
1138 1029 1425 1070 dimicandum
1455 1029 1552 1070 satis
1582 1037 1760 1086 paratus,

375 1090 571 1129 nuntium
599 1088 652 1129 ad
679 1087 880 1144 collegam
906 1087 1060 1135 1nittit;
1095 1087 1239 1128 ‘sibi
1230 1103 1274 1128 1n
1305 1087 1443 1129 animo
1473 1102 1574 1137 esse,
1596 1095 1761 1144 postero

378 1146 486 1196 ‘die,
508 1146 542 1187 si
571 1161 647 1202 per
676 1145 859 1202 auspicia
888 1145 1044 1193 liceret,
1056 1145 1292 1210 ‘confligere
1321 1160 1417 1186 cum
1447 1145 1577 1186 hoste.
1641 1144 1762 1201 Opus

379 1210 506 1254 (0550,
536 1213 579 1245 et
608 1203 739 1253 illum,
770 1212 926 1259 quanta
955 1202 1138 1243 maxima
1166 1203 1207 1243 vi
1237 1211 1388 1259 posset,
1413 1202 1656 1244 Cominium
1687 1217 1762 1258 op-

379 1268 604 1318 ‘pugnare,
638 1277 691 1303 ne
721 1261 823 1317 quid
856 1260 1080 1301 laxamenti
1113 1259 1166 1301 sit
1204 1259 1460 1301 Samnitibus
1495 1260 1549 1301 ad
1580 1259 1763 1301 subsidia

379 1319 681 1375 ‘Aquiloniam
703 1318 931 1360 mittenda.7
991 1317 1119 1359 Diem
1144 1317 1197 1358 ad
1221 1318 1568 1374 proficiscendum
1590 1317 1762 1358 nuntius

377 1377 547 1419 habuit:
581 1386 704 1418 nocte
724 1376 861 1432 rediit,
884 1376 1110 1432 approbare
1132 1375 1334 1432 collegam
1359 1375 1548 1417 consulta
1566 1375 1759 1417 referens.

377 1434 580 1491 Papirius,
603 1435 751 1476 nuntio
774 1434 908 1483 misso,
932 1433 1142 1489 extemplo
1164 1433 1409 1475 concionem
1429 1433 1598 1482 habuit3
1632 1432 1763 1474 multa

378 1492 430 1532 de
452 1493 643 1533 universo
663 1507 816 1557 genere
837 1491 947 1541 belli,
971 1491 1103 1532 multa
1122 1491 1174 1532 de
1199 1491 1407 1547 praesenti
1432 1465 1615 1532 hostium
1637 1505 1763 1547 appa-

379 1558 484 1599 ratu,
516 1564 621 1590 vana
652 1565 782 1605 1113315
817 1549 966 1605 specie,
1001 1564 1127 1605 quam
1161 1549 1317 1590 efficaci
1352 1548 1405 1590 ad
1437 1557 1646 1598 eventum,
1679 1548 1763 1589 dis-

379 1607 518 1648 seruit.
583 1606 712 1648 ‘Non
743 1607 854 1647 enim
891 1607 1032 1647 cristas
1064 1606 1237 1647 vulnera
1267 1608 1429 1655 facere3
1467 1615 1510 1647 et
1544 1621 1619 1662 per
1651 1605 1764 1661 picta

380 1670 532 1730 ‘atque
561 1673 702 1706 aurata
729 1673 846 1705 scuta
873 1664 1044 1704 transire
1069 1663 1309 1704 Romanum
1329 1664 1487 1719 pilum:
1520 1673 1563 1704 et
1582 1662 1762 1704 candore

380 1722 644 1763 ‘tunicarum
670 1721 901 1777 fulgentem
932 1721 1076 1770 aciem,
1099 1721 1171 1761 ubi
1195 1736 1260 1761 res
1286 1721 1394 1762 fe1ro
1414 1729 1592 1777 geratur,
1614 1735 1763 1762 cruen-

380 1756 868 1821 ζ1311.131111031115011111
897 1787 1021 1834 atque
1051 1787 1288 1833 argenteam
1313 1778 1561 1819 Samnitium
1586 1777 1718 1819 aciem
1739 1793 1764 1820 a

380 1843 579 1903 ‘parente
613 1852 687 1878 suo
720 1836 934 1901 occidione
969 1836 1171 1877 occisam:
1205 1835 1418 1891 spoliaque
1450 1851 1500 1877 ea
1525 1835 1764 1877 honestiora

380 1901 391 1919 ‘
408 1896 554 1936 victori
574 1894 695 1943 hosti,
719 1909 844 1950 quam
865 1893 963 1949 ipsis
984 1908 1108 1943 arma,
1130 1893 1266 1934 fuisse.
1314 1893 1473 1934 Datum
1493 1893 1572 1934 hoc
1591 1893 1762 1934 forsitan

380 1952 568 1994 ‘nomini
598 1951 860 2007 familiaeque
897 1966 1007 2000 suae,
1040 1960 1086 1991 ut
1123 1950 1317 1991 adversus
1353 1950 1555 1992 maximos
1590 1959 1762 1992 conatus

381 2016 391 2034 ‘
413 2010 663 2052 Samnitium
679 2017 1003 2074 opponerentui
1035 2008 1189 2058 duces3
1231 2008 1444 2064 spoliaque
1473 2024 1522 2049 ea
1548 2008 1762 2058 referrent,

381 2074 515 2124 ‘quae
538 2067 717 2123 1115131113
735 2066 912 2123 publicis
928 2066 1053 2107 etiam
1074 2065 1174 2107 locis
1191 2065 1436 2107 decorandis
1453 2074 1600 2107 essent.
1648 2066 1764 2107 Deos

382 2125 661 2166 ‘immortales
701 2125 842 2165 adesse
882 2132 1050 2180 propter
1091 2124 1211 2165 toties
1251 2124 1383 2180 petita
1420 2123 1599 2174 foedera,
1642 2124 1764 2165 toties

382 2189 393 2207 ‘
410 2191 554 2239 rupta:
589 2191 691 2232 tum,
726 2182 759 2222 si
792 2197 875 2237 qua
907 2181 1145 2222 coniectura
1180 2181 1330 2222 mentis
1362 2180 1527 2223 divinae
1561 2181 1625 2231 sit,
1658 2180 1765 2222 nulli

384 2248 596 2296 ‘unquam
633 2239 834 2281 exercitui
869 2239 993 2280 fuisse
1030 2239 1273 2288 infestiores,
1306 2254 1432 2295 quam
1463 2239 1548 2295 qui,
1582 2238 1764 2280 nefando

384 2305 524 2339 ‘sacro
555 2298 686 2338 mixta
715 2297 933 2338 hominum
963 2296 1257 2353 pecudumque
1288 2296 1414 2337 caede
1446 2312 1664 2353 respersus,
1690 2312 1795 2349 an-7

383 2356 527 2412 ‘cipiti
558 2355 684 2396 deum
717 2355 800 2395 irae
834 2354 1021 2404 devotus,
1055 2354 1153 2395 hinc
1185 2353 1400 2395 foederum
1433 2369 1529 2395 cum
1562 2354 1765 2395 Romanis

383 2420 394 2437 ‘
411 2414 587 2454 ictorum
628 2421 751 2454 testes
786 2411 898 2461 deos,
935 2411 1033 2452 hinc
1068 2411 1334 2452 iurisiurandi
1370 2411 1563 2453 adversus
1597 2411 1765 2453 foedera

383 2470 589 2527 ‘suscepti
632 2470 936 2511 exsecrationes
975 2469 1159 2518 horrens,
1196 2469 1351 2510 invitus
1385 2469 1592 2519 iuraverit,
1629 2468 1764 2510 oderit

383 2535 726 2577 ‘sacramentum,
759 2542 844 2567 uno
880 2535 1067 2582 temp01e
1103 2526 1216 2576 deos,
1249 2526 1371 2576 cives,
1407 2526 1546 2568 hostes
1581 2526 1764 2568 metuat.'

385 2585 516 2636 11100,
542 2593 752 2641 comperta
781 2584 1046 2640 perfugarum
1077 2584 1253 2634 iudiciis,
1280 2599 1411 2640 quum
1441 2584 1553 2640 apud
1582 2583 1764 2626 infensos

383 2769 412 2788 11,
431 2758 502 2796 660,
522 2759 701 2790 audiendus
721 2759 771 2797 sit,
792 2759 847 2789 sed
871 2769 940 2789 eam
964 2758 1051 2788 haud
1140 2764 1156 2797 7
1179 2758 1326 2797 Ancipiti
1352 2759 1445 2789 deum
1469 2758 1554 2796 irae]
1590 2757 1763 2796 Utrimque

384 2802 491 2839 procul
507 2802 658 2832 Aesernia
673 2803 766 2832 sitam
783 2801 890 2838 fuisse,
906 2804 1051 2831 auctores
1095 2800 1267 2837 minitanti,
1280 2800 1346 2830 sive
1361 2806 1516 2840 pugnaret
1532 2804 1642 2831 contra
1657 2800 1761 2830 foede-

384 2843 617 2882 Ncapolitanos
632 2849 769 2882 secutus,
781 2843 962 2876 Cramerius
978 2842 1048 2874 scri-
1096 2853 1140 2877 ra,
1165 2843 1230 2873 sive
1256 2843 1378 2882 fugeret
1404 2843 1554 2874 adversus
1580 2845 1761 2882 susceptum

384 2884 437 2915 bit.
1095 2885 1325 2917 iusiurandum.
1349 2886 1454 2917 Cassv.
