1934 3211
444 223 523 261 134
951 220 1098 263 ΤΙΤΙ
1139 220 1317 263 LIVII

227 324 271 356 U.
288 326 326 357 O.
343 326 414 357 281.
440 319 627 362 monent,
672 317 685 336 ‘
702 311 944 354 Honoribus
983 321 1026 354 et
1065 312 1420 354 administratione
1460 311 1711 369 reipublicae
1750 312 1823 354 ab·

224 369 264 399 A.
288 369 326 401 C.
342 377 414 409 471
443 369 674 419 ‘stineant3
706 370 942 411 consulares
969 386 1066 412 vero
1096 371 1235 421 fasces,
1258 378 1529 436 praetextam,
1551 369 1821 426 curulemque

226 411 428 486 {ffiffiffi‘gtad
443 432 454 450 ‘
469 426 624 477 sellam,
646 402 752 468 nihil
773 428 898 478 aliud,
916 444 1041 484 quam
1062 444 1256 485 pompam
1277 429 1409 469 fune}
1400 444 1445 477 is,
1462 436 1622 484 putent.
1688 426 1824 469 Claris

227 499 383 536 populum
444 485 700 541 ‘insignibus
716 501 741 526 v
730 486 829 526 elut
851 486 990 527 infulis
1007 487 1161 527 velatos
1178 486 1230 527 ad
1246 495 1421 527 mortem
1439 485 1648 527 destinari.
1695 484 1824 533 Quod

444 543 502 583 ‘si
531 543 767 584 consulatus
795 554 910 584 tanta
930 544 1108 585 dulcedo
1136 544 1199 593 sit,
1223 544 1303 584 iam
1335 559 1446 584 nunc
1477 544 1534 584 ita
1564 544 1606 583 in
1638 543 1824 584 animum

445 602 683 649 1111(11101111
707 602 966 642 consulatum
996 611 1161 658 captum
1193 612 1234 642 et
1265 616 1505 665 oppressum
1531 601 1581 642 ab
1603 600 1826 642 tribunicia

446 665 647 714 ‘potestat
638 675 674 700 10
697 674 807 699 esse·
798 691 807 707 ,
843 658 1014 708 consuli,
1037 659 1150 700 velut
1177 659 1399 714 appaiitmi
1428 659 1662 708 tribunicio,
1684 658 1825 699 omnia

445 718 524 758 ‘ad
546 727 693 758 nutum
723 717 1028 772 imperiumque
1055 717 1209 757 tribuni
1235 716 1396 770 agenda
1420 731 1518 757 esse.
1583 715 1626 757 Si
1647 731 1690 756 se
1711 731 1825 756 com-

445 782 565 815 ‘mov
569 775 658 823 crit,
682 775 714 814 si
743 775 971 830 lwespexeiit
992 774 1147 824 Panes,
1174 775 1206 815 si
1235 773 1358 821 aliud,
1382 789 1507 829 quam
1535 771 1713 829 plebem,
1735 788 1823 815 esse

446 833 515 873 ‘in
561 831 771 888 republica
821 831 1056 881 crediderit,
1098 831 1288 872 exsilium
1332 831 1381 872 C.
1426 830 1589 881 Marcii,
1632 831 1824 872 11Ιο1101111

446 896 456 913 (
471 889 781 930 damnationem
803 899 844 930 et
865 899 1054 939 mortem,
1077 890 1153 930 sibi
1174 898 1378 945 proponat
1400 898 1494 929 ante
1517 888 1669 930 oculos.
1674 889 1683 906 ’
1743 887 1823 930 His

444 947 605 988 accensi
634 947 805 988 vocibus
834 946 978 987 Patres
1008 947 1178 988 consilia
1208 947 1318 996 inde,
1350 962 1435 987 non
1466 946 1643 1003 publica,
1676 946 1750 987 sed
1778 946 1855 993 in5

443 1005 614 1061 privato,
649 1004 902 1060 seductaque
940 1020 963 1045 a
997 1005 1179 1060 plurium
1212 1004 1475 1054 conscientia,
1510 1004 1674 1045 habere.
1737 1003 1824 1046 Ubi

227 1075 390 1105 Tribunus
444 1078 573 1119 quum
605 1062 648 1103 id
679 1063 802 1104 modo
834 1071 1052 1112 constaret,
1085 1062 1172 1103 iure
1205 1077 1257 1102 an
1288 1062 1438 1103 iniuria
1469 1062 1705 1118 eripiendos
1735 1077 1823 1103 esse

227 1118 357 1148 occisus.
442 1135 545 1169 reos,
569 1120 822 1161 atrocissima
843 1135 1033 1176 quaeque
1062 1119 1241 1161 maxime
1267 1120 1457 1176 placebat
1483 1120 1711 1161 sententia:
1745 1135 1824 1161 nec

442 1187 586 1219 auctor
607 1193 759 1233 quamx
761 1193 794 1218 13
827 1177 975 1218 audaci
998 1177 1170 1218 facinori
1203 1177 1356 1218 deerat.
1418 1177 1552 1234 Igitur
1575 1177 1719 1219 iudicii
1740 1177 1822 1227 die,

443 1251 573 1292 quum
608 1235 725 1291 plebs
764 1236 808 1276 in
847 1235 935 1276 foro
976 1244 1115 1276 erecta
1155 1235 1464 1291 exspectatione
1504 1243 1643 1284 staret,
1684 1235 1824 1276 mirari

441 1294 588 1350 primo,
611 1293 725 1350 quod
746 1309 830 1334 non
852 1292 1124 1334 descenderet
1144 1293 1360 1334 tribunus:
1395 1292 1560 1342 deinde,
1590 1307 1720 1348 quum
1741 1293 1824 1334 iam
1932 1343 1934 1346 Α

442 1366 557 1392 mora
577 1352 806 1407 suspectior
826 1351 956 1401 fieret,
979 1350 1223 1391 deterritum
1251 1365 1275 1390 a
1301 1350 1551 1406 primoribus
1578 1350 1759 1400 credere,
1781 1358 1826 1392 et
1929 1368 1934 1404 ς

442 1409 648 1449 desertam
679 1424 725 1450 ac
755 1409 963 1465 proditam
994 1423 1158 1449 causam
1188 1407 1398 1465 publicam
1425 1408 1555 1464 queri.
1617 1407 1822 1458 Tandem,
1930 1414 1934 1459 ⁴.

443 1467 515 1522 qui
556 1467 759 1508 obversati
798 1466 1001 1507 vestibulo
1047 1466 1204 1507 tribuni
1242 1466 1418 1516 fuerant,
1459 1465 1668 1516 nuntiant,
1710 1465 1824 1507 domi
1921 1476 1929 1480 ⁴

442 1533 652 1565 mortuum
683 1539 769 1565 esse
803 1524 1031 1565 inventum.
1097 1523 1225 1571 Quod
1251 1524 1324 1564 ubi
1350 1524 1395 1564 in
1423 1532 1552 1565 totam
1579 1524 1859 1565 concionem6
1932 1575 1934 1579 Ι

443 1582 614 1648 pertulit
634 1596 801 1630 rum0r3
834 1582 939 1622 sicut
960 1581 1068 1622 30103
1087 1580 1278 1622 funditur
1298 1581 1404 1622 duce
1427 1582 1574 1631 occiso,
1596 1581 1656 1622 ita
1675 1581 1823 1638 dilapsi
1924 1588 1934 1620 r:

444 1641 595 1696 passim
617 1639 685 1680 alii
707 1639 798 1680 alio.
842 1639 1097 1695 Praecipuus
1118 1654 1245 1694 pavor
1261 1639 1447 1680 tribunos
1463 1639 1679 1689 invaserat,
1697 1653 1824 1696 quam
1922 1639 1934 1659 ⁵·

445 1698 552 1738 nihil
572 1696 715 1738 auxilii
732 1706 910 1738 sacratae
927 1697 1040 1753 leges
1055 1696 1269 1745 haberent,
1285 1705 1415 1737 morte
1430 1696 1612 1751 collegae
1629 1697 1821 1738 monitos.

447 1754 541 1797 Nec
573 1756 718 1796 Patres
750 1755 845 1795 satis
878 1755 1089 1795 moderate
1122 1754 1227 1795 ferre
1263 1754 1485 1800 laetitiam·
1529 1753 1717 1810 adeoque
1749 1769 1825 1796 ne-

445 1813 600 1854 minem
628 1813 777 1854 noxiae
808 1812 1060 1869 poenitebat,
1083 1820 1130 1852 ut
1159 1812 1284 1853 ctiam
1314 1812 1499 1853 insontes
1521 1812 1665 1853 fecisse
1692 1811 1856 1860 videri7

443 1870 610 1921 vellent,
646 1870 866 1927 palamque
902 1870 1090 1919 ferretur,
1127 1869 1236 1910 malo
1271 1869 1523 1911 domandam
1558 1869 1824 1911 tribuniciam

442 1937 702 1984 potestatem.

298 1994 365 2033 55.
504 1986 590 2028 Sub
630 1986 706 2027 hac
745 1986 913 2042 pessimi
953 1984 1135 2050 exempli
1179 1985 1349 2025 victoria
1388 1984 1575 2027 delectus
1616 1984 1818 2026 edicitur:
1834 1998 1855 2028 8

231 2049 427 2082 Discordiae
443 2044 772 2100 paventibusque
814 2043 1002 2092 tribunis,
1044 2058 1132 2084 sme
1173 2042 1467 2084 intercessione
1508 2042 1592 2083 ulla
1632 2042 1822 2084 consules

442 2117 531 2143 rem
551 2110 767 2158 peragunt.
830 2101 943 2148 Tum
963 2116 1060 2142 vero
1086 2101 1205 2142 irasci
1232 2100 1387 2157 plebes,
1409 2100 1672 2142 tribunorum
1692 2100 1823 2157 magis

442 2259 630 2290 revocanda.
654 2259 692 2289 cf.
709 2268 792 2298 supr.
811 2266 859 2298 35.
883 2257 937 2289 ubi
952 2257 1109 2288 incertum
1153 2256 1256 2287 τάτων
1286 2256 1450 2296 ἐφόνευον;
1489 2258 1574 2289 unde
1605 2257 1824 2298 cognoscimus

443 2311 509 2332 esse
538 2301 664 2337 dicitur,
688 2312 771 2331 anne
798 2302 888 2340 plebs
917 2301 949 2330 in
975 2300 1110 2331 comitiis
1154 2300 1297 2340 plebeios
1311 2301 1430 2331 multos
1442 2300 1559 2331 ferocia
1574 2300 1722 2340 insignes,
1735 2301 1821 2332 clan—

442 2343 568 2374 tributis
591 2348 666 2374 ante
695 2344 799 2383 legem
827 2343 1001 2374 Publiliam
1029 2343 1108 2373 iudi·
1153 2342 1276 2374 destino
1299 2347 1426 2383 patrum
1449 2343 1588 2374 facinore
1609 2343 1704 2374 fuisse
1725 2343 1821 2375 iuter-

443 2386 540 2425 cium,
562 2387 621 2417 nisi
643 2387 675 2417 in
698 2387 791 2417 rebus
813 2385 927 2426 privati
950 2386 1037 2423 iuris,
1052 2396 1108 2416 un·
1153 2389 1272 2425 ceptos.

442 2439 537 2468 quam
554 2429 738 2459 exercuerit.
1196 2429 1214 2458 8
1237 2429 1302 2458 Sub
1327 2428 1387 2458 lmc
1404 2451 1411 2458 .
1429 2452 1436 2460 .
1451 2452 1458 2459 .
1476 2429 1625 2466 victoria]
1653 2428 1704 2462 Ea
1729 2429 1820 2468 quasi

487 2480 502 2511 5
528 2473 684 2509 Consilia]
719 2472 860 2503 Camilia
884 2481 923 2502 ex
949 2472 1108 2501 emendat.
1153 2469 1278 2501 subnixi
1296 2471 1408 2501 Patres
1423 2472 1583 2501 delectum
1600 2470 1730 2501 edicunt
1745 2484 1753 2508 ;
1769 2472 1819 2502 vel

444 2514 598 2545 Gronovii
620 2515 759 2545 Bekker.
776 2515 808 2544 in
829 2519 954 2544 textum
977 2513 1110 2553 recepit,
1153 2513 1260 2543 statim
1288 2516 1360 2552 post
1385 2513 1497 2544 illam:
1532 2513 1590 2543 nisi
1617 2517 1686 2543 tum
1712 2513 1821 2554 potius

444 2557 507 2587 fide
524 2558 614 2588 codd.
632 2558 829 2588 adversante.
1154 2566 1226 2586 cum
1251 2555 1350 2586 Gron.
1374 2556 1433 2595 leg.
1460 2557 1517 2586 sub
1537 2556 1621 2587 hanc
1644 2557 1819 2588 victoriam.

486 2598 505 2630 6
527 2602 696 2635 Mortuum
718 2611 782 2631 esse
803 2599 983 2639 inventum]
1010 2599 1109 2629 Haud
1155 2599 1217 2629 Sed
1246 2597 1371 2630 Livium
1397 2599 1464 2629 sine
1487 2598 1670 2629 discrimine
1692 2601 1737 2638 τῷ
1761 2600 1819 2630 sub

443 2641 536 2672 aliter
554 2642 741 2682 Ephialtem
764 2643 851 2682 apud
866 2642 1010 2679 Athenas
1033 2652 1109 2680 pau-
1154 2652 1238 2671 nunc
1268 2645 1428 2680 quartum,
1457 2652 1542 2672 nime
1572 2646 1698 2672 sextum
1730 2642 1819 2673 addi-

445 2684 488 2713 cis
510 2689 582 2724 post
606 2684 697 2716 annis
723 2685 807 2715 cives
832 2684 880 2715 sui
905 2685 1108 2715 sustulerunt.
1154 2683 1235 2714 disse
1265 2693 1385 2721 casum,
1412 2687 1443 2714 et
1473 2695 1493 2714 a
1519 2683 1746 2715 Grammaticis
1774 2684 1820 2715 ita

447 2726 532 2757 Plut.
552 2728 665 2758 Pericl.
682 2738 713 2758 x.
738 2728 870 2758 Diodor.
887 2727 929 2758 xi.
950 2736 996 2766 77.
1155 2726 1259 2766 potius
1274 2725 1436 2766 distingui,
1451 2731 1486 2758 ut
1501 2728 1558 2758 sub
1573 2727 1745 2758 adventum
1763 2737 1818 2758 no-

489 2776 505 2807 7
528 2772 637 2800 Etiam
659 2772 814 2808 insontes]
841 2770 992 2801 Similiter
1013 2769 1107 2800 inter·
1151 2774 1198 2800 tet
1228 2769 1337 2808 paullo
1364 2774 1439 2800 ante
1468 2771 1655 2807 adventum,
1679 2769 1819 2801 instante

444 2810 527 2840 fecto
550 2812 685 2843 Caesare
708 2813 873 2850 dictatore,
897 2813 934 2844 C.
956 2812 1108 2843 Octavius
1150 2813 1303 2849 adventu,
1317 2813 1374 2841 sub
1397 2813 1536 2845 adventu
1556 2821 1654 2851 quum
1676 2811 1741 2844 iam
1764 2812 1818 2843 ad-

444 2856 476 2881 et
494 2852 611 2885 Lucius
627 2855 789 2894 Spinther,
805 2855 880 2886 licet
896 2855 1046 2892 insontes,
1061 2855 1107 2885 in·
1152 2855 1250 2892 venit,
1266 2859 1338 2894 post
1353 2855 1548 2892 adventum,
1541 2867 1548 2875 ·
1570 2855 1626 2886 sed
1641 2863 1756 2886 vanam
1771 2864 1817 2885 es

445 2894 706 2927 terfecisseillurn
726 2897 822 2928 rideri
841 2899 998 2928 volebant.
1020 2898 1107 2928 Plut.
1152 2908 1184 2928 se
1218 2898 1300 2928 hauc
1330 2897 1566 2929 distinctionem
1596 2900 1681 2928 reete
1709 2895 1818 2927 docuit

445 2936 536 2966 Caes.
553 2936 603 2975 67.
634 2939 673 2968 cf.
691 2939 786 2969 Dion.
806 2940 907 2972 Exc.
908 2950 952 2970 22.
976 2940 1003 2970 οἱ
1021 2939 1108 2970 εὐπα-
1153 2941 1301 2971 celeberr.
1327 2940 1503 2972 Burmann.
1526 2940 1567 2971 ad
1585 2939 1671 2970 Vell.
1692 2939 1817 2970 Patere.

444 2977 689 3019 rpt'bat,—Ad9pa
710 2979 743 3010 δὲ
767 2981 898 3020 συχνοὺς
921 2984 982 3013 τῶν
1004 2984 1108 3021 θρασυ-
1155 2982 1184 3013 11.
1204 2993 1251 3021 ...4
1279 2982 1391 3013 DRAK.
