1934 3211
343 447 422 511 T.
483 448 760 514 LlVII
823 448 1342 515 PATAVINI

582 644 923 699 LIBER
1003 644 1103 700 IV.

716 819 967 844 -—⁴-„

273 996 347 1040 OS
362 997 492 1040 secuti
517 996 579 1039 M.
602 996 821 1039 Genucius
842 1006 886 1039 et
909 996 959 1039 C.
982 996 1157 1040 Curtius
1178 997 1380 1041 consules.
1443 997 1541 1042 Fuit
1554 1008 1598 1042 U.
1615 1009 1653 1042 c.
1671 1019 1741 1051 310.

289 1071 423 1097 annus
442 1056 557 1098 domi
570 1055 752 1112 forisque
774 1055 958 1097 infestus.
1021 1055 1135 1098 Nam
1156 1057 1255 1098 anni
1276 1057 1481 1114 principio
1498 1066 1539 1099 et
1553 1053 1593 1127 ἢ·
1614 1053 1655 1127 g·
1672 1063 1745 1093 44²·

125 1130 137 1152 1
152 1113 206 1156 de
227 1113 438 1156 connubio
459 1113 632 1155 Patrum
649 1122 692 1155 et
712 1113 846 1171 plebis
870 1113 920 1155 C.
943 1113 1174 1156 Canuleius
1196 1115 1386 1156 tribunus
1406 1115 1540 1172 plebis
1553 1120 1614 1177 eid,
1630 1106 1754 1171 galur-

151 1171 412 1228 rogationem
427 1171 724 1229 promulgavit3
757 1186 842 1228 qua
862 1171 1136 1213 contaminari
1156 1172 1401 1229 sanguinem
1418 1188 1539 1215 suurn
1553 1182 1599 1213 tio
1614 1182 1704 1214 Coss.

121 1241 139 1263 ἰ
152 1227 313 1279 Patres,
344 1229 631 1286 confundique
669 1229 761 1271 iura
794 1229 985 1286 gentium
1020 1230 1242 1272 rebantur:
1286 1239 1329 1272 et
1365 1232 1538 1282 mentio,
1554 1225 1756 1299 Legidelfflu-

182 1286 288 1328 rimo
309 1287 462 1328 sensim
491 1286 605 1328 illata
626 1301 651 1328 a
678 1287 867 1337 tribunis,
890 1296 937 1328 ut
957 1286 1134 1329 alterum
1160 1302 1213 1329 ex
1241 1287 1363 1345 plebe
1392 1303 1541 1331 consu-
1552 1278 1687 1341 {ffimoet

152 1300 238 1386 lem
258 1343 405 1386 liceret
425 1344 528 1394 fieri,
551 1359 602 1386 eo
623 1345 825 1402 processit
845 1344 1012 1394 deinde,
1034 1353 1082 1386 ut
1109 1345 1367 1402 rogationem
1388 1360 1539 1388 novem
1554 1353 1667 1393 plebis.

154 1401 314 1444 tribuni
343 1401 671 1502 promulssarcnt,
705 1401 795 1443 ‘Ut
824 1401 981 1459 populo
1011 1410 1193 1458 potestas
1225 1412 1346 1453 esset,
1377 1418 1450 1445 seu
1487 1403 1539 1446 de
1553 1396 1756 1470 ssgfflffimu’

155 1458 316 1516 ‘plebe,
338 1474 412 1502 seu
433 1460 486 1501 de
546 1460 703 1501 atribus
724 1459 862 1510 vellet,
886 1459 1076 1501 consules
1103 1459 1311 1502 faciendi.'
1370 1459 1422 1502 Id
1442 1476 1540 1503 vero
1554 1491 1627 1512 cum
1644 1482 1738 1522 plebe

153 1517 188 1558 si
209 1517 342 1568 fieret,
364 1532 450 1559 non
469 1517 631 1574 vulgari
651 1516 778 1559 modo
799 1532 895 1558 cum
917 1517 1085 1567 infimis,
1107 1517 1182 1559 sed
1201 1533 1367 1575 prorsus
1388 1519 1540 1561 auferri
1554 1525 1734 1556 consulatu-

155 1589 180 1616 a
213 1575 463 1632 primoribus
498 1575 551 1617 ad
585 1574 765 1632 plebem,
799 1589 1007 1616 summum
1045 1575 1268 1632 imperium
1301 1576 1538 1619 credebant.

155 1631 278 1674 Laeti
294 1647 392 1689 ergo
408 1632 577 1674 audiere
600 1632 758 1684 Patres,
775 1632 1026 1674 Ardeatium
1042 1633 1250 1691 populum
1270 1634 1324 1676 ob
1345 1634 1541 1677 iniuriam

153 1690 242 1748 agri
273 1689 499 1732 abiudicati
526 1690 718 1741 descisse,
747 1699 792 1732 et
822 1690 1027 1733 Veientes
1051 1691 1326 1749 depopulatos
1353 1701 1542 1735 extrema

123 1747 242 1805 aagri
264 1747 458 1799 Romani,
481 1756 525 1790 et
544 1747 719 1791 Volscos
741 1749 808 1790 Ae
843 1763 1000 1805 uosque
1030 1750 1083 1791 ob
1104 1750 1404 1792 communitam
1432 1751 1541 1794 Ver-

153 1805 346 1863 ruginem
380 1805 581 1848 fremere:
625 1806 730 1848 adeo
765 1820 815 1848 ve
865 1806 1012 1848 infelix
1047 1806 1205 1849 bellum
1238 1807 1539 1865 ignominiosae

153 1863 247 1929 paci
268 1863 567 1920 praeferebant.
632 1863 712 1906 His
740 1864 883 1921 itaque
905 1865 949 1906 in
971 1865 1103 1906 maius
1123 1866 1251 1907 etiam
1278 1866 1471 1923 acceptis,
1493 1876 1541 1908 ut

155 1929 263 1963 mter
282 1930 364 1963 stre
397 1922 501 1964 itum
525 1931 586 1964 tot
606 1922 811 1963 bellorum
839 1923 1169 1965 conticescerent
1197 1924 1380 1966 actiones
1408 1924 1540 1967 tribu-

154 1978 301 2030 niciae,
323 1936 512 2021 deiectus
531 1980 689 2029 haberi,
711 1980 868 2021 bellum
890 1995 1087 2037 armaque
1108 1981 1149 2022 vi
1169 1996 1332 2023 summa
1351 1983 1540 2038 apparari

153 2036 324 2085 iubent;
356 2037 390 2077 si
416 2051 501 2093 quo
529 2037 730 2079 intentius
750 2038 890 2093 possit,
913 2052 1040 2093 quam
1062 2037 1113 2079 T.
1141 2037 1345 2087 Quinctio
1369 2040 1538 2082 consule

124 2103 400 2150 4apparatum
420 2094 484 2135 sit.
547 2094 660 2135 Tum
691 2093 742 2134 C.
769 2093 1000 2135 Canuleius
1029 2109 1162 2150 pauca
1189 2095 1232 2136 in
1253 2104 1401 2138 senatu
1430 2097 1541 2138 voci-

203 2238 214 2259 1
243 2230 294 2260 De
317 2229 490 2268 connubio]
519 2229 559 2260 cf.
585 2229 678 2270 Supr.
706 2229 749 2260 iii.
779 2239 827 2270 37.

159 2271 342 2302 Decemviri
366 2272 491 2303 duabus
516 2272 684 2312 postremis
710 2273 828 2303 tabulis

156 2313 354 2345 inseruerant
381 2315 495 2354 legem,
518 2326 558 2345 ne
590 2315 730 2355 patriciis
754 2325 826 2346 cum

156 2357 292 2397 plebeiis
308 2357 395 2388 licita
411 2362 515 2388 essent
531 2358 700 2389 connubia.
720 2358 826 2389 Cui-w.

201 2409 218 2430 ἰ
243 2401 325 2430 Iura
345 2401 507 2440 gentium]
541 2402 627 2432 (lem
643 2405 689 2432 eet
706 2400 766 2431 hoc
784 2401 826 2431 lo-

155 2452 206 2479 co..
221 2452 304 2482 quae
327 2453 345 2474 e
368 2443 478 2474 multis
492 2445 635 2482 familiis
650 2444 827 2475 conficitur.

156 2486 243 2516 Gens
267 2485 353 2516 enim
380 2486 607 2526 complectitur
630 2497 684 2517 eos
706 2497 828 2523 omnes,

156 2527 211 2568 qui
227 2528 339 2558 eodem
356 2533 430 2559 sunt
452 2534 485 2559 et
506 2529 634 2560 nomine
658 2533 690 2559 et
713 2540 825 2569 cogno—

157 2570 254 2601 mine.
293 2571 362 2601 lam
378 2581 450 2602 vero
466 2571 487 2602 ii
503 2571 561 2602 soli
575 2577 699 2611 yeneem
712 2573 827 2604 habere

156 2612 357 2649 dicebantur,
380 2613 434 2653 qui
464 2615 505 2644 ab
532 2614 676 2653 ingenuis
701 2615 826 2645 oriundi

157 2659 274 2692 essent,
289 2665 424 2695 quorum
447 2657 601 2687 maiorum
622 2667 717 2687 nemo
733 2657 826 2688 servi-

157 2702 259 2728 tutem
285 2698 475 2734 servivisset,
490 2699 543 2738 qui
566 2699 671 2739 capite
694 2710 756 2729 non
781 2711 826 2730 es-

157 2744 228 2771 sent
251 2740 430 2771 deminuti:
467 2743 506 2772 cf.
534 2742 602 2772 Cic.
628 2742 659 2772 in
685 2741 828 2782 Topicis,

159 2793 209 2824 29.
268 2784 350 2814 Inde
381 2783 503 2823 patricii
531 2785 615 2814 nolon
644 2795 677 2815 se
703 2790 827 2823 flentem

157 2827 274 2858 habere
296 2826 524 2867 gloriabantur,
548 2826 617 2857 infr.
640 2837 668 2857 x.
691 2828 720 2858 8.
742 2829 826 2867 qnod

157 2869 240 2899 talen
262 2880 282 2899 n
308 2870 448 2900 Romulo
467 2870 561 2900 electi
585 2875 701 2905 emt-nt,
716 2871 828 2909 quales

158 2912 255 2942 modo
267 2922 306 2942 ex
318 2912 474 2944 Cicerone
485 2912 719 2952 descript-imur«.
756 2914 828 2943 Pro-

160 2958 269 2993 pterea
286 2956 361 2985 iura
377 2957 521 2994 pentima
536 2957 690 2994 confundi
706 2966 743 2985 m·
761 2966 828 2995 pcr-

217 3009 313 3037 VOL.
340 3011 364 3038 Ι.

872 2229 989 2260 turbari
1007 2230 1162 2261 rebantur
1181 2230 1320 2262 admisto
1341 2231 1538 2272 plebeiorum

871 2272 1036 2313 sanguine,
1054 2283 1134 2313 quos
1159 2274 1319 2313 negabant
1337 2279 1463 2313 yentem
1485 2276 1540 2306 Ιια-

872 2316 952 2347 here.
978 2316 1084 2347 szv.

915 2368 932 2397 3
964 2359 1187 2398 l‘crrnyinem]
1215 2359 1380 2399 Oppidum
1405 2359 1437 2390 in
1463 2361 1540 2392 Vol-

870 2411 994 2432 scorum
1028 2403 1276 2442 Aequorumque
1307 2402 1464 2434 confinio:
1500 2405 1541 2435 de

871 2454 935 2483 quo
971 2445 1062 2474 nullu
1096 2445 1251 2475 hactenus
1282 2455 1302 2475 a
1334 2445 1425 2476 Livio
1454 2447 1541 2478 facta

872 2487 992 2518 mentio
1008 2492 1064 2518 est.
1090 2488 1196 2519 (ἷκεν.

914 2542 933 2568 4
958 2532 1070 2561 Pauca
1094 2532 1129 2560 in
1151 2531 1282 2569 eermtu]
1328 2531 1416 2562 Hinc
1439 2531 1540 2572 liquet

871 2572 1005 2604 tribunis
1023 2573 1257 2612 plebisaditum
1275 2573 1305 2604 in
1321 2579 1467 2606 senatum
1487 2586 1539 2616 pe-

871 2620 950 2652 tere,
971 2616 1055 2646 haud
1080 2615 1144 2646 scio
1167 2626 1207 2646 an
1233 2616 1301 2655 lege
1320 2617 1461 2655 Valeria,
1476 2629 1540 2658 qua

871 2663 1001 2689 cnutum
1019 2663 1066 2688 eet
1088 2663 1122 2688 ut
1143 2661 1420 2691 senatusconsulta
1440 2660 1471 2692 in
1487 2672 1538 2692 ae-

871 2701 944 2731 dem
962 2700 1086 2732 Cererio
1108 2701 1147 2731 nd
1171 2701 1291 2732 aedile-
1315 2702 1418 2743 plebis
1438 2703 1538 2735 defer·

873 2748 991 2778 rentur,
1007 2754 1092 2783 supr.
1103 2743 1145 2774 iii.
1160 2753 1209 2784 55.
1254 2743 1406 2776 Tribunis
1419 2747 1538 2778 nub-el-

874 2785 916 2816 lia
931 2791 1007 2817 ante
1026 2787 1133 2816 valvus
1148 2787 1256 2818 euriae
1273 2788 1376 2828 posim
1390 2794 1474 2821 eunt.
1498 2791 1537 2821 es.

874 2828 947 2859 val.
966 2829 1055 2860 Max.
1072 2829 1103 2860 ii.
1118 2839 1145 2861 τ.
1162 2838 1188 2869 7.
1205 2833 1226 2846 ⁸·
1240 2831 1325 2862 unde
1339 2832 1469 2863 decreta
1485 2843 1537 2873 pn.-

871 2875 954 2902 trum
971 2872 1182 2902 attentissima
1202 2883 1277 2904 curn
1299 2875 1538 2909 examinabant.

874 2919 920 2949 ut,
941 2914 966 2945 ni
990 2925 1052 2954 qun
1075 2925 1114 2946 cx
1137 2916 1183 2946 ein
1205 2916 1448 2957 improbantem,
1471 2917 1541 2951 mta'

874 2967 940 2987 me
958 2967 1020 2988 non
1036 2958 1209 2990 nincrent.”

1282 3018 1312 3049 Q
