<?xml version="1.0" encoding="UTF-8"?>
<!DOCTYPE html PUBLIC "-//W3C//DTD XHTML 1.0 Transitional//EN"
    "http://www.w3.org/TR/xhtml1/DTD/xhtml1-transitional.dtd">
<html xmlns="http://www.w3.org/1999/xhtml" xml:lang="en" lang="en">
 <head>
  <title>
</title>
<meta http-equiv="Content-Type" content="text/html;charset=utf-8" />
  <meta name='ocr-system' content='tesseract 3.04.00' />
  <meta name='ocr-capabilities' content='ocr_page ocr_carea ocr_par ocr_line ocrx_word'/>
</head>
<body>
  <div class='ocr_page' id='page_1' title='image "./historiarumli01livyuoft_0383.png"; bbox 0 0 1934 3211; ppageno 0'>
   <div class='ocr_carea' id='block_1_1' title="bbox 556 171 1528 216">
    <p class='ocr_par' dir='ltr' id='par_1_1' title="bbox 556 171 1528 216">
     <span class='ocr_line' id='line_1_1' title="bbox 556 171 1528 216; baseline -0.004 0"><span class='ocrx_word' id='word_1_1' title='bbox 556 173 684 216; x_wconf 90' lang='lat' dir='ltr'><strong>LIB.</strong></span> <span class='ocrx_word' id='word_1_2' title='bbox 717 171 795 213; x_wconf 92' lang='lat' dir='ltr'>VI.</span> <span class='ocrx_word' id='word_1_3' title='bbox 845 171 990 213; x_wconf 82' lang='lat' dir='ltr'><strong>CAP.</strong></span> <span class='ocrx_word' id='word_1_4' title='bbox 1029 175 1093 213; x_wconf 88' lang='lat'>19.</span> <span class='ocrx_word' id='word_1_5' title='bbox 1445 173 1528 212; x_wconf 88' lang='lat'>369</span> 
     </span>
    </p>
   </div>
   <div class='ocr_carea' id='block_1_2' title="bbox 129 260 1736 1124">
    <p class='ocr_par' dir='ltr' id='par_1_2' title="bbox 129 260 1736 606">
     <span class='ocr_line' id='line_1_2' title="bbox 131 260 1733 322; baseline -0.004 -14"><span class='ocrx_word' id='word_1_6' title='bbox 131 270 144 290; x_wconf 92' lang='lat'>‘</span> <span class='ocrx_word' id='word_1_7' title='bbox 160 265 304 322; x_wconf 84' lang='lat' dir='ltr'>magis,</span> <span class='ocrx_word' id='word_1_8' title='bbox 346 277 473 320; x_wconf 91' lang='lat' dir='ltr'>quam</span> <span class='ocrx_word' id='word_1_9' title='bbox 514 262 637 311; x_wconf 92' lang='lat' dir='ltr'>tueri,</span> <span class='ocrx_word' id='word_1_10' title='bbox 679 261 929 302; x_wconf 86' lang='lat' dir='ltr'>libertatem.</span> <span class='ocrx_word' id='word_1_11' title='bbox 1008 260 1174 301; x_wconf 85' lang='lat' dir='ltr'>Tamen</span> <span class='ocrx_word' id='word_1_12' title='bbox 1215 260 1528 316; x_wconf 88' lang='lat' dir='ltr'>qualescunque</span> <span class='ocrx_word' id='word_1_13' title='bbox 1544 271 1588 303; x_wconf 86' lang='lat' dir='ltr'>U.</span> <span class='ocrx_word' id='word_1_14' title='bbox 1605 271 1643 303; x_wconf 87' lang='lat' dir='ltr'>C.</span> <span class='ocrx_word' id='word_1_15' title='bbox 1662 278 1733 310; x_wconf 84' lang='lat'>37¹-</span> 
     </span>
     <span class='ocr_line' id='line_1_3' title="bbox 131 314 1736 375; baseline -0.005 -11"><span class='ocrx_word' id='word_1_16' title='bbox 131 322 283 364; x_wconf 88' lang='lat' dir='ltr'>‘duces</span> <span class='ocrx_word' id='word_1_17' title='bbox 317 319 532 369; x_wconf 87' lang='lat' dir='ltr'>habuistis,</span> <span class='ocrx_word' id='word_1_18' title='bbox 565 318 880 375; x_wconf 89' lang='lat' dir='ltr'>qualescunque</span> <span class='ocrx_word' id='word_1_19' title='bbox 912 317 991 374; x_wconf 91' lang='lat' dir='ltr'>ipsi</span> <span class='ocrx_word' id='word_1_20' title='bbox 1021 317 1169 366; x_wconf 88' lang='lat' dir='ltr'>fuistis,</span> <span class='ocrx_word' id='word_1_21' title='bbox 1202 317 1344 358; x_wconf 86' lang='lat' dir='ltr'>omnia</span> <span class='ocrx_word' id='word_1_22' title='bbox 1376 317 1527 367; x_wconf 89' lang='lat' dir='ltr'>adhuc,</span> <span class='ocrx_word' id='word_1_23' title='bbox 1544 316 1582 346; x_wconf 83' lang='lat' dir='ltr'>A.</span> <span class='ocrx_word' id='word_1_24' title='bbox 1607 314 1736 353; x_wconf 85' lang='lat' dir='ltr'>C.381.</span> 
     </span>
     <span class='ocr_line' id='line_1_4' title="bbox 130 372 1527 433; baseline -0.004 -13"><span class='ocrx_word' id='word_1_25' title='bbox 130 384 143 403; x_wconf 92' lang='lat'>‘</span> <span class='ocrx_word' id='word_1_26' title='bbox 188 387 484 433; x_wconf 85' lang='lat' dir='ltr'>uantacunque</span> <span class='ocrx_word' id='word_1_27' title='bbox 499 376 674 433; x_wconf 93' lang='lat' dir='ltr'>petistis,</span> <span class='ocrx_word' id='word_1_28' title='bbox 693 375 932 417; x_wconf 85' lang='lat' dir='ltr'><strong>obtinuistis</strong></span> <span class='ocrx_word' id='word_1_29' title='bbox 948 390 1022 416; x_wconf 89' lang='lat' dir='ltr'>seu</span> <span class='ocrx_word' id='word_1_30' title='bbox 1039 375 1092 424; x_wconf 89' lang='lat' dir='ltr'>vi,</span> <span class='ocrx_word' id='word_1_31' title='bbox 1110 372 1183 416; x_wconf 86' lang='lat' dir='ltr'>seu</span> <span class='ocrx_word' id='word_1_32' title='bbox 1197 374 1365 415; x_wconf 88' lang='lat' dir='ltr'>fortuna</span> <span class='ocrx_word' id='word_1_33' title='bbox 1380 383 1527 415; x_wconf 79' lang='lat' dir='ltr'>vestra.</span> 
     </span>
     <span class='ocr_line' id='line_1_5' title="bbox 130 394 1530 491; baseline -0.004 -14"><span class='ocrx_word' id='word_1_34' title='bbox 130 394 345 491; x_wconf 54' lang='lat' dir='ltr'>‘q&#39;empus</span> <span class='ocrx_word' id='word_1_35' title='bbox 370 444 444 483; x_wconf 92' lang='lat' dir='ltr'>est,</span> <span class='ocrx_word' id='word_1_36' title='bbox 471 434 599 475; x_wconf 88' lang='lat' dir='ltr'>etiam</span> <span class='ocrx_word' id='word_1_37' title='bbox 631 433 788 475; x_wconf 88' lang='lat' dir='ltr'>maiora</span> <span class='ocrx_word' id='word_1_38' title='bbox 817 432 971 474; x_wconf 84' lang='lat' dir='ltr'>conari.</span> <span class='ocrx_word' id='word_1_39' title='bbox 1036 431 1303 488; x_wconf 85' lang='lat' dir='ltr'>Experimini</span> <span class='ocrx_word' id='word_1_40' title='bbox 1330 431 1456 472; x_wconf 92' lang='lat' dir='ltr'>modo</span> <span class='ocrx_word' id='word_1_41' title='bbox 1488 441 1530 472; x_wconf 93' lang='lat' dir='ltr'>et</span> 
     </span>
     <span class='ocr_line' id='line_1_6' title="bbox 129 488 1527 546; baseline -0.004 -12"><span class='ocrx_word' id='word_1_42' title='bbox 129 497 333 534; x_wconf 87' lang='lat' dir='ltr'>‘vestram</span> <span class='ocrx_word' id='word_1_43' title='bbox 362 491 617 541; x_wconf 82' lang='lat' dir='ltr'>felicitatem,</span> <span class='ocrx_word' id='word_1_44' title='bbox 648 499 691 532; x_wconf 89' lang='lat' dir='ltr'>et</span> <span class='ocrx_word' id='word_1_45' title='bbox 718 505 799 540; x_wconf 89' lang='lat' dir='ltr'>me,</span> <span class='ocrx_word' id='word_1_46' title='bbox 831 499 879 531; x_wconf 92' lang='lat' dir='ltr'>ut</span> <span class='ocrx_word' id='word_1_47' title='bbox 909 505 1044 546; x_wconf 89' lang='lat' dir='ltr'>spero,</span> <span class='ocrx_word' id='word_1_48' title='bbox 1075 488 1256 530; x_wconf 83' lang='lat' dir='ltr'>feliciter</span> <span class='ocrx_word' id='word_1_49' title='bbox 1279 497 1527 545; x_wconf 86' lang='lat' dir='ltr'>expertum:</span> 
     </span>
     <span class='ocr_line' id='line_1_7' title="bbox 129 546 1529 606; baseline -0.004 -15"><span class='ocrx_word' id='word_1_50' title='bbox 129 549 315 591; x_wconf 85' lang='lat' dir='ltr'>‘minore</span> <span class='ocrx_word' id='word_1_51' title='bbox 346 549 532 606; x_wconf 87' lang='lat' dir='ltr'>negotio,</span> <span class='ocrx_word' id='word_1_52' title='bbox 565 548 639 605; x_wconf 91' lang='lat' dir='ltr'>qui</span> <span class='ocrx_word' id='word_1_53' title='bbox 666 549 846 605; x_wconf 91' lang='lat' dir='ltr'>imperet</span> <span class='ocrx_word' id='word_1_54' title='bbox 876 547 1085 597; x_wconf 90' lang='lat' dir='ltr'>Patribus,</span> <span class='ocrx_word' id='word_1_55' title='bbox 1116 546 1356 602; x_wconf 89' lang='lat' dir='ltr'>imponetis,</span> <span class='ocrx_word' id='word_1_56' title='bbox 1389 561 1529 602; x_wconf 90' lang='lat' dir='ltr'>quam,</span> 
     </span>
    </p>

    <p class='ocr_par' dir='ltr' id='par_1_3' title="bbox 130 603 1530 664">
     <span class='ocr_line' id='line_1_8' title="bbox 130 603 1530 664; baseline -0.004 -15"><span class='ocrx_word' id='word_1_57' title='bbox 130 612 142 631; x_wconf 92' lang='lat'>‘</span> <span class='ocrx_word' id='word_1_58' title='bbox 157 607 231 664; x_wconf 93' lang='lat' dir='ltr'>qui</span> <span class='ocrx_word' id='word_1_59' title='bbox 252 607 491 649; x_wconf 86' lang='lat' dir='ltr'>resisterent</span> <span class='ocrx_word' id='word_1_60' title='bbox 512 606 828 663; x_wconf 84' lang='lat' dir='ltr'>imperantibus,</span> <span class='ocrx_word' id='word_1_61' title='bbox 844 604 1108 662; x_wconf 80' lang='lat' dir='ltr'>imposuistis.</span> <span class='ocrx_word' id='word_1_62' title='bbox 1165 603 1264 646; x_wconf 88' lang='lat' dir='ltr'>Solo</span> <span class='ocrx_word' id='word_1_63' title='bbox 1285 603 1530 659; x_wconf 84' lang='lat' dir='ltr'>aequandae</span> 
     </span>
    </p>

    <p class='ocr_par' dir='ltr' id='par_1_4' title="bbox 130 661 1533 719">
     <span class='ocr_line' id='line_1_9' title="bbox 130 661 1533 719; baseline -0.003 -13"><span class='ocrx_word' id='word_1_64' title='bbox 130 669 254 706; x_wconf 89' lang='lat' dir='ltr'>‘sunt</span> <span class='ocrx_word' id='word_1_65' title='bbox 280 663 512 706; x_wconf 85' lang='lat' dir='ltr'>dictaturae</span> <span class='ocrx_word' id='word_1_66' title='bbox 539 664 877 719; x_wconf 86' lang='lat' dir='ltr'>consulatusque,</span> <span class='ocrx_word' id='word_1_67' title='bbox 901 671 949 704; x_wconf 86' lang='lat' dir='ltr'>ut</span> <span class='ocrx_word' id='word_1_68' title='bbox 969 671 1096 719; x_wconf 89' lang='lat' dir='ltr'>caput</span> <span class='ocrx_word' id='word_1_69' title='bbox 1117 661 1306 703; x_wconf 90' lang='lat' dir='ltr'>attollere</span> <span class='ocrx_word' id='word_1_70' title='bbox 1336 661 1533 703; x_wconf 83' lang='lat' dir='ltr'>Romana</span> 
     </span>
    </p>

    <p class='ocr_par' dir='ltr' id='par_1_5' title="bbox 131 718 1532 779">
     <span class='ocr_line' id='line_1_10' title="bbox 131 718 1532 779; baseline -0.004 -15"><span class='ocrx_word' id='word_1_71' title='bbox 131 722 301 779; x_wconf 89' lang='lat' dir='ltr'>‘plebes</span> <span class='ocrx_word' id='word_1_72' title='bbox 360 722 469 763; x_wconf 89' lang='lat' dir='ltr'>ossit.</span> <span class='ocrx_word' id='word_1_73' title='bbox 533 721 718 763; x_wconf 83' lang='lat' dir='ltr'>Proinde</span> <span class='ocrx_word' id='word_1_74' title='bbox 747 721 902 770; x_wconf 85' lang='lat' dir='ltr'>adeste,</span> <span class='ocrx_word' id='word_1_75' title='bbox 925 720 1144 777; x_wconf 88' lang='lat' dir='ltr'>prohibete</span> <span class='ocrx_word' id='word_1_76' title='bbox 1166 719 1231 760; x_wconf 89' lang='lat' dir='ltr'>ius</span> <span class='ocrx_word' id='word_1_77' title='bbox 1259 719 1312 760; x_wconf 90' lang='lat' dir='ltr'>de</span> <span class='ocrx_word' id='word_1_78' title='bbox 1341 718 1532 776; x_wconf 88' lang='lat' dir='ltr'>pecuniis</span> 
     </span>
    </p>

    <p class='ocr_par' dir='ltr' id='par_1_6' title="bbox 131 737 1534 836">
     <span class='ocr_line' id='line_1_11' title="bbox 131 737 1534 836; baseline -0.004 -14"><span class='ocrx_word' id='word_1_79' title='bbox 131 785 143 804; x_wconf 90' lang='lat'>‘</span> <span class='ocrx_word' id='word_1_80' title='bbox 158 779 255 822; x_wconf 87' lang='lat' dir='ltr'>dici.</span> <span class='ocrx_word' id='word_1_81' title='bbox 320 737 412 836; x_wconf 57' lang='lat' dir='ltr'>Ego</span> <span class='ocrx_word' id='word_1_82' title='bbox 434 795 500 821; x_wconf 91' lang='lat' dir='ltr'>me</span> <span class='ocrx_word' id='word_1_83' title='bbox 522 788 746 836; x_wconf 88' lang='lat' dir='ltr'>patronum</span> <span class='ocrx_word' id='word_1_84' title='bbox 767 778 968 835; x_wconf 84' lang='lat' dir='ltr'>profiteor</span> <span class='ocrx_word' id='word_1_85' title='bbox 994 777 1140 834; x_wconf 90' lang='lat' dir='ltr'>plebis,</span> <span class='ocrx_word' id='word_1_86' title='bbox 1165 777 1281 833; x_wconf 90' lang='lat' dir='ltr'>quod</span> <span class='ocrx_word' id='word_1_87' title='bbox 1308 776 1413 818; x_wconf 88' lang='lat' dir='ltr'>mihi</span> <span class='ocrx_word' id='word_1_88' title='bbox 1434 791 1534 818; x_wconf 86' lang='lat' dir='ltr'>cura</span> 
     </span>
    </p>

    <p class='ocr_par' dir='ltr' id='par_1_7' title="bbox 131 833 1534 891">
     <span class='ocr_line' id='line_1_12' title="bbox 131 833 1534 891; baseline -0.004 -12"><span class='ocrx_word' id='word_1_89' title='bbox 131 843 252 879; x_wconf 87' lang='lat' dir='ltr'>‘mea</span> <span class='ocrx_word' id='word_1_90' title='bbox 271 846 314 879; x_wconf 93' lang='lat' dir='ltr'>et</span> <span class='ocrx_word' id='word_1_91' title='bbox 334 837 439 879; x_wconf 84' lang='lat' dir='ltr'>fides</span> <span class='ocrx_word' id='word_1_92' title='bbox 460 852 617 878; x_wconf 89' lang='lat' dir='ltr'>nomen</span> <span class='ocrx_word' id='word_1_93' title='bbox 639 836 789 877; x_wconf 82' lang='lat' dir='ltr'>induit.</span> <span class='ocrx_word' id='word_1_94' title='bbox 854 835 942 876; x_wconf 75' lang='lat' dir='ltr'>Vos</span> <span class='ocrx_word' id='word_1_95' title='bbox 963 835 996 876; x_wconf 91' lang='lat' dir='ltr'>si</span> <span class='ocrx_word' id='word_1_96' title='bbox 1019 851 1103 891; x_wconf 90' lang='lat' dir='ltr'>quo</span> <span class='ocrx_word' id='word_1_97' title='bbox 1125 835 1277 890; x_wconf 82' lang='lat' dir='ltr'>insigni</span> <span class='ocrx_word' id='word_1_98' title='bbox 1301 834 1433 890; x_wconf 83' lang='lat' dir='ltr'>magis</span> <span class='ocrx_word' id='word_1_99' title='bbox 1455 833 1534 874; x_wconf 91' lang='lat' dir='ltr'>im-</span> 
     </span>
    </p>

    <p class='ocr_par' dir='ltr' id='par_1_8' title="bbox 132 892 1534 952">
     <span class='ocr_line' id='line_1_13' title="bbox 132 892 1534 952; baseline -0.004 -15"><span class='ocrx_word' id='word_1_100' title='bbox 132 900 144 919; x_wconf 93' lang='lat'>‘</span> <span class='ocrx_word' id='word_1_101' title='bbox 159 895 266 952; x_wconf 90' lang='lat' dir='ltr'>perii</span> <span class='ocrx_word' id='word_1_102' title='bbox 282 895 504 937; x_wconf 84' lang='lat' dir='ltr'>honorisve</span> <span class='ocrx_word' id='word_1_103' title='bbox 522 894 693 936; x_wconf 89' lang='lat' dir='ltr'>nomine</span> <span class='ocrx_word' id='word_1_104' title='bbox 710 902 894 935; x_wconf 87' lang='lat' dir='ltr'>vestrum</span> <span class='ocrx_word' id='word_1_105' title='bbox 912 892 1175 949; x_wconf 84' lang='lat' dir='ltr'>appellabitis</span> <span class='ocrx_word' id='word_1_106' title='bbox 1191 892 1357 941; x_wconf 88' lang='lat' dir='ltr'>ducem,</span> <span class='ocrx_word' id='word_1_107' title='bbox 1373 907 1423 933; x_wconf 94' lang='lat' dir='ltr'>eo</span> <span class='ocrx_word' id='word_1_108' title='bbox 1441 900 1534 932; x_wconf 92' lang='lat' dir='ltr'>ute-</span> 
     </span>
    </p>

    <p class='ocr_par' dir='ltr' id='par_1_9' title="bbox 132 948 1533 1010">
     <span class='ocr_line' id='line_1_14' title="bbox 132 948 1533 1010; baseline -0.004 -16"><span class='ocrx_word' id='word_1_109' title='bbox 132 953 261 994; x_wconf 91' lang='lat' dir='ltr'>‘mini</span> <span class='ocrx_word' id='word_1_110' title='bbox 292 953 529 1010; x_wconf 86' lang='lat' dir='ltr'>potentiore</span> <span class='ocrx_word' id='word_1_111' title='bbox 561 952 615 993; x_wconf 89' lang='lat' dir='ltr'>ad</span> <span class='ocrx_word' id='word_1_112' title='bbox 646 951 877 1006; x_wconf 86' lang='lat' dir='ltr'>obtinenda</span> <span class='ocrx_word' id='word_1_113' title='bbox 901 965 962 1000; x_wconf 86' lang='lat' dir='ltr'>ea,</span> <span class='ocrx_word' id='word_1_114' title='bbox 991 966 1098 1006; x_wconf 89' lang='lat' dir='ltr'>quae</span> <span class='ocrx_word' id='word_1_115' title='bbox 1128 949 1280 991; x_wconf 85' lang='lat' dir='ltr'>vultis.’</span> <span class='ocrx_word' id='word_1_116' title='bbox 1341 949 1448 990; x_wconf 91' lang='lat' dir='ltr'>Inde</span> <span class='ocrx_word' id='word_1_117' title='bbox 1480 948 1533 990; x_wconf 89' lang='lat' dir='ltr'>de</span> 
     </span>
    </p>

    <p class='ocr_par' dir='ltr' id='par_1_10' title="bbox 131 1008 1534 1067">
     <span class='ocr_line' id='line_1_15' title="bbox 131 1008 1534 1067; baseline -0.004 -15"><span class='ocrx_word' id='word_1_118' title='bbox 131 1025 262 1067; x_wconf 85' lang='lat' dir='ltr'>regno</span> <span class='ocrx_word' id='word_1_119' title='bbox 279 1009 433 1067; x_wconf 85' lang='lat' dir='ltr'>agendi</span> <span class='ocrx_word' id='word_1_120' title='bbox 450 1020 588 1052; x_wconf 91' lang='lat' dir='ltr'>ortum</span> <span class='ocrx_word' id='word_1_121' title='bbox 603 1010 771 1051; x_wconf 91' lang='lat' dir='ltr'>initium</span> <span class='ocrx_word' id='word_1_122' title='bbox 785 1008 956 1050; x_wconf 89' lang='lat' dir='ltr'>dicitur:</span> <span class='ocrx_word' id='word_1_123' title='bbox 982 1008 1056 1050; x_wconf 89' lang='lat' dir='ltr'>sed</span> <span class='ocrx_word' id='word_1_124' title='bbox 1071 1023 1149 1050; x_wconf 91' lang='lat' dir='ltr'>nee</span> <span class='ocrx_word' id='word_1_125' title='bbox 1163 1023 1259 1049; x_wconf 90' lang='lat' dir='ltr'>cum</span> <span class='ocrx_word' id='word_1_126' title='bbox 1274 1008 1440 1064; x_wconf 89' lang='lat' dir='ltr'>quibus,</span> <span class='ocrx_word' id='word_1_127' title='bbox 1455 1021 1534 1047; x_wconf 86' lang='lat' dir='ltr'>nec</span> 
     </span>
    </p>

    <p class='ocr_par' dir='ltr' id='par_1_11' title="bbox 132 1065 1484 1124">
     <span class='ocr_line' id='line_1_16' title="bbox 132 1065 1484 1124; baseline -0.003 -15"><span class='ocrx_word' id='word_1_128' title='bbox 132 1083 261 1124; x_wconf 90' lang='lat' dir='ltr'>quem</span> <span class='ocrx_word' id='word_1_129' title='bbox 282 1068 336 1109; x_wconf 87' lang='lat' dir='ltr'>ad</span> <span class='ocrx_word' id='word_1_130' title='bbox 357 1068 487 1109; x_wconf 87' lang='lat' dir='ltr'>finem</span> <span class='ocrx_word' id='word_1_131' title='bbox 509 1067 683 1109; x_wconf 87' lang='lat' dir='ltr'>consilia</span> <span class='ocrx_word' id='word_1_132' title='bbox 703 1066 986 1124; x_wconf 75' lang='lat' dir='ltr'>pervenerint,</span> <span class='ocrx_word' id='word_1_133' title='bbox 1010 1075 1073 1107; x_wconf 89' lang='lat' dir='ltr'>sat</span> <span class='ocrx_word' id='word_1_134' title='bbox 1094 1065 1268 1122; x_wconf 87' lang='lat' dir='ltr'>planum</span> <span class='ocrx_word' id='word_1_135' title='bbox 1292 1065 1484 1106; x_wconf 82' lang='lat' dir='ltr'>traditur.</span> 
     </span>
    </p>
   </div>
   <div class='ocr_carea' id='block_1_3' title="bbox 99 1121 1745 1249">
    <p class='ocr_par' dir='ltr' id='par_1_12' title="bbox 99 1121 1745 1249">
     <span class='ocr_line' id='line_1_17' title="bbox 99 1121 1687 1182; baseline -0.004 -15"><span class='ocrx_word' id='word_1_136' title='bbox 99 1137 120 1170; x_wconf 91' lang='lat'><strong>9</strong></span> <span class='ocrx_word' id='word_1_137' title='bbox 192 1126 253 1167; x_wconf 81' lang='lat' dir='ltr'>At</span> <span class='ocrx_word' id='word_1_138' title='bbox 282 1126 327 1166; x_wconf 89' lang='lat' dir='ltr'>in</span> <span class='ocrx_word' id='word_1_139' title='bbox 357 1134 473 1182; x_wconf 86' lang='lat' dir='ltr'>parte</span> <span class='ocrx_word' id='word_1_140' title='bbox 496 1125 625 1166; x_wconf 90' lang='lat' dir='ltr'>altera</span> <span class='ocrx_word' id='word_1_141' title='bbox 645 1133 813 1166; x_wconf 86' lang='lat' dir='ltr'>senatus</span> <span class='ocrx_word' id='word_1_142' title='bbox 834 1124 886 1165; x_wconf 89' lang='lat' dir='ltr'>de</span> <span class='ocrx_word' id='word_1_143' title='bbox 909 1124 1141 1165; x_wconf 84' lang='lat' dir='ltr'>secessione</span> <span class='ocrx_word' id='word_1_144' title='bbox 1174 1124 1217 1164; x_wconf 91' lang='lat' dir='ltr'>in</span> <span class='ocrx_word' id='word_1_145' title='bbox 1247 1123 1419 1163; x_wconf 89' lang='lat' dir='ltr'>domum</span> <span class='ocrx_word' id='word_1_146' title='bbox 1452 1121 1536 1178; x_wconf 90' lang='lat' dir='ltr'>pri·</span> <span class='ocrx_word' id='word_1_147' title='bbox 1624 1121 1687 1159; x_wconf 87' lang='grc'>19.</span> 
     </span>
     <span class='ocr_line' id='line_1_18' title="bbox 132 1175 1745 1249; baseline -0.004 -25"><span class='ocrx_word' id='word_1_148' title='bbox 132 1192 269 1225; x_wconf 84' lang='lat' dir='ltr'>vatam</span> <span class='ocrx_word' id='word_1_149' title='bbox 302 1183 449 1240; x_wconf 78' lang='lat' dir='ltr'>plebis,</span> <span class='ocrx_word' id='word_1_150' title='bbox 483 1183 589 1224; x_wconf 87' lang='lat' dir='ltr'>sorte</span> <span class='ocrx_word' id='word_1_151' title='bbox 626 1183 753 1224; x_wconf 88' lang='lat' dir='ltr'>etiam</span> <span class='ocrx_word' id='word_1_152' title='bbox 787 1182 831 1222; x_wconf 89' lang='lat' dir='ltr'>in</span> <span class='ocrx_word' id='word_1_153' title='bbox 867 1196 960 1223; x_wconf 88' lang='lat' dir='ltr'>arce</span> <span class='ocrx_word' id='word_1_154' title='bbox 998 1181 1187 1237; x_wconf 87' lang='lat' dir='ltr'>positam,</span> <span class='ocrx_word' id='word_1_155' title='bbox 1223 1189 1265 1222; x_wconf 92' lang='lat' dir='ltr'>et</span> <span class='ocrx_word' id='word_1_156' title='bbox 1297 1179 1536 1221; x_wconf 89' lang='lat' dir='ltr'>imminenti</span> <span class='ocrx_word' id='word_1_157' title='bbox 1550 1175 1745 1249; x_wconf 48' lang='lat' dir='ltr'>{3322de</span> 
     </span>
    </p>
   </div>
   <div class='ocr_carea' id='block_1_4' title="bbox 105 1237 1678 2500">
    <p class='ocr_par' dir='ltr' id='par_1_13' title="bbox 105 1237 1678 1642">
     <span class='ocr_line' id='line_1_19' title="bbox 105 1237 1678 1296; baseline -0.003 -14"><span class='ocrx_word' id='word_1_158' title='bbox 105 1255 116 1276; x_wconf 83' lang='lat'>¹</span> <span class='ocrx_word' id='word_1_159' title='bbox 135 1241 242 1283; x_wconf 90' lang='lat' dir='ltr'>mole</span> <span class='ocrx_word' id='word_1_160' title='bbox 274 1240 469 1289; x_wconf 87' lang='lat' dir='ltr'>libertati,</span> <span class='ocrx_word' id='word_1_161' title='bbox 499 1240 639 1296; x_wconf 79' lang='lat' dir='ltr'>agitat.</span> <span class='ocrx_word' id='word_1_162' title='bbox 705 1239 863 1294; x_wconf 73' lang='lat' dir='ltr'>Magna</span> <span class='ocrx_word' id='word_1_163' title='bbox 890 1254 984 1295; x_wconf 86' lang='lat' dir='ltr'>pars</span> <span class='ocrx_word' id='word_1_164' title='bbox 1009 1239 1301 1287; x_wconf 80' lang='lat' dir='ltr'>vociferantur,</span> <span class='ocrx_word' id='word_1_165' title='bbox 1329 1243 1340 1261; x_wconf 79' lang='lat'>‘</span> <span class='ocrx_word' id='word_1_166' title='bbox 1360 1237 1536 1279; x_wconf 84' lang='lat' dir='ltr'>Servilio</span> <span class='ocrx_word' id='word_1_167' title='bbox 1551 1260 1678 1292; x_wconf 81' lang='lat' dir='ltr'>Manlio</span> 
     </span>
     <span class='ocr_line' id='line_1_20' title="bbox 135 1295 1659 1355; baseline -0.005 -15"><span class='ocrx_word' id='word_1_168' title='bbox 135 1304 147 1322; x_wconf 88' lang='lat'>‘</span> <span class='ocrx_word' id='word_1_169' title='bbox 164 1298 303 1340; x_wconf 88' lang='lat' dir='ltr'>Ahala</span> <span class='ocrx_word' id='word_1_170' title='bbox 323 1313 428 1355; x_wconf 89' lang='lat' dir='ltr'>opus</span> <span class='ocrx_word' id='word_1_171' title='bbox 449 1313 550 1347; x_wconf 87' lang='lat' dir='ltr'>esse,</span> <span class='ocrx_word' id='word_1_172' title='bbox 574 1298 647 1354; x_wconf 87' lang='lat' dir='ltr'>qui</span> <span class='ocrx_word' id='word_1_173' title='bbox 677 1313 762 1338; x_wconf 87' lang='lat' dir='ltr'>non</span> <span class='ocrx_word' id='word_1_174' title='bbox 791 1298 834 1337; x_wconf 89' lang='lat' dir='ltr'>in</span> <span class='ocrx_word' id='word_1_175' title='bbox 856 1296 1024 1337; x_wconf 87' lang='lat' dir='ltr'>vincula</span> <span class='ocrx_word' id='word_1_176' title='bbox 1054 1295 1152 1336; x_wconf 88' lang='lat' dir='ltr'>duci</span> <span class='ocrx_word' id='word_1_177' title='bbox 1184 1295 1370 1337; x_wconf 87' lang='lat' dir='ltr'>iubendo</span> <span class='ocrx_word' id='word_1_178' title='bbox 1402 1295 1537 1336; x_wconf 84' lang='lat' dir='ltr'>irritet</span> <span class='ocrx_word' id='word_1_179' title='bbox 1549 1303 1659 1343; x_wconf 76' lang='lat' dir='ltr'>agitat.</span> 
     </span>
     <span class='ocr_line' id='line_1_21' title="bbox 136 1352 1535 1413; baseline -0.004 -16"><span class='ocrx_word' id='word_1_180' title='bbox 136 1355 380 1413; x_wconf 83' lang='lat' dir='ltr'>‘publicum</span> <span class='ocrx_word' id='word_1_181' title='bbox 418 1356 594 1404; x_wconf 81' lang='lat' dir='ltr'>hostem,</span> <span class='ocrx_word' id='word_1_182' title='bbox 629 1355 703 1396; x_wconf 79' lang='lat' dir='ltr'>sed</span> <span class='ocrx_word' id='word_1_183' title='bbox 736 1355 859 1395; x_wconf 85' lang='lat' dir='ltr'>unius</span> <span class='ocrx_word' id='word_1_184' title='bbox 900 1354 1059 1395; x_wconf 88' lang='lat' dir='ltr'>iactura</span> <span class='ocrx_word' id='word_1_185' title='bbox 1088 1353 1188 1394; x_wconf 85' lang='lat' dir='ltr'>civis</span> <span class='ocrx_word' id='word_1_186' title='bbox 1219 1353 1339 1395; x_wconf 88' lang='lat' dir='ltr'>finiat</span> <span class='ocrx_word' id='word_1_187' title='bbox 1374 1352 1535 1393; x_wconf 86' lang='lat' dir='ltr'>intesti-</span> 
     </span>
     <span class='ocr_line' id='line_1_22' title="bbox 137 1409 1536 1459; baseline -0.004 -5"><span class='ocrx_word' id='word_1_188' title='bbox 137 1420 148 1437; x_wconf 81' lang='lat'><strong><em>⁶</em></strong></span> <span class='ocrx_word' id='word_1_189' title='bbox 166 1429 267 1454; x_wconf 89' lang='lat' dir='ltr'>num</span> <span class='ocrx_word' id='word_1_190' title='bbox 289 1413 473 1455; x_wconf 88' lang='lat' dir='ltr'>bellum.&#39;</span> <span class='ocrx_word' id='word_1_191' title='bbox 534 1412 785 1454; x_wconf 88' lang='lat' dir='ltr'>Decurritur</span> <span class='ocrx_word' id='word_1_192' title='bbox 813 1411 866 1452; x_wconf 89' lang='lat' dir='ltr'>ad</span> <span class='ocrx_word' id='word_1_193' title='bbox 888 1411 1090 1452; x_wconf 87' lang='lat' dir='ltr'>leniorem</span> <span class='ocrx_word' id='word_1_194' title='bbox 1112 1410 1248 1451; x_wconf 85' lang='lat' dir='ltr'>verbis</span> <span class='ocrx_word' id='word_1_195' title='bbox 1269 1409 1536 1459; x_wconf 79' lang='lat' dir='ltr'>sententiam,</span> 
     </span>
     <span class='ocr_line' id='line_1_23' title="bbox 136 1467 1538 1522; baseline -0.003 -10"><span class='ocrx_word' id='word_1_196' title='bbox 136 1471 221 1512; x_wconf 79' lang='lat' dir='ltr'>vim</span> <span class='ocrx_word' id='word_1_197' title='bbox 243 1480 382 1512; x_wconf 85' lang='lat' dir='ltr'>tamen</span> <span class='ocrx_word' id='word_1_198' title='bbox 406 1470 583 1512; x_wconf 84' lang='lat' dir='ltr'>eandem</span> <span class='ocrx_word' id='word_1_199' title='bbox 606 1470 846 1517; x_wconf 86' lang='lat' dir='ltr'>habentem,</span> <span class='ocrx_word' id='word_1_200' title='bbox 872 1474 882 1492; x_wconf 72' lang='lat'>‘</span> <span class='ocrx_word' id='word_1_201' title='bbox 901 1468 961 1509; x_wconf 79' lang='lat' dir='ltr'>Ut</span> <span class='ocrx_word' id='word_1_202' title='bbox 984 1468 1154 1509; x_wconf 81' lang='lat' dir='ltr'>videant</span> <span class='ocrx_word' id='word_1_203' title='bbox 1185 1467 1462 1522; x_wconf 72' lang='lat' dir='ltr'>magistratuS,</span> <span class='ocrx_word' id='word_1_204' title='bbox 1485 1482 1538 1508; x_wconf 83' lang='lat' dir='ltr'>ne</span> 
     </span>
     <span class='ocr_line' id='line_1_24' title="bbox 138 1524 1541 1586; baseline -0.005 -15"><span class='ocrx_word' id='word_1_205' title='bbox 138 1529 266 1586; x_wconf 90' lang='lat' dir='ltr'>‘quid</span> <span class='ocrx_word' id='word_1_206' title='bbox 297 1543 350 1570; x_wconf 84' lang='lat' dir='ltr'>ex</span> <span class='ocrx_word' id='word_1_207' title='bbox 382 1528 625 1585; x_wconf 77' lang='lat' dir='ltr'>perniciosis</span> <span class='ocrx_word' id='word_1_208' title='bbox 655 1526 838 1568; x_wconf 82' lang='lat' dir='ltr'>consiliis</span> <span class='ocrx_word' id='word_1_209' title='bbox 870 1525 932 1566; x_wconf 87' lang='grc' dir='ltr'>Μ.</span> <span class='ocrx_word' id='word_1_210' title='bbox 962 1525 1114 1566; x_wconf 85' lang='lat' dir='ltr'>Manlii</span> <span class='ocrx_word' id='word_1_211' title='bbox 1145 1524 1381 1581; x_wconf 85' lang='lat' dir='ltr'>respublica</span> <span class='ocrx_word' id='word_1_212' title='bbox 1411 1524 1541 1566; x_wconf 89' lang='lat' dir='ltr'>detri-</span> 
     </span>
     <span class='ocr_line' id='line_1_25' title="bbox 139 1582 1538 1642; baseline -0.004 -14"><span class='ocrx_word' id='word_1_213' title='bbox 139 1587 294 1628; x_wconf 86' lang='lat' dir='ltr'>‘menti</span> <span class='ocrx_word' id='word_1_214' title='bbox 324 1586 486 1642; x_wconf 87' lang='lat' dir='ltr'>capiat.’</span> <span class='ocrx_word' id='word_1_215' title='bbox 547 1585 660 1626; x_wconf 89' lang='lat' dir='ltr'>Tum</span> <span class='ocrx_word' id='word_1_216' title='bbox 693 1584 851 1625; x_wconf 84' lang='lat' dir='ltr'>tribuni</span> <span class='ocrx_word' id='word_1_217' title='bbox 882 1582 1089 1624; x_wconf 86' lang='lat' dir='ltr'>consulari</span> <span class='ocrx_word' id='word_1_218' title='bbox 1120 1591 1338 1638; x_wconf 85' lang='lat' dir='ltr'>potestate,</span> <span class='ocrx_word' id='word_1_219' title='bbox 1363 1582 1538 1623; x_wconf 86' lang='lat' dir='ltr'>tribuni-</span> 
     </span>
    </p>

    <p class='ocr_par' dir='ltr' id='par_1_14' title="bbox 106 1640 1540 1874">
     <span class='ocr_line' id='line_1_26' title="bbox 106 1640 1540 1710; baseline -0.004 -24"><span class='ocrx_word' id='word_1_220' title='bbox 106 1660 220 1710; x_wconf 80' lang='lat' dir='ltr'>2que</span> <span class='ocrx_word' id='word_1_221' title='bbox 252 1643 363 1700; x_wconf 86' lang='lat' dir='ltr'>plebi</span> <span class='ocrx_word' id='word_1_222' title='bbox 385 1643 503 1699; x_wconf 80' lang='lat' dir='ltr'>(nam</span> <span class='ocrx_word' id='word_1_223' title='bbox 530 1651 584 1692; x_wconf 89' lang='lat' dir='ltr'>et,</span> <span class='ocrx_word' id='word_1_224' title='bbox 608 1642 710 1698; x_wconf 86' lang='lat' dir='ltr'>quia</span> <span class='ocrx_word' id='word_1_225' title='bbox 741 1641 925 1682; x_wconf 87' lang='lat' dir='ltr'>eundem</span> <span class='ocrx_word' id='word_1_226' title='bbox 957 1650 999 1681; x_wconf 90' lang='lat' dir='ltr'>et</span> <span class='ocrx_word' id='word_1_227' title='bbox 1029 1656 1127 1681; x_wconf 90' lang='lat' dir='ltr'>suae</span> <span class='ocrx_word' id='word_1_228' title='bbox 1159 1640 1388 1696; x_wconf 85' lang='lat' dir='ltr'>potestatis,</span> <span class='ocrx_word' id='word_1_229' title='bbox 1412 1655 1540 1696; x_wconf 87' lang='lat' dir='ltr'>quem</span> 
     </span>
     <span class='ocr_line' id='line_1_27' title="bbox 136 1697 1539 1750; baseline -0.004 -7"><span class='ocrx_word' id='word_1_230' title='bbox 136 1702 340 1744; x_wconf 80' lang='lat' dir='ltr'>libertatis</span> <span class='ocrx_word' id='word_1_231' title='bbox 370 1701 571 1750; x_wconf 88' lang='lat' dir='ltr'>omnium,</span> <span class='ocrx_word' id='word_1_232' title='bbox 599 1701 726 1741; x_wconf 87' lang='lat' dir='ltr'>finem</span> <span class='ocrx_word' id='word_1_233' title='bbox 756 1699 997 1748; x_wconf 82' lang='lat' dir='ltr'>cernebant,</span> <span class='ocrx_word' id='word_1_234' title='bbox 1021 1698 1196 1739; x_wconf 78' lang='lat' dir='ltr'>Pau-um</span> <span class='ocrx_word' id='word_1_235' title='bbox 1227 1697 1465 1739; x_wconf 83' lang='lat' dir='ltr'>auctoritati</span> <span class='ocrx_word' id='word_1_236' title='bbox 1497 1713 1539 1738; x_wconf 88' lang='lat' dir='ltr'>se</span> 
     </span>
     <span class='ocr_line' id='line_1_28' title="bbox 135 1755 1538 1814; baseline -0.004 -13"><span class='ocrx_word' id='word_1_237' title='bbox 135 1759 407 1814; x_wconf 85' lang='lat' dir='ltr'>dediderant)</span> <span class='ocrx_word' id='word_1_238' title='bbox 432 1758 474 1799; x_wconf 92' lang='lat' dir='ltr'>hi</span> <span class='ocrx_word' id='word_1_239' title='bbox 507 1768 596 1799; x_wconf 88' lang='lat' dir='ltr'>tum</span> <span class='ocrx_word' id='word_1_240' title='bbox 629 1772 786 1807; x_wconf 86' lang='lat' dir='ltr'>omnes,</span> <span class='ocrx_word' id='word_1_241' title='bbox 811 1756 914 1813; x_wconf 83' lang='lat' dir='ltr'>quid</span> <span class='ocrx_word' id='word_1_242' title='bbox 937 1771 1042 1812; x_wconf 81' lang='lat' dir='ltr'>opus</span> <span class='ocrx_word' id='word_1_243' title='bbox 1062 1756 1172 1797; x_wconf 80' lang='lat' dir='ltr'>facto</span> <span class='ocrx_word' id='word_1_244' title='bbox 1200 1756 1264 1805; x_wconf 91' lang='lat' dir='ltr'>sit,</span> <span class='ocrx_word' id='word_1_245' title='bbox 1288 1755 1538 1797; x_wconf 87' lang='lat' dir='ltr'>consultant.</span> 
     </span>
     <span class='ocr_line' id='line_1_29' title="bbox 140 1814 1540 1874; baseline -0.004 -15"><span class='ocrx_word' id='word_1_246' title='bbox 140 1817 286 1866; x_wconf 84' lang='lat' dir='ltr'>Quum</span> <span class='ocrx_word' id='word_1_247' title='bbox 319 1826 485 1874; x_wconf 88' lang='lat' dir='ltr'>praeter</span> <span class='ocrx_word' id='word_1_248' title='bbox 518 1816 600 1858; x_wconf 80' lang='lat' dir='ltr'>vim</span> <span class='ocrx_word' id='word_1_249' title='bbox 638 1825 680 1856; x_wconf 89' lang='lat' dir='ltr'>et</span> <span class='ocrx_word' id='word_1_250' title='bbox 712 1814 884 1856; x_wconf 85' lang='lat' dir='ltr'>caedem</span> <span class='ocrx_word' id='word_1_251' title='bbox 920 1814 1024 1855; x_wconf 86' lang='lat' dir='ltr'>nihil</span> <span class='ocrx_word' id='word_1_252' title='bbox 1057 1814 1255 1869; x_wconf 87' lang='lat' dir='ltr'>cuiquam</span> <span class='ocrx_word' id='word_1_253' title='bbox 1289 1822 1540 1861; x_wconf 86' lang='lat' dir='ltr'>occurreret,</span> 
     </span>
    </p>

    <p class='ocr_par' dir='ltr' id='par_1_15' title="bbox 107 1869 1546 2500">
     <span class='ocr_line' id='line_1_30' title="bbox 107 1869 1539 1931; baseline -0.005 -14"><span class='ocrx_word' id='word_1_254' title='bbox 107 1890 230 1921; x_wconf 73' lang='lat' dir='ltr'>seam</span> <span class='ocrx_word' id='word_1_255' title='bbox 261 1884 402 1917; x_wconf 86' lang='lat' dir='ltr'>autem</span> <span class='ocrx_word' id='word_1_256' title='bbox 435 1873 618 1931; x_wconf 84' lang='lat' dir='ltr'>ingentis</span> <span class='ocrx_word' id='word_1_257' title='bbox 651 1872 933 1914; x_wconf 78' lang='lat' dir='ltr'>dimicationis</span> <span class='ocrx_word' id='word_1_258' title='bbox 963 1872 1049 1913; x_wconf 86' lang='lat' dir='ltr'>fore</span> <span class='ocrx_word' id='word_1_259' title='bbox 1081 1880 1325 1927; x_wconf 77' lang='lat' dir='ltr'>appareret3</span> <span class='ocrx_word' id='word_1_260' title='bbox 1364 1880 1453 1912; x_wconf 92' lang='lat' dir='ltr'>tum</span> <span class='ocrx_word' id='word_1_261' title='bbox 1477 1869 1539 1911; x_wconf 84' lang='lat' dir='ltr'>M.</span> 
     </span>
     <span class='ocr_line' id='line_1_31' title="bbox 140 1929 1543 1985; baseline -0.004 -10"><span class='ocrx_word' id='word_1_262' title='bbox 140 1932 338 1974; x_wconf 86' lang='lat' dir='ltr'>Maenius</span> <span class='ocrx_word' id='word_1_263' title='bbox 365 1941 407 1974; x_wconf 92' lang='lat' dir='ltr'>et</span> <span class='ocrx_word' id='word_1_264' title='bbox 437 1931 490 1980; x_wconf 85' lang='lat' dir='ltr'>Q.</span> <span class='ocrx_word' id='word_1_265' title='bbox 515 1930 723 1972; x_wconf 86' lang='lat' dir='ltr'>Publilius</span> <span class='ocrx_word' id='word_1_266' title='bbox 755 1929 911 1971; x_wconf 87' lang='lat' dir='ltr'>tribuni</span> <span class='ocrx_word' id='word_1_267' title='bbox 944 1929 1090 1985; x_wconf 79' lang='lat' dir='ltr'>plebis,</span> <span class='ocrx_word' id='word_1_268' title='bbox 1115 1935 1126 1952; x_wconf 72' lang='lat'><strong><em>⁶</em></strong></span> <span class='ocrx_word' id='word_1_269' title='bbox 1147 1929 1265 1977; x_wconf 84' lang='lat' dir='ltr'>Quid</span> <span class='ocrx_word' id='word_1_270' title='bbox 1294 1929 1468 1970; x_wconf 84' lang='lat' dir='ltr'>Patrum</span> <span class='ocrx_word' id='word_1_271' title='bbox 1501 1938 1543 1969; x_wconf 88' lang='lat' dir='ltr'>et</span> 
     </span>
     <span class='ocr_line' id='line_1_32' title="bbox 140 1986 1541 2047; baseline -0.004 -15"><span class='ocrx_word' id='word_1_272' title='bbox 140 1996 152 2014; x_wconf 89' lang='lat'>‘</span> <span class='ocrx_word' id='word_1_273' title='bbox 165 1990 300 2047; x_wconf 84' lang='lat' dir='ltr'>plebis</span> <span class='ocrx_word' id='word_1_274' title='bbox 320 2000 534 2031; x_wconf 86' lang='lat' dir='ltr'>certamen</span> <span class='ocrx_word' id='word_1_275' title='bbox 555 1988 742 2036; x_wconf 83' lang='lat' dir='ltr'>facimus,</span> <span class='ocrx_word' id='word_1_276' title='bbox 758 1987 872 2044; x_wconf 82' lang='lat' dir='ltr'>quod</span> <span class='ocrx_word' id='word_1_277' title='bbox 890 1987 1069 2028; x_wconf 80' lang='lat' dir='ltr'>civitatis</span> <span class='ocrx_word' id='word_1_278' title='bbox 1085 2001 1173 2028; x_wconf 75' lang='lat' dir='ltr'>esse</span> <span class='ocrx_word' id='word_1_279' title='bbox 1190 1986 1388 2027; x_wconf 75' lang='lat' dir='ltr'>adversus</span> <span class='ocrx_word' id='word_1_280' title='bbox 1410 2001 1541 2027; x_wconf 84' lang='lat' dir='ltr'>unum</span> 
     </span>
     <span class='ocr_line' id='line_1_33' title="bbox 141 2043 1544 2104; baseline -0.005 -15"><span class='ocrx_word' id='word_1_281' title='bbox 141 2047 410 2104; x_wconf 87' lang='lat' dir='ltr'>‘pestiferum</span> <span class='ocrx_word' id='word_1_282' title='bbox 444 2047 578 2088; x_wconf 89' lang='lat' dir='ltr'>civem</span> <span class='ocrx_word' id='word_1_283' title='bbox 613 2045 770 2085; x_wconf 77' lang='lat' dir='ltr'>debet?</span> <span class='ocrx_word' id='word_1_284' title='bbox 829 2043 946 2092; x_wconf 82' lang='lat' dir='ltr'>Quid</span> <span class='ocrx_word' id='word_1_285' title='bbox 983 2058 1079 2083; x_wconf 86' lang='lat' dir='ltr'>cum</span> <span class='ocrx_word' id='word_1_286' title='bbox 1117 2043 1239 2098; x_wconf 81' lang='lat' dir='ltr'>plebe</span> <span class='ocrx_word' id='word_1_287' title='bbox 1276 2043 1544 2097; x_wconf 64' lang='lat' dir='ltr'>aggredimur</span> 
     </span>
     <span class='ocr_line' id='line_1_34' title="bbox 143 2100 1544 2160; baseline -0.006 -14"><span class='ocrx_word' id='word_1_288' title='bbox 143 2111 279 2154; x_wconf 67' lang='lat' dir='ltr'>‘curm</span> <span class='ocrx_word' id='word_1_289' title='bbox 302 2119 429 2160; x_wconf 86' lang='lat' dir='ltr'>quem</span> <span class='ocrx_word' id='word_1_290' title='bbox 461 2118 536 2159; x_wconf 89' lang='lat' dir='ltr'>per</span> <span class='ocrx_word' id='word_1_291' title='bbox 567 2103 697 2142; x_wconf 67' lang='lat' dir='ltr'>iisam</span> <span class='ocrx_word' id='word_1_292' title='bbox 730 2101 894 2157; x_wconf 78' lang='lat' dir='ltr'>plebem</span> <span class='ocrx_word' id='word_1_293' title='bbox 929 2100 1059 2141; x_wconf 87' lang='lat' dir='ltr'>tutius</span> <span class='ocrx_word' id='word_1_294' title='bbox 1089 2100 1259 2154; x_wconf 72' lang='lat' dir='ltr'>aggredi</span> <span class='ocrx_word' id='word_1_295' title='bbox 1290 2110 1364 2148; x_wconf 72' lang='lat' dir='ltr'>cst,</span> <span class='ocrx_word' id='word_1_296' title='bbox 1390 2113 1434 2140; x_wconf 82' lang='lat' dir='ltr'>ut</span> <span class='ocrx_word' id='word_1_297' title='bbox 1459 2100 1544 2139; x_wconf 73' lang='lat' dir='ltr'>suis</span> 
     </span>
     <span class='ocr_line' id='line_1_35' title="bbox 145 2117 1544 2218; baseline -0.006 -14"><span class='ocrx_word' id='word_1_298' title='bbox 145 2162 256 2218; x_wconf 88' lang='lat' dir='ltr'>‘ipsc</span> <span class='ocrx_word' id='word_1_299' title='bbox 286 2170 483 2202; x_wconf 82' lang='lat' dir='ltr'>oneratus</span> <span class='ocrx_word' id='word_1_300' title='bbox 505 2117 660 2200; x_wconf 78' lang='lat' dir='ltr'>viribus</span> <span class='ocrx_word' id='word_1_301' title='bbox 691 2160 812 2199; x_wconf 76' lang='lat' dir='ltr'>ruat?</span> <span class='ocrx_word' id='word_1_302' title='bbox 876 2157 1001 2198; x_wconf 84' lang='lat' dir='ltr'>Diem</span> <span class='ocrx_word' id='word_1_303' title='bbox 1024 2157 1164 2198; x_wconf 85' lang='lat' dir='ltr'>dicere</span> <span class='ocrx_word' id='word_1_304' title='bbox 1187 2157 1223 2197; x_wconf 91' lang='lat' dir='ltr'>ei</span> <span class='ocrx_word' id='word_1_305' title='bbox 1249 2157 1368 2197; x_wconf 84' lang='lat' dir='ltr'>uobis</span> <span class='ocrx_word' id='word_1_306' title='bbox 1390 2157 1431 2197; x_wconf 88' lang='lat' dir='ltr'>in</span> <span class='ocrx_word' id='word_1_307' title='bbox 1455 2157 1544 2197; x_wconf 86' lang='lat' dir='ltr'>ani-</span> 
     </span>
     <span class='ocr_line' id='line_1_36' title="bbox 145 2213 1544 2272; baseline -0.005 -11"><span class='ocrx_word' id='word_1_308' title='bbox 145 2225 156 2243; x_wconf 90' lang='lat'>‘</span> <span class='ocrx_word' id='word_1_309' title='bbox 171 2234 239 2260; x_wconf 88' lang='lat' dir='ltr'>mo</span> <span class='ocrx_word' id='word_1_310' title='bbox 260 2228 333 2260; x_wconf 88' lang='lat' dir='ltr'>est.</span> <span class='ocrx_word' id='word_1_311' title='bbox 399 2217 518 2259; x_wconf 78' lang='lat' dir='ltr'>Nihil</span> <span class='ocrx_word' id='word_1_312' title='bbox 542 2216 679 2257; x_wconf 86' lang='lat' dir='ltr'>minus</span> <span class='ocrx_word' id='word_1_313' title='bbox 702 2215 900 2272; x_wconf 78' lang='lat' dir='ltr'>populare</span> <span class='ocrx_word' id='word_1_314' title='bbox 924 2230 1050 2270; x_wconf 82' lang='lat' dir='ltr'>quam</span> <span class='ocrx_word' id='word_1_315' title='bbox 1073 2229 1249 2270; x_wconf 79' lang='lat' dir='ltr'>reguum</span> <span class='ocrx_word' id='word_1_316' title='bbox 1271 2223 1344 2255; x_wconf 89' lang='lat' dir='ltr'>cst.</span> <span class='ocrx_word' id='word_1_317' title='bbox 1410 2213 1544 2255; x_wconf 73' lang='lat' dir='ltr'>Simul</span> 
     </span>
     <span class='ocr_line' id='line_1_37' title="bbox 146 2271 1546 2320; baseline -0.004 -2"><span class='ocrx_word' id='word_1_318' title='bbox 146 2275 400 2318; x_wconf 89' lang='lat' dir='ltr'>‘multitudo</span> <span class='ocrx_word' id='word_1_319' title='bbox 425 2275 495 2316; x_wconf 81' lang='lat' dir='ltr'>illa</span> <span class='ocrx_word' id='word_1_320' title='bbox 525 2290 610 2315; x_wconf 88' lang='lat' dir='ltr'>non</span> <span class='ocrx_word' id='word_1_321' title='bbox 643 2289 784 2315; x_wconf 87' lang='lat' dir='ltr'>secum</span> <span class='ocrx_word' id='word_1_322' title='bbox 807 2273 955 2314; x_wconf 80' lang='lat' dir='ltr'>certari</span> <span class='ocrx_word' id='word_1_323' title='bbox 978 2271 1172 2320; x_wconf 78' lang='lat' dir='ltr'>viderint,</span> <span class='ocrx_word' id='word_1_324' title='bbox 1196 2282 1235 2312; x_wconf 79' lang='lat' dir='ltr'>ct</span> <span class='ocrx_word' id='word_1_325' title='bbox 1260 2287 1311 2312; x_wconf 75' lang='lat' dir='ltr'>ex</span> <span class='ocrx_word' id='word_1_326' title='bbox 1335 2271 1546 2313; x_wconf 81' lang='lat' dir='ltr'>advocatis</span> 
     </span>
     <span class='ocr_line' id='line_1_38' title="bbox 146 2329 1543 2386; baseline -0.005 -11"><span class='ocrx_word' id='word_1_327' title='bbox 146 2333 332 2375; x_wconf 84' lang='lat' dir='ltr'>‘iudices</span> <span class='ocrx_word' id='word_1_328' title='bbox 352 2333 448 2375; x_wconf 82' lang='lat' dir='ltr'>facti</span> <span class='ocrx_word' id='word_1_329' title='bbox 471 2341 608 2381; x_wconf 85' lang='lat' dir='ltr'>crunt,</span> <span class='ocrx_word' id='word_1_330' title='bbox 624 2341 665 2372; x_wconf 90' lang='lat' dir='ltr'>et</span> <span class='ocrx_word' id='word_1_331' title='bbox 683 2341 941 2372; x_wconf 73' lang='lat' dir='ltr'>accusatores</span> <span class='ocrx_word' id='word_1_332' title='bbox 958 2330 1010 2370; x_wconf 91' lang='lat' dir='ltr'>dc</span> <span class='ocrx_word' id='word_1_333' title='bbox 1033 2329 1167 2386; x_wconf 84' lang='lat' dir='ltr'>plebe,</span> <span class='ocrx_word' id='word_1_334' title='bbox 1197 2329 1403 2370; x_wconf 73' lang='lat' dir='ltr'>›atricium</span> <span class='ocrx_word' id='word_1_335' title='bbox 1428 2344 1543 2369; x_wconf 85' lang='lat' dir='ltr'>rcum</span> 
     </span>
     <span class='ocr_line' id='line_1_39' title="bbox 147 2345 1545 2444; baseline -0.004 -11"><span class='ocrx_word' id='word_1_336' title='bbox 147 2392 462 2440; x_wconf 87' lang='lat' dir='ltr'>‘intuebuntur‚</span> <span class='ocrx_word' id='word_1_337' title='bbox 478 2400 517 2432; x_wconf 88' lang='lat' dir='ltr'>ct</span> <span class='ocrx_word' id='word_1_338' title='bbox 542 2390 658 2444; x_wconf 72' lang='lat' dir='ltr'>regni</span> <span class='ocrx_word' id='word_1_339' title='bbox 682 2389 838 2431; x_wconf 85' lang='lat' dir='ltr'>crimen</span> <span class='ocrx_word' id='word_1_340' title='bbox 865 2389 905 2429; x_wconf 85' lang='lat' dir='ltr'>iu</span> <span class='ocrx_word' id='word_1_341' title='bbox 930 2387 1095 2428; x_wconf 83' lang='lat' dir='ltr'>medio:</span> <span class='ocrx_word' id='word_1_342' title='bbox 1131 2345 1232 2428; x_wconf 44' lang='lat' dir='ltr'>uuili</span> <span class='ocrx_word' id='word_1_343' title='bbox 1258 2387 1400 2438; x_wconf 65' lang='lat' dir='ltr'>magis,</span> <span class='ocrx_word' id='word_1_344' title='bbox 1419 2401 1545 2442; x_wconf 81' lang='lat' dir='ltr'>quam</span> 
     </span>
     <span class='ocr_line' id='line_1_40' title="bbox 148 2447 750 2500; baseline -0.008 -10"><span class='ocrx_word' id='word_1_345' title='bbox 148 2455 159 2473; x_wconf 85' lang='lat'>‘</span> <span class='ocrx_word' id='word_1_346' title='bbox 174 2448 368 2500; x_wconf 87' lang='lat' dir='ltr'>libertati,</span> <span class='ocrx_word' id='word_1_347' title='bbox 391 2449 603 2497; x_wconf 78' lang='lat' dir='ltr'>savcbuut,</span> <span class='ocrx_word' id='word_1_348' title='bbox 626 2447 750 2488; x_wconf 52' lang='lat' dir='ltr'>suaess</span> 
     </span>
    </p>
   </div>
   <div class='ocr_carea' id='block_1_5' title="bbox 154 2621 829 2962">
    <p class='ocr_par' dir='ltr' id='par_1_16' title="bbox 154 2621 828 2790">
     <span class='ocr_line' id='line_1_41' title="bbox 202 2621 828 2665; baseline -0.006 -11"><span class='ocrx_word' id='word_1_349' title='bbox 202 2635 222 2665; x_wconf 80' lang='lat'>9</span> <span class='ocrx_word' id='word_1_350' title='bbox 244 2624 440 2661; x_wconf 68' lang='lat' dir='ltr'>Set-emano}</span> <span class='ocrx_word' id='word_1_351' title='bbox 481 2623 573 2653; x_wconf 78' lang='lat' dir='ltr'>Haec</span> <span class='ocrx_word' id='word_1_352' title='bbox 600 2627 646 2652; x_wconf 67' lang='lat' dir='ltr'>est</span> <span class='ocrx_word' id='word_1_353' title='bbox 675 2621 828 2652; x_wconf 46' lang='lat' dir='ltr'>ins-idion</span> 
     </span>
     <span class='ocr_line' id='line_1_42' title="bbox 155 2664 828 2706; baseline -0.006 -8"><span class='ocrx_word' id='word_1_354' title='bbox 155 2672 186 2699; x_wconf 78' lang='lat' dir='ltr'>et</span> <span class='ocrx_word' id='word_1_355' title='bbox 202 2672 292 2697; x_wconf 71' lang='lat' dir='ltr'>atrox</span> <span class='ocrx_word' id='word_1_356' title='bbox 311 2665 501 2706; x_wconf 74' lang='lat' dir='ltr'>appellatio,</span> <span class='ocrx_word' id='word_1_357' title='bbox 517 2675 599 2705; x_wconf 68' lang='lat' dir='ltr'>quae</span> <span class='ocrx_word' id='word_1_358' title='bbox 615 2664 828 2694; x_wconf 70' lang='lat' dir='ltr'>dest-ctionem</span> 
     </span>
     <span class='ocr_line' id='line_1_43' title="bbox 155 2707 825 2747; baseline -0.007 -7"><span class='ocrx_word' id='word_1_359' title='bbox 155 2714 258 2746; x_wconf 73' lang='lat' dir='ltr'>noun,</span> <span class='ocrx_word' id='word_1_360' title='bbox 273 2714 303 2739; x_wconf 75' lang='lat' dir='ltr'>et</span> <span class='ocrx_word' id='word_1_361' title='bbox 329 2713 422 2747; x_wconf 72' lang='lat' dir='ltr'>rupta</span> <span class='ocrx_word' id='word_1_362' title='bbox 441 2707 540 2737; x_wconf 81' lang='lat' dir='ltr'>debiti</span> <span class='ocrx_word' id='word_1_363' title='bbox 563 2707 684 2745; x_wconf 70' lang='lat' dir='ltr'>legibus</span> <span class='ocrx_word' id='word_1_364' title='bbox 707 2712 737 2736; x_wconf 79' lang='lat' dir='ltr'>ct</span> <span class='ocrx_word' id='word_1_365' title='bbox 763 2717 825 2736; x_wconf 76' lang='lat' dir='ltr'>ma-</span> 
     </span>
     <span class='ocr_line' id='line_1_44' title="bbox 154 2750 720 2790; baseline -0.007 -7"><span class='ocrx_word' id='word_1_366' title='bbox 154 2751 339 2790; x_wconf 71' lang='lat' dir='ltr'>gistmtihu·</span> <span class='ocrx_word' id='word_1_367' title='bbox 353 2750 496 2789; x_wconf 66' lang='lat' dir='ltr'>olm-quii</span> <span class='ocrx_word' id='word_1_368' title='bbox 514 2750 591 2780; x_wconf 81' lang='lat' dir='ltr'>ium.</span> <span class='ocrx_word' id='word_1_369' title='bbox 615 2750 720 2779; x_wconf 61' lang='grc' dir='ltr'>(ἷκεν.</span> 
     </span>
    </p>

    <p class='ocr_par' dir='ltr' id='par_1_17' title="bbox 204 2790 815 2830">
     <span class='ocr_line' id='line_1_45' title="bbox 204 2790 815 2830; baseline -0.008 -5"><span class='ocrx_word' id='word_1_370' title='bbox 204 2804 213 2825; x_wconf 89' lang='grc'>1</span> <span class='ocrx_word' id='word_1_371' title='bbox 241 2794 377 2825; x_wconf 69' lang='lat' dir='ltr'>Servilio</span> <span class='ocrx_word' id='word_1_372' title='bbox 393 2793 519 2830; x_wconf 71' lang='lat' dir='ltr'>Ahala]</span> <span class='ocrx_word' id='word_1_373' title='bbox 541 2791 580 2822; x_wconf 82' lang='lat' dir='ltr'>cf.</span> <span class='ocrx_word' id='word_1_374' title='bbox 598 2792 690 2830; x_wconf 73' lang='lat' dir='ltr'>Supr.</span> <span class='ocrx_word' id='word_1_375' title='bbox 710 2790 749 2822; x_wconf 78' lang='lat' dir='ltr'>iv.</span> <span class='ocrx_word' id='word_1_376' title='bbox 771 2800 815 2829; x_wconf 81' lang='grc'>14.</span> 
     </span>
    </p>

    <p class='ocr_par' dir='ltr' id='par_1_18' title="bbox 154 2833 829 2962">
     <span class='ocr_line' id='line_1_46' title="bbox 200 2833 828 2877; baseline -0.01 -9"><span class='ocrx_word' id='word_1_377' title='bbox 200 2846 215 2868; x_wconf 74' lang='lat'>2</span> <span class='ocrx_word' id='word_1_378' title='bbox 242 2838 327 2868; x_wconf 74' lang='lat' dir='ltr'>Nam</span> <span class='ocrx_word' id='word_1_379' title='bbox 342 2841 384 2872; x_wconf 72' lang='lat' dir='ltr'>ee,</span> <span class='ocrx_word' id='word_1_380' title='bbox 402 2837 478 2877; x_wconf 81' lang='lat' dir='ltr'>qm&#39;a</span> <span class='ocrx_word' id='word_1_381' title='bbox 502 2835 655 2872; x_wconf 68' lang='lat' dir='ltr'>uiridem]</span> <span class='ocrx_word' id='word_1_382' title='bbox 681 2844 723 2864; x_wconf 73' lang='grc' dir='ltr'>κ.</span> <span class='ocrx_word' id='word_1_383' title='bbox 743 2833 828 2863; x_wconf 73' lang='lat' dir='ltr'>Nam</span> 
     </span>
     <span class='ocr_line' id='line_1_47' title="bbox 154 2877 828 2918; baseline -0.01 -6"><span class='ocrx_word' id='word_1_384' title='bbox 154 2885 185 2911; x_wconf 77' lang='lat' dir='ltr'>et</span> <span class='ocrx_word' id='word_1_385' title='bbox 202 2879 321 2910; x_wconf 80' lang='lat' dir='ltr'>tribuni</span> <span class='ocrx_word' id='word_1_386' title='bbox 341 2878 444 2918; x_wconf 69' lang='lat' dir='ltr'>plebis·</span> <span class='ocrx_word' id='word_1_387' title='bbox 458 2877 648 2908; x_wconf 69' lang='lat' dir='ltr'>dediderant</span> <span class='ocrx_word' id='word_1_388' title='bbox 668 2887 701 2905; x_wconf 73' lang='lat' dir='ltr'>nc</span> <span class='ocrx_word' id='word_1_389' title='bbox 722 2881 828 2906; x_wconf 55' lang='grc' dir='ltr'>κυεην</span> 
     </span>
     <span class='ocr_line' id='line_1_48' title="bbox 155 2920 829 2962; baseline -0.009 -9"><span class='ocrx_word' id='word_1_390' title='bbox 155 2922 240 2953; x_wconf 75' lang='lat' dir='ltr'>ritnti</span> <span class='ocrx_word' id='word_1_391' title='bbox 274 2927 414 2962; x_wconf 74' lang='lat' dir='ltr'>patrum,</span> <span class='ocrx_word' id='word_1_392' title='bbox 444 2920 518 2959; x_wconf 79' lang='lat' dir='ltr'>quin</span> <span class='ocrx_word' id='word_1_393' title='bbox 550 2920 721 2950; x_wconf 66' lang='lat' dir='ltr'>cernebant</span> <span class='ocrx_word' id='word_1_394' title='bbox 754 2929 829 2949; x_wconf 84' lang='lat' dir='ltr'>cun·</span> 
     </span>
    </p>
   </div>
   <div class='ocr_carea' id='block_1_6' title="bbox 213 2977 361 3004">
    <p class='ocr_par' dir='ltr' id='par_1_19' title="bbox 213 2977 361 3004">
     <span class='ocr_line' id='line_1_49' title="bbox 213 2977 361 3004; baseline 0 0"><span class='ocrx_word' id='word_1_395' title='bbox 213 2977 310 3004; x_wconf 74' lang='lat' dir='ltr'>vot„</span> <span class='ocrx_word' id='word_1_396' title='bbox 337 2977 361 3004; x_wconf 84' lang='lat'>1.</span> 
     </span>
    </p>
   </div>
   <div class='ocr_carea' id='block_1_7' title="bbox 873 2619 1549 2958">
    <p class='ocr_par' dir='ltr' id='par_1_20' title="bbox 875 2619 1549 2702">
     <span class='ocr_line' id='line_1_50' title="bbox 875 2619 1549 2659; baseline 0 -10"><span class='ocrx_word' id='word_1_397' title='bbox 875 2622 947 2651; x_wconf 82' lang='lat' dir='ltr'>deni</span> <span class='ocrx_word' id='word_1_398' title='bbox 982 2622 1076 2651; x_wconf 70' lang='lat' dir='ltr'>tinem</span> <span class='ocrx_word' id='word_1_399' title='bbox 1110 2625 1138 2650; x_wconf 81' lang='lat' dir='ltr'>ct</span> <span class='ocrx_word' id='word_1_400' title='bbox 1172 2630 1247 2650; x_wconf 62' lang='lat' dir='ltr'>sime</span> <span class='ocrx_word' id='word_1_401' title='bbox 1280 2619 1448 2659; x_wconf 51' lang='lat' dir='ltr'>potcstatis</span> <span class='ocrx_word' id='word_1_402' title='bbox 1472 2619 1549 2653; x_wconf 75' lang='lat' dir='ltr'>sore,</span> 
     </span>
     <span class='ocr_line' id='line_1_51' title="bbox 876 2662 1462 2702; baseline 0.002 -11"><span class='ocrx_word' id='word_1_403' title='bbox 876 2673 971 2702; x_wconf 81' lang='lat' dir='ltr'>quem</span> <span class='ocrx_word' id='word_1_404' title='bbox 990 2663 1146 2693; x_wconf 64' lang='lat' dir='ltr'>libertatis</span> <span class='ocrx_word' id='word_1_405' title='bbox 1161 2663 1316 2693; x_wconf 83' lang='lat' dir='ltr'>omnium.</span> <span class='ocrx_word' id='word_1_406' title='bbox 1346 2662 1462 2693; x_wconf 74' lang='lat' dir='ltr'>Pffluz.</span> 
     </span>
    </p>

    <p class='ocr_par' dir='ltr' id='par_1_21' title="bbox 873 2705 1548 2958">
     <span class='ocr_line' id='line_1_52' title="bbox 917 2705 1547 2745; baseline -0.003 -9"><span class='ocrx_word' id='word_1_407' title='bbox 917 2715 934 2745; x_wconf 76' lang='lat'>3</span> <span class='ocrx_word' id='word_1_408' title='bbox 959 2707 1008 2736; x_wconf 79' lang='lat' dir='ltr'>M.</span> <span class='ocrx_word' id='word_1_409' title='bbox 1027 2707 1198 2743; x_wconf 66' lang='lat' dir='ltr'>Maenius}</span> <span class='ocrx_word' id='word_1_410' title='bbox 1231 2705 1293 2735; x_wconf 82' lang='lat' dir='ltr'>Pro</span> <span class='ocrx_word' id='word_1_411' title='bbox 1317 2706 1473 2735; x_wconf 62' lang='lat' dir='ltr'>Maenius</span> <span class='ocrx_word' id='word_1_412' title='bbox 1497 2714 1547 2734; x_wconf 80' lang='lat' dir='ltr'>vo-</span> 
     </span>
     <span class='ocr_line' id='line_1_53' title="bbox 873 2747 1547 2787; baseline 0 -9"><span class='ocrx_word' id='word_1_413' title='bbox 873 2758 941 2778; x_wconf 83' lang='lat' dir='ltr'>cem</span> <span class='ocrx_word' id='word_1_414' title='bbox 969 2749 1155 2782; x_wconf 65' lang='lat' dir='ltr'>Menenius.</span> <span class='ocrx_word' id='word_1_415' title='bbox 1182 2758 1264 2786; x_wconf 81' lang='lat' dir='ltr'>qun(-</span> <span class='ocrx_word' id='word_1_416' title='bbox 1292 2747 1322 2777; x_wconf 88' lang='lat' dir='ltr'>in</span> <span class='ocrx_word' id='word_1_417' title='bbox 1349 2748 1430 2787; x_wconf 84' lang='lat' dir='ltr'>plur.</span> <span class='ocrx_word' id='word_1_418' title='bbox 1456 2748 1547 2778; x_wconf 85' lang='lat' dir='ltr'>codd.</span> 
     </span>
     <span class='ocr_line' id='line_1_54' title="bbox 874 2789 1547 2829; baseline -0.003 -7"><span class='ocrx_word' id='word_1_419' title='bbox 874 2790 1273 2829; x_wconf 67' lang='lat' dir='ltr'>invenitur.repom-ndum</span> <span class='ocrx_word' id='word_1_420' title='bbox 1291 2795 1398 2821; x_wconf 63' lang='lat' dir='ltr'>censet</span> <span class='ocrx_word' id='word_1_421' title='bbox 1415 2789 1547 2821; x_wconf 77' lang='lat' dir='ltr'>Niebhr.</span> 
     </span>
     <span class='ocr_line' id='line_1_55' title="bbox 877 2833 1548 2872; baseline 0 -10"><span class='ocrx_word' id='word_1_422' title='bbox 877 2833 906 2863; x_wconf 84' lang='lat' dir='ltr'>ii.</span> <span class='ocrx_word' id='word_1_423' title='bbox 921 2843 950 2863; x_wconf 87' lang='lat' dir='ltr'>n.</span> <span class='ocrx_word' id='word_1_424' title='bbox 968 2842 1055 2871; x_wconf 68' lang='lat'>¹33⁴·</span> <span class='ocrx_word' id='word_1_425' title='bbox 1092 2833 1268 2872; x_wconf 68' lang='lat' dir='ltr'>l&#39;triunquc</span> <span class='ocrx_word' id='word_1_426' title='bbox 1284 2833 1414 2864; x_wconf 73' lang='lat' dir='ltr'>nomina</span> <span class='ocrx_word' id='word_1_427' title='bbox 1427 2833 1548 2864; x_wconf 73' lang='lat' dir='ltr'>Maeuii</span> 
     </span>
     <span class='ocr_line' id='line_1_56' title="bbox 876 2875 1548 2913; baseline 0.001 -8"><span class='ocrx_word' id='word_1_428' title='bbox 876 2880 906 2905; x_wconf 81' lang='lat' dir='ltr'>ct</span> <span class='ocrx_word' id='word_1_429' title='bbox 936 2875 1067 2906; x_wconf 79' lang='lat' dir='ltr'>Publilii</span> <span class='ocrx_word' id='word_1_430' title='bbox 1093 2875 1276 2906; x_wconf 73' lang='lat' dir='ltr'>coniectum</span> <span class='ocrx_word' id='word_1_431' title='bbox 1299 2875 1418 2913; x_wconf 63' lang='lat' dir='ltr'>Sigonii</span> <span class='ocrx_word' id='word_1_432' title='bbox 1445 2876 1548 2906; x_wconf 81' lang='lat' dir='ltr'>nitun-</span> 
     </span>
     <span class='ocr_line' id='line_1_57' title="bbox 877 2918 1228 2958; baseline 0.003 -11"><span class='ocrx_word' id='word_1_433' title='bbox 877 2924 937 2949; x_wconf 80' lang='lat' dir='ltr'>tur.</span> <span class='ocrx_word' id='word_1_434' title='bbox 966 2919 1005 2949; x_wconf 74' lang='lat' dir='ltr'>es.</span> <span class='ocrx_word' id='word_1_435' title='bbox 1022 2928 1106 2958; x_wconf 61' lang='lat' dir='ltr'>supr.</span> <span class='ocrx_word' id='word_1_436' title='bbox 1122 2918 1161 2950; x_wconf 75' lang='lat' dir='ltr'>iv.</span> <span class='ocrx_word' id='word_1_437' title='bbox 1180 2928 1228 2958; x_wconf 73' lang='lat'>53.</span> 
     </span>
    </p>
   </div>
   <div class='ocr_carea' id='block_1_8' title="bbox 1248 2961 1319 3001">
    <p class='ocr_par' dir='ltr' id='par_1_22' title="bbox 1248 2961 1319 3001">
     <span class='ocr_line' id='line_1_58' title="bbox 1248 2961 1319 3001; baseline -0.014 0"><span class='ocrx_word' id='word_1_438' title='bbox 1248 2961 1319 3001; x_wconf 81' lang='lat' dir='ltr'>nb</span> 
     </span>
    </p>
   </div>
  </div>
 </body>
</html>
