1934 3211
513 196 640 239 LIB.
678 194 778 237 VH.
821 195 969 237 CAP.
1007 199 1070 238 18.
1412 199 1494 239 417

98 289 262 331 insueta
281 287 553 330 turbaverunt
573 286 737 342 specie:
770 296 813 327 et
834 295 935 327 tunc
957 285 1131 342 quidem
1152 285 1268 327 velut
1287 286 1495 342 lymphati
1510 297 1552 328 U.
1569 296 1608 328 c.
1626 305 1698 338 399·

97 354 140 387 et
179 345 346 386 attoniti
387 344 661 384 munimentis
701 343 785 384 suis
820 343 986 399 trepido
1022 343 1189 399 agmine
1225 339 1699 411 incidemnt;ss·bC-3⁵3·

96 401 262 451 deinde,
285 401 357 442 ubi
379 400 526 442 consul
546 400 758 457 legatique
785 415 833 442 ac
854 401 1012 441 tribuni
1036 415 1263 456 puerorum
1284 400 1369 441 ritu
1387 416 1495 442 vana
1507 391 1663 454 1:253?

95 458 294 500 miracula
316 466 517 514 paventes
540 458 770 499 irridebant
794 457 1166 514 increpabantque,
1188 458 1314 499 vertit
1333 457 1494 499 animos
1504 465 1593 513 fusus
1622 507 1627 513 ι

94 523 267 572 repente
298 514 461 572 pudor;
506 524 549 556 et
581 515 626 556 in
658 530 708 556 ea
738 515 840 571 ipsa,
865 530 973 571 quae
1006 515 1212 571 fugerant,
1238 515 1354 556 velut
1380 515 1492 556 caeci
1505 512 1645 580 ἷῗξὲἑξή

92 573 281 614 ruebant.
345 572 546 614 Discusso
577 573 719 628 itaque
752 587 860 614 vano
893 581 1096 628 apparatu
1128 572 1326 622 hostium,
1360 587 1494 628 quum
1504 561 1539 580 Δ(
1610 574 1616 581 “

92 629 137 670 in
169 629 280 686 ipsos
313 639 492 671 armatos
527 644 570 670 se
605 629 857 679 intulissent,
892 638 1133 671 averterunt
1168 638 1299 671 totam
1331 630 1490 671 aciem:

91 687 318 744 castrisque
340 688 466 729 etiam
488 702 538 728 eo
561 687 630 728 die
651 687 787 743 potiti,
809 687 964 743 praeda
984 687 1147 743 ingenti
1167 695 1298 743 parta,
1316 687 1493 728 victores

91 752 366 795 reverterunt,
384 744 633 785 militaribus
648 745 749 786 iocis
765 759 898 800 quum
919 753 1164 800 apparatum
1186 745 1383 794 hostium,
1402 753 1493 785 tum

91 816 213 843 suum
238 802 504 858 increpantes
530 817 738 858 pavorem.
804 801 1055 843 Concitatur
1075 801 1230 843 deinde
1259 817 1384 843 omne
1415 817 1492 842 no-
1504 812 1678 843 Etruscum

59 871 190 902 9men
213 858 452 910 Etruscum,
475 867 529 909 et,
549 859 928 915 Tarquiniensibus
951 858 1204 915 Faliscisque
1226 859 1415 908 (lucibus,
1438 859 1492 900 ad
1502 856 1637 886 bellum.

93 915 257 958 Salinas
321 917 554 959 erveniunt.
618 916 833 957 Adversus
865 931 963 957 eum
996 925 1196 957 terrorem
1229 916 1409 958 dictator
1438 916 1488 958 C.
1504 927 1541 958 C.
1557 925 1700 957 Marcius

64 986 74 1007 ¹
93 973 280 1015 Marcius
290 932 469 1016 iizutilus
484 974 644 1030 primus
660 974 712 1015 de
730 974 851 1030 plebe
869 973 1018 1024 dictus,
1037 974 1283 1030 magistrum
1299 975 1491 1030 equitum
1505 969 1627 1009 primus
1641 968 1687 999 di-

91 1031 192 1073 item
209 1031 262 1072 de
278 1031 400 1088 plebe
421 1031 471 1073 C.
483 1031 697 1073 Plautium
711 1032 830 1072 dixit.
874 1031 925 1072 Id
941 1046 1039 1072 vero
1056 1030 1252 1072 Patribus
1267 1031 1491 1088 indignum
1503 1015 1609 1094 {2222}
1622 1022 1640 1042 Β

92 1088 237 1139 videri,
259 1089 386 1130 etiam
414 1089 664 1130 dictaturam
691 1089 773 1130 iam
801 1089 846 1129 in
874 1089 1112 1145 promiscuo
1139 1104 1253 1130 esse:
1288 1089 1490 1145 omnique

91 1161 171 1202 ope
196 1146 496 1202 impediebant,
520 1161 573 1187 ne
595 1146 699 1202 quid
727 1146 921 1187 dictatori
949 1146 1002 1187 ad
1033 1146 1078 1187 id
1105 1146 1263 1187 bellum
1291 1146 1492 1188 decerne-

91 1211 219 1253 retur,
241 1212 518 1260 parareturve.
564 1203 628 1244 Eo
649 1204 883 1260 promptius
903 1212 1067 1253 cuncta,
1091 1203 1251 1245 ferente
1273 1204 1490 1254 dictatore,

91 1260 272 1317 populus
300 1261 429 1303 iussit.
493 1260 711 1303 Profectus
743 1262 794 1302 ab
824 1262 938 1311 urbe,
966 1270 1142 1317 utraque
1171 1270 1288 1317 parte
1311 1261 1490 1311 Tiberis,

92 1319 248 1359 ratibus
269 1319 470 1368 exercitu,
489 1333 743 1376 quocunque
759 1318 869 1360 fama
885 1318 1068 1359 hostium
1085 1318 1278 1369 ducebat,
1302 1319 1490 1369 traiecto,

92 1375 247 1417 multos
268 1376 535 1432 populatores
556 1391 748 1432 agrorum
770 1391 895 1432 vagos
916 1375 1104 1432 palantes
1125 1376 1340 1432 oppressit.
1387 1375 1492 1417 Cas·
1505 1385 1617 1416 Vincit

93 1441 156 1474 tra
187 1449 357 1490 quoque
391 1434 644 1491 necopinato
674 1448 903 1491 aggressuS,
926 1434 1063 1489 cepit:
1097 1442 1152 1482 et,
1182 1443 1276 1475 octo
1307 1433 1492 1475 millibus
1505 1428 1668 1459 Etmssc‘ss·

91 1489 275 1532 hostium
312 1492 455 1548 captis,
492 1491 642 1533 ceteris
677 1501 749 1533 aut
788 1491 929 1540 caesis,
967 1500 1039 1532 aut
1075 1505 1128 1531 ex
1163 1505 1262 1546 agro
1295 1490 1491 1532 Romano

90 1547 256 1603 fugatis,
278 1549 367 1590 sine
389 1550 635 1590 auctoritate
657 1548 844 1598 Patrum,
866 1548 1011 1604 populi
1033 1549 1160 1598 iussu,
1185 1547 1470 1604 triumphavit.

152 1605 267 1654 Quia
300 1621 378 1647 nec
410 1621 485 1662 per
517 1606 764 1648 dictatorem
797 1605 1022 1662 plebeium,
1052 1620 1131 1647 nec
1159 1620 1234 1662 per
1261 1605 1490 1655 consulem,

89 1663 261 1704 comitia
289 1664 523 1705 consularia
553 1664 697 1705 haberi
718 1663 927 1713 volebant,
957 1672 1000 1704 et
1030 1663 1134 1704 alter
1164 1662 1310 1705 consul
1338 1663 1491 1704 Fabius

89 1719 200 1761 bello
235 1721 504 1771 retinebatur,
541 1736 605 1762 res
645 1721 699 1762 ad
740 1721 1030 1775 interregnum
1070 1721 1191 1762 redit.
1254 1720 1492 1777 Interreges

88 1777 288 1834 deinceps
322 1778 376 1826 Q„
397 1778 598 1820 Servilius
630 1778 780 1828 Ahala,
813 1777 876 1819 M.
897 1776 1062 1828 Fabius,
1098 1778 1179 1820 Cn.
1201 1777 1402 1828 Manlius,
1438 1777 1488 1819 C.

89 1834 255 1886 Fabius,
284 1835 335 1877 C.
358 1835 582 1892 Sulpicius,
612 1836 661 1877 L.
683 1835 903 1885 Aemilius,
937 1836 989 1884 Q
1013 1835 1224 1886 Servilius,
1255 1835 1317 1878 M.
1338 1835 1491 1877 Fabius

90 1892 336 1934 Ambustus.
390 1892 440 1934 In
463 1893 648 1935 secundo
670 1894 912 1949 interregno
933 1902 1023 1934 orta
1043 1894 1260 1935 contentio
1281 1901 1355 1943 cst,
1374 1893 1490 1950 quod

88 1949 175 1991 duo
207 1950 368 2006 patricii
405 1950 596 1991 consules
628 1950 903 1992 creabantur:
938 1950 1381 2006 intercedentibusque
1417 1951 1490 1991 tri-

89 2006 227 2056 bunis,
250 2008 433 2048 interrex
457 2007 608 2048 Fabius
633 2007 782 2056 aiebat,
816 2013 828 2031 ‘
844 2008 887 2048 in
917 2007 1142 2048 duodecim
1174 2008 1325 2048 tabulis
1352 2007 1487 2061 legem

91 2069 103 2087 ‘
118 2079 221 2113 esse,
244 2074 303 2114 ut,
326 2064 612 2120 quodcunque
641 2073 899 2119 postremum
928 2063 1109 2119 populus
1137 2063 1332 2112 iussisset,
1355 2064 1399 2104 id
1425 2065 1489 2104 ius

58 2137 76 2158 α
92 2125 104 2144 ‘
119 2130 342 2176 ratumque
368 2130 473 2161 essct
492 2136 501 2169 ;
535 2121 691 2161 iussum
715 2120 858 2176 populi
881 2128 922 2160 et
950 2120 1144 2174 suffragia
1164 2121 1278 2160 csse.'
1342 2119 1488 2167 Quum

90 2177 391 2219 intercedendo
409 2177 564 2218 tribuni
587 2176 692 2218 nihil
714 2176 841 2225 aliud,
859 2192 984 2232 quam
1009 2186 1054 2217 ut
1070 2175 1284 2217 differrent
1307 2177 1488 2225 comitia,

90 2234 342 2283 valuissent;
376 2235 460 2275 duo
492 2234 653 2290 patricii
685 2233 877 2275 consules
907 2234 1033 2274 creati
1067 2243 1176 2281 sunt,
1207 2233 1256 2273 C.
1280 2233 1489 2289 Sulpicius

90 2291 261 2332 Peticus
302 2293 485 2341 tertium,
530 2291 592 2332 M.
612 2290 806 2332 Valerius
847 2290 1090 2332 Publicola:
1144 2290 1378 2346 codemque
1420 2290 1488 2333 die

90 2364 130 2389 m
189 2349 376 2390 istratum
400 2349 595 2390 inierunt.

197 2406 579 2461 uadringentesimo
620 2421 744 2455 auno,
782 2421 908 2462 quam
951 2407 1048 2446 urbs
1087 2405 1279 2446 Romana
1319 2405 1489 2446 condita
1576 2411 1639 2449 18.

90 2471 190 2511 erat,
223 2464 375 2518 quinto
412 2463 632 2512 tricesimo,
667 2478 793 2519 quam
830 2478 854 2503 a
890 2463 1023 2503 Gallis
1059 2473 1313 2518 recuperata,
1351 2462 1692 2504 ablatoU-(f-wo·

90 2528 184 2575 post
215 2520 486 2562 undecimum
520 2535 678 2561 annum
712 2536 736 2562 a
769 2519 890 2576 plebe
927 2519 1160 2568 consulatu,
1195 2520 1356 2576 patricii
1388 2535 1488 2561 con·
1502 2509 1540 2539 A.
1565 2509 1692 2548 (255²-

90 2685 245 2715 calm-ihm
265 2690 448 2724 serpentum
473 2686 507 2714 in
529 2686 653 2714 modum
670 2686 766 2715 villis.
816 2684 969 2714 Laenate.

91 2728 130 2758 cf.
147 2737 232 2766 nupt.
250 2727 289 2756 iv.
309 2735 359 2765 33.
386 2726 558 2757 Frontinus·
574 2727 614 2756 dc
631 2727 766 2765 Stmtcg.
857 2736 872 2756 2
892 2728 1018 2756 [mmm
1034 2728 1164 2765 populi}
1191 2727 1348 2764 Suffragia
1360 2736 1488 2767 quoque

91 2769 121 2799 ii.
140 2781 168 2805 4.
811 2779 878 2798 055(-
906 2769 1024 2798 ius-unu
1052 2769 1185 2807 populi:
1217 2769 1386 2808 populum,
1410 2771 1486 2801 (lum

134 2822 154 2850 τ)
172 2811 224 2841 Ad
238 2812 386 2848 Sulinml
407 2810 503 2846 Quae
519 2811 558 2840 nd
575 2809 699 2839 (utinm
718 2820 765 2839 ur-
812 2810 960 2846 suffragia
973 2810 1043 2845 init,
1057 2821 1117 2840 non
1133 2811 1238 2841 minus
1255 2811 1374 2846 iubere.
1390 2823 1486 2852 quau]

91 2855 163 2884 hcm
183 2853 212 2883 in
231 2864 284 2883 ort·
301 2853 428 2883 Tiberin
444 2857 544 2882 crant.
568 2862 652 2891 supr.
671 2852 690 2882 i.
708 2861 758 2889 33.
812 2853 834 2882 ni
854 2852 1049 2889 rogationem
1074 2853 1216 2892 aliquam
1241 2854 1387 2886 scisceret
1406 2855 1488 2886 anti-

139 2905 149 2926 1
179 2897 312 2926 l'n'mm
332 2897 370 2925 de
391 2896 480 2935 plebe
503 2896 623 2932 dietus]
668 2894 766 2924 Haud
812 2900 973 2934 qum-cuc.
997 2897 1102 2926 (Ὶυπ.

91 2938 188 2969 dubie
211 2948 229 2968 a
255 2938 381 2976 pls-boio
405 2938 536 2967 ‹amu-ule
561 2937 605 2967 M.
628 2937 767 2975 l‘opillio

151 2993 246 3020 vot..
275 2993 298 3019 Ι.
1187 2994 1211 3021 Ε
1233 2997 1255 3021 C
