1934 3211
397 188 481 225 422
918 183 1067 226 ΤΙΤΙ
1109 184 1288 226 LIVII

182 286 227 318 U
244 286 282 317 C
300 295 372 326 403·
400 275 484 332 est)
511 275 562 318 C.
581 275 727 326 Iulius,
750 276 818 317 cui
850 277 1046 332 magister
1075 276 1269 332 equitum
1299 275 1487 316 adiectus
1508 274 1558 316 L.
1575 273 1796 316 Aemilius.

180 330 221 361 A
243 329 282 360 C.
300 338 372 370 349·
403 333 608 376 Ceterum
626 333 726 375 foris
747 333 973 389 tranquilla
994 334 1137 375 omnia
1155 333 1283 374 fuere.
1338 332 1570 374 Tentatum
1587 332 1703 374 domi
1722 346 1799 388 per

253 375 661 442 22·(110101010111,
694 400 741 433 ut
771 392 894 433 ambo
924 391 1089 448 patricii
1118 390 1310 432 consules
1340 398 1593 440 crearentur,
1624 404 1714 430 rem
1744 388 1802 430 ad

180 430 337 504 git-lxii?
400 450 690 506 interregnum
710 449 920 506 perduxit.
984 449 1084 489 Duo
1112 449 1341 504 interreges
1365 448 1415 489 C.
1438 448 1648 504 Sulpicius
1668 454 1711 487 et
1732 445 1797 487 M.

401 506 555 548 Fabius
587 507 825 572 interpositi
857 507 1091 555 obtinuere,
1124 505 1239 561 quod
1269 506 1449 546 dictator
1477 506 1631 546 frustra
1662 511 1799 544 teten-

401 564 531 614 derat,
564 565 728 605 mitiore
761 564 844 604 iarn
877 563 999 627 plebe
1033 563 1087 603 ob
1119 577 1264 603 recens
1299 563 1497 603 meritum
1531 561 1657 603 levati
1692 560 1799 602 aeris

183 630 226 661 U.
245 630 283 660 C
300 639 372 668 404·
400 622 539 671 alieni,
570 630 617 662 ut
647 622 770 662 ambo
800 620 964 676 patricii
996 619 1187 660 consules
1218 628 1469 660 cxmearentur
1535 618 1678 660 Creati
1707 618 1797 673 ipse

180 674 220 703 A.
246 673 283 703 C.
303 673 372 711 348-
404 679 453 721 C.
491 679 702 734 Sulpicius
742 677 925 725 Peticus,
963 676 1037 731 qui
1077 677 1191 731 prior
1230 676 1471 732 interregno
1511 676 1625 725 abiit,
1663 684 1706 716 et
1742 675 1794 717 T.

180 715 377 788 gsltqtlpicio
404 736 631 785 Quinctius
652 735 837 775 Pennus.
895 733 1081 782 Quidam
1104 733 1358 783 Kaesonem,
1377 733 1446 774 alii
1466 731 1620 774 Caium
1641 747 1797 774 nomen

181 799 339 834 Quinctio
404 793 607 841 Quinctio
641 792 855 832 adiiciunt
920 791 994 832 Ad
1028 791 1184 832 bellum
1219 791 1342 832 ambo
1374 790 1565 847 profecti,
1588 789 1797 831 Faliscum

179 843 269 873 0⁰⁸³·
402 850 642 900 Quinctius,
664 849 873 914 Sulpicius
895 848 1216 905 Tarquiniense,
1235 863 1444 904 nusquam
1465 848 1554 889 acie
1574 862 1798 903 congresso

396 908 528 957 hoste,
551 923 648 948 cum
675 907 782 963 agris
811 906 955 962 magis,
979 922 1106 962 quam
1135 921 1231 948 cum
1262 906 1515 955 hominibus,
1538 905 1700 946 urendo
1720 920 1798 971 po-

397 965 470 1021 pul
473 965 668 1030 andoque
693 972 913 1021 gesserunt
939 964 1074 1005 bella:
1109 964 1228 1005 0111115
1255 963 1393 1005 lentae
1415 963 1531 1004 velut
1551 963 1658 1005 tabis
1678 963 1796 1004 senio

396 1022 507 1063 victa
532 1023 749 1078 utriusque
774 1021 1006 1078 pertinacia
1031 1021 1178 1078 populi
1206 1030 1280 1071 est,
1310 1029 1358 1062 ut
1384 1021 1566 1077 primum
1595 1036 1619 1061 a
1645 1035 1798 1062 consu-

396 1079 518 1130 libus,
554 1080 654 1121 dein
686 1080 892 1136 permissu
925 1095 1069 1120 eorum
1106 1079 1157 1120 ab
1190 1088 1339 1120 senatu
1371 1079 1555 1120 indutias
1589 1086 1794 1135 peterent.

179 1145 332 1176 Indutiae
396 1136 448 1178 In
471 1137 749 1193 quadraginta
780 1152 911 1178 annos
941 1137 1145 1193 impetras
1149 1145 1282 1178 erunt.
1346 1136 1424 1186 Ita,
1453 1136 1589 1192 posita
1614 1136 1796 1178 duorum

176 1197 227 1225 40·
244 1197 342 1217 anno-
397 1194 614 1259 bellonun,
653 1210 760 1251 quae
797 1195 1087 1244 imminebant,
1123 1209 1234 1244 cura,
1269 1194 1371 1235 dum
1408 1193 1549 1250 aliqua
1584 1195 1635 1235 ab
1671 1194 1796 1235 armis

176 1239 346 1311 {illailqixlili-
396 1253 514 1308 quies
536 1261 655 1302 esset,
680 1267 779 1308 qnia
807 1252 958 1293 solutio
987 1252 1092 1293 aeris
1120 1251 1246 1292 alieni
1278 1251 1504 1292 multarum
1533 1266 1674 1293 rerum
1701 1266 1796 1292 mu-

176 1314 305 1344 ensibus
321 1318 352 1345 et
394 1318 462 1351 tav
465 1318 553 1351 erat
573 1310 779 1359 dominos,
802 1325 976 1351 censum
997 1310 1063 1365 agi
1084 1309 1252 1365 placuit.
1319 1308 1522 1350 Ceterum
1543 1324 1675 1365 quum
1697 1324 1826 1357 cen-3

175 1356 555 1409 13118018’501111115
577 1367 768 1408 creandis
795 1367 955 1408 indicta
979 1367 1148 1408 comitia
1173 1374 1323 1416 essent,
1345 1366 1553 1422 professus
1574 1381 1795 1408 censuram

394 1440 437 1465 se
460 1433 603 1480 petere
629 1424 678 1466 C.
700 1424 889 1466 Marcius
912 1424 1097 1474 Rutilus,
1121 1425 1195 1480 qui
1216 1424 1376 1480 primus
1396 1423 1577 1465 dictator
1597 1424 1649 1465 de
1670 1424 1795 1480 plebe

393 1481 541 1531 fueiat,
584 1482 853 1523 concordiam
893 1482 1090 1523 ordinum
1132 1482 1326 1523 turbavit.
1405 1480 1535 1530 Quod
1573 1481 1797 1524 videbatur

395 1514 569 1602 quidein
601 1548 787 1595 tempore
820 1539 957 1580 alieno
987 1539 1158 1581 fecisse·
1150 1571 1159 1588 ,
1193 1539 1293 1595 quia
1323 1539 1447 1580 ambo
1479 1548 1571 1580 tum
1590 1539 1696 1581 forte
1720 1555 1796 1596 pa—

395 1595 505 1636 tricii
527 1595 718 1636 consules
743 1606 873 1645 erant,
897 1597 971 1652 qui
995 1597 1202 1638 rationem
1230 1597 1319 1638 eius
1347 1612 1389 1638 se
1420 1596 1636 1638 habituros
1666 1612 1796 1653 nega-

395 1653 508 1693 bant.
570 1652 653 1694 Sed
674 1662 717 1694 et
738 1653 825 1708 ipse
848 1654 1084 1694 constantia
1102 1655 1319 1709 inceptum
1341 1654 1536 1704 obtinuit,
1558 1662 1601 1696 et
1622 1654 1793 1704 tribuni,

396 1710 511 1750 0111111
547 1710 587 1750 vi
623 1710 911 1765 recuperando
947 1711 1011 1751 1115
1046 1711 1332 1751 consularibus
1367 1711 1546 1751 comitiis
1581 1711 1792 1761 amissum,

395 1767 672 1808 adiuverunt.
707 1775 749 1808 et
780 1781 912 1823 quum
946 1767 1075 1823 ipsius
1104 1768 1180 1808 viri
1213 1767 1403 1808 maiestas
1436 1767 1593 1808 nullius
1623 1767 1795 1809 honoris

394 1824 606 1879 fastigium
639 1839 727 1865 11011
759 1825 978 1889 aequabat,
1009 1833 1099 1865 tum
1134 1839 1210 1880 per
1245 1824 1442 1889 eundem,
1472 1825 1545 1880 qui
1579 1825 1633 1866 ad
1660 1825 1794 1866 dicta-

395 1890 533 1921 turam
561 1881 792 1937 aperuisset
811 1882 934 1931 viam,
958 1897 1175 1922 censuram
1201 1896 1370 1946 quoque
1400 1882 1444 1922 in
1471 1889 1633 1937 partem
1653 1883 1793 1924 vocari

176 1951 213 1981 C.
227 1948 369 1979 Marcius
395 1937 539 1993 plebes
555 1954 579 1978 v
583 1938 730 1979 olebat.
775 1938 819 1978 N
822 1954 869 1979 0(
885 1939 1088 1979 variatum
1105 1939 1284 1980 comitiis
1301 1947 1375 1988 est,
1394 1938 1497 1994 quin
1514 1954 1610 1980 cum
1628 1939 1793 1981 Manlio

176 1991 298 2031 primus
311 2002 382 2063 ΟΙΕΠ
399 1994 546 2036 Gnaeo
567 2011 715 2036 censor
735 1995 923 2036 Marcius
944 2004 1163 2037 crearetur

175 2044 226 2106 {2¹³
242 2034 281 2063 de
298 2043 318 2072 p
335 2044 365 2064 e
454 2052 717 2093 Dictatorem
746 2068 916 2108 quoque
948 2053 1017 2094 hic
1046 2069 1181 2094 annus
1208 2052 1355 2094 habuit
1381 2052 1443 2094 M.
1464 2053 1654 2104 Fabium,
1675 2054 1825 2098 nuHo4

175 2118 357 2165 M.Fa1)111s
395 2118 551 2151 terrore
582 2110 694 2159 belli,
718 2110 791 2151 sed
821 2125 874 2151 ne
901 2110 1068 2151 Licinia
1096 2110 1166 2151 lex
1197 2111 1377 2152 comitiis
1405 2111 1692 2153 consularibus
1719 2112 1794 2153 ob—

174 2161 321 2192 dictator.
394 2176 637 2208 servaretur.
701 2167 908 2223 Magister
947 2168 1138 2223 equitum
1176 2168 1369 2209 dictatori
1408 2168 1577 2209 additus
1616 2168 1669 2217 Q.
1697 2168 1794 2210 Ser-

393 2224 526 2265 vilius.
591 2224 685 2265 Nec
711 2233 853 2265 tamen
873 2224 1080 2266 dictatura
1107 2225 1388 2281 potentiorem
1416 2240 1514 2266 eum
1541 2241 1792 2268 consensum

393 2280 569 2322 Patrum
600 2281 885 2323 consularibus
913 2282 1093 2323 comitiis
1122 2282 1233 2332 fecit,
1257 2298 1384 2338 quam
1416 2283 1615 2324 censoriis
1643 2284 1789 2326 fuerat.

245 2341 311 2378 23.
393 2337 456 2379 M.
482 2338 574 2394 Pop
577 2338 686 2379 illius
720 2339 885 2379 Laenas
917 2354 941 2379 a
972 2339 1095 2395 plebe
1133 2339 1291 2388 consul,
1327 2355 1351 2380 a
1383 2339 1578 2381 Patribus
1610 2340 1660 2381 L.
1683 2340 1792 2382 Cor-

176 2394 219 2425 U·
238 2395 275 2425 C.
294 2403 364 2435 405·
392 2395 529 2436 nelius
554 2395 695 2452 Scipio
716 2396 848 2437 datus.
892 2395 1079 2437 Fortuna
1099 2412 1268 2452 quoque
1291 2396 1555 2438 illustriorem
1577 2397 1791 2453 plebeium

173 2437 220 2508 ᾖ·
238 2438 402 2519 {30331750
392 2453 607 2494 consulem
628 2453 738 2494 fecit.
793 2452 907 2494 Nam
929 2468 1062 2508 quum
1082 2454 1298 2509 ingentem
1318 2453 1538 2494 Gallorum
1558 2454 1790 2496 exercitum

174 2521 437 2553 111.L.Cor-1n
469 2525 567 2574 agio
589 2510 745 2551 Latino
773 2518 906 2551 castra
935 2510 1120 2566 posuisse
1152 2511 1392 2551 nuntiatum
1421 2520 1554 2560 esset3
1592 2510 1788 2568 Scipione

172 2564 364 2595 nelioCos.s
391 2567 506 2621 gravi
553 2568 698 2608 morbo
738 2567 955 2631 implicito,
1001 2566 1212 2608 Gallicum
1252 2567 1410 2608 bellum
1449 2543 1631 2624 Popillio
1670 2577 1790 2611 extra

173 2604 348 2680 ΞΞῙΙῙΙΞᾞῙΜ
392 2624 584 2665 ordinem
605 2624 762 2665 datum.
816 2624 902 2674 Is,
892 2624 1068 2680 lmpigie
1092 2624 1279 2666 exercitu
1300 2625 1466 2681 scripto,
1490 2641 1622 2681 quum
1643 2641 1789 2668 omnes

435 2767 451 2796 3
477 2758 614 2789 Consum
630 2760 682 2798 aqi
696 2760 840 2799 placuit]
869 2759 922 2789 Ne
938 2758 1008 2798 quis
1024 2758 1065 2788 ei·
1111 2760 1293 2799 perabatur.
1318 2759 1454 2791 Niebhr.
1466 2760 1486 2791 i.
1501 2770 1531 2800 p.
1547 2760 1660 2800 571.ii.
1671 2771 1702 2792 n.
1715 2761 1786 2801 889.

390 2798 435 2828 xis
450 2801 605 2831 tributum
630 2811 687 2840 pro
710 2802 815 2839 rebus,
830 2811 912 2840 quae
935 2801 1067 2831 alterius
1154 2813 1173 2839 4
1196 2803 1298 2832 Vallo
1321 2807 1442 2833 terrore
1465 2804 1555 2841 belli]
1586 2803 1688 2833 Haud
1703 2803 1786 2833 affir-

389 2840 509 2871 domini
524 2842 628 2873 factae
642 2848 758 2879 essent
769 2844 944 2882 penderet:
963 2844 1062 2874 omni-
1109 2844 1277 2880 maverim,
1293 2844 1370 2876 belli
1388 2844 1509 2876 Gallici
1532 2844 1708 2884 ingruentis
1723 2848 1784 2875 ter—

389 2881 458 2917 bus,
483 2883 567 2912 enim
592 2885 645 2922 qui
672 2887 885 2916 censebantur
911 2886 1007 2923 civ‚es
1030 2887 1066 2916 in
1109 2896 1212 2916 rorem
1236 2890 1342 2925 patres
1366 2887 1472 2926 potius
1493 2886 1672 2935 impulisse,
1687 2886 1784 2917 111111-

387 2924 489 2953 millia
506 2926 589 2955 acris
606 2935 663 2964 pro
679 2937 775 2957 censu
793 2927 989 2966 stipendium
1008 2927 1064 2957 im
1111 2931 1266 2958 ctatorenl
1284 2932 1439 2959 cimeaient
