1934 3211
140 280 184 312 U.
202 280 240 312 C.
259 289 318 320 353

138 325 177 354 A.
203 324 241 355 C.
260 332 320 363 399

231 955 268 993 9.

142 1009 197 1040 Tr.
209 1009 282 1039 Mil.
294 1018 348 1038 an·
363 1014 370 1021 ·

142 1055 174 1081 te
191 1055 321 1090 tempus

142 1104 175 1123 se
191 1094 340 1123 abdicare

143 1140 308 1175 coguntur.

357 191 439 229 298
873 187 1021 229 ΤΙΤΙ
1061 187 1242 228 LIVII

324 301 332 310 ·
358 282 613 330 oppugnata,
645 282 859 339 superatas
883 275 1154 324 munitiones,
1171 275 1390 339 utrimque
1416 273 1560 315 invehi
1588 272 1755 314 hostem

323 347 331 355 ·
357 331 635 380 nuntiaretur,
659 331 704 371 in
735 331 859 372 armis
880 332 1032 373 milites
1066 332 1223 373 10111111·
1258 331 1292 372 51
1320 346 1425 387 opus
1444 331 1554 371 foret
1583 329 1754 378 auxilio,

359 388 563 453 collegam
597 389 795 429 dictitans
831 388 885 429 ad
921 404 962 429 se
997 404 1232 430 11115511111111
1298 388 1439 429 Huius
1475 387 1756 443 arrogantiam

357 446 589 501 pertinacia
610 445 778 486 311011115
795 446 1023 510 aequabat3
1057 446 1143 501 qui,
1162 461 1215 486 ne
1234 461 1359 510 quam
1377 460 1500 501 opem
1518 422 1594 485 abe?
1583 443 1756 484 inimico

358 502 572 543 videretur
599 503 764 557 petisse,
787 503 898 543 vinci
920 503 971 543 ab
997 503 1129 566 hoste,
1153 518 1280 558 quam
1300 503 1468 543 vincere
1498 517 1575 557 per
1604 501 1753 549 civem,

359 559 518 600 maluit.
582 560 671 600 Diu
706 560 751 599 in
787 559 928 599 medio
964 560 1072 600 caesi
1103 559 1279 600 milites:
1324 568 1548 623 postremo,
1581 557 1756 599 desertis

359 616 678 665 munitionibus,
694 616 894 671 perpauci
914 615 960 655 in
981 616 1138 656 maiora
1153 624 1298 664 castra,
1316 630 1410 670 pars
1431 616 1615 656 maxima
1627 623 1756 669 atque

359 674 447 729 ipse
488 673 656 729 Sergius
700 672 881 712 Romam
921 672 1238 736 pertenderunt.
1303 672 1389 712 Ubi
1422 687 1555 727 quum
1587 685 1757 712 omnem

359 730 527 785 culpam
555 731 599 770 in
621 729 825 784 collegam
853 728 1087 777 inclinaret,
1111 729 1236 769 acciri
1257 728 1500 784 Virginium
1526 743 1579 769 ex
1600 727 1755 776 castris,

358 787 521 827 interca
540 801 732 842 praeesse
750 786 908 841 legatos
927 785 1096 841 placuit.
1160 785 1272 826 Acta
1287 785 1469 826 deinde
1459 801 1504 826 111
1525 793 1671 826 senatu
1691 798 1758 825 res

361 852 436 892 est,
469 851 760 898 certatumque
793 843 904 883 inter
935 842 1114 898 collegas
1147 843 1391 883 maledictis.
1454 842 1587 883 Pauci
1616 842 1789 897 reipu-4

361 899 508 949 blicae,
524 900 622 941 huic
637 908 763 955 atque
778 900 851 949 illi,
861 908 908 940 ut
922 915 1112 955 quosque
1130 900 1318 941 studium
1331 899 1527 955 privatim
1541 907 1613 939 aut
1625 898 1759 954 gratia

362 966 685 1012 occupaverunt,
715 957 879 998 adsunt.
942 957 1153 998 Primores
1184 957 1373 1006 Patrum,
1402 957 1487 997 sive
1518 955 1643 1011 culpa
1671 955 1757 996 sive

361 1013 604 1055 1nfelicitate
639 1015 939 1070 imperatorum
973 1022 1057 1055 tam
1093 1014 1373 1069 ignominiosa
1408 1013 1547 1054 clades
1587 1019 1759 1067 accepta

362 1080 482 1120 05501,
510 1086 723 1120 censuere,
758 1077 769 1095 ‘
788 1070 890 1112 Non
923 1071 1257 1126 exspectandum
1292 1071 1450 1111 iustum
1486 1078 1653 1125 tempus
1688 1081 1788 1113 co-5

364 1134 375 1152 ⁶
388 1128 615 1193 mitiorum,
638 1128 712 1169 sed
740 1128 954 1183 extemplo
983 1144 1112 1169 novos
1134 1129 1324 1168 tribunos
1352 1127 1534 1168 militum
1555 1126 1758 1167 creandos

362 1191 374 1209 ‘
383 1200 484 1234 esse,
501 1186 575 1241 qui
592 1185 799 1226 Kalendis
816 1185 1072 1227 Octobribus
1086 1185 1375 1248 magistratum
1378 1185 1641 1248 0001Ρο10111.
1647 1183 1656 1200 ’
1706 1181 1759 1222 In

360 1257 487 1298 quam
497 1243 750 1283 sententiam
765 1257 896 1298 quum
911 1242 1113 1297 pedibus
1103 1250 1245 1290 iretur,
1261 1241 1389 1282 ceteri
1404 1240 1562 1281 tribuni
1575 1239 1758 1280 militum
1771 1245 1792 1278 6

360 1299 467 1339 nihil
508 1299 807 1340 contradicere.
873 1299 933 1339 At
973 1299 1186 1339 enimvero
1230 1297 1399 1354 Sergius
1439 1297 1757 1362 Virginiusque,

361 1364 533 1412 propter
566 1372 671 1411 quos
704 1356 920 1412 poenitele
955 1356 1275 1411 magistratuum
1311 1370 1401 1395 01115
1433 1354 1533 1395 311111
1566 1361 1759 1394 senatum

363 1414 602 1468 apparebat,
620 1414 756 1468 primo
778 1413 1026 1468 deprecari
1016 1412 1306 1468 ignominiam,
1321 1411 1476 1452 deinde
1497 1409 1759 1453 intercedere

364 1470 742 1510 senatusconsulto:
774 1485 940 1525 negare,
955 1485 998 1510 se
1013 1478 1109 1510 ante
1125 1469 1226 1510 Idus
1240 1469 1512 1517 Decembres,
1527 1467 1760 1509 sollennem
1775 1477 1793 1510 ⁷

364 1526 561 1566 ineundiS
589 1527 898 1581 magistratibus
929 1527 1055 1576 diem,
1084 1527 1243 1567 honore
1272 1526 1456 1566 abituros
1481 1540 1581 1566 esse.
1643 1523 1762 1565 Inter

365 1583 468 1623 haec
491 1583 647 1623 tribuni
667 1583 814 1647 plebis,
838 1599 970 1638 quum
992 1584 1036 1623 in
1062 1583 1286 1624 concordia
1306 1582 1527 1623 hominum
1546 1581 1762 1622 secundis-

365 1655 447 1695 que
462 1640 585 1681 rebus
599 1639 777 1680 civitatis
790 1640 861 1679 inv
864 1640 911 1680 iti
925 1640 1137 1680 silentium
1152 1640 1396 1688 tenuissent,
1411 1639 1571 1680 feroces
1586 1645 1760 1694 repente

365 1697 515 1737 111111311
544 1696 722 1737 tribunis
743 1696 938 1745 militum,
962 1696 1042 1736 nisi
1064 1696 1108 1735 in
1136 1696 1384 1736 auctoritate
1411 1703 1580 1736 senatus
1607 1701 1760 1743 essent,

365 1768 407 1794 se
440 1753 483 1793 in
514 1753 682 1793 vincula
718 1768 789 1793 eos
820 1753 919 1793 duci
954 1752 1136 1792 iussuros
1167 1767 1268 1793 esse.
1338 1752 1452 1792 Tum
1488 1750 1538 1791 C.
1561 1750 1762 1792 Servilius

364 1809 505 1850 Ahala
537 1811 729 1850 tribunus
762 1809 966 1850 111111111111.
1008 1814 1019 1832 ⁶
1039 1808 1169 1856 Quod
1204 1809 1258 1849 ad
1293 1823 1365 1849 vos
1405 1808 1568 1856 attinet,
1603 1807 1762 1848 tribuni

367 1867 540 1923 ‘plebis,
563 1867 781 1922 minasque
803 1875 971 1915 vestras,
994 1881 1072 1906 nae
1095 1881 1173 1929 ego
1194 1865 1375 1906 libenter
1386 1865 1616 1929 experirer,
1634 1879 1762 1920 quam

367 1930 480 1964 ‘non
511 1923 604 1979 plus
635 1924 680 1964 in
711 1924 775 1963 his
805 1924 918 1972 iuris,
949 1937 1076 1978 quam
1106 1923 1151 1962 in
1181 1922 1298 1963 vobis
1328 1922 1470 1971 animi,
1493 1929 1611 1962 esset.
1677 1920 1794 1962 Sed8

367 1986 379 2004 ⁶
395 1981 510 2021 nefas
531 1989 594 2021 est
615 1980 788 2021 tendere
811 1980 1006 2020 adversus
1027 1979 1318 2019 auctoritatem
1335 1987 1513 2019 senatus.
1576 1977 1762 2019 Proinde

369 2043 380 2061 ⁶
395 2045 438 2078 et
454 2052 525 2078 vos
547 2037 726 2078 desinite
744 2037 854 2077 inter
870 2045 1012 2077 nostra
1033 2036 1263 2077 certamina
1274 2035 1445 2076 locum
1435 2035 1613 2076 miuriae
1635 2049 1764 2090 quae-

410 2198 429 2225 4
452 2187 560 2217 Pauci
583 2187 796 2225 reipublicae]
832 2184 945 2222 Pauci,
966 2184 1043 2224 quid

368 2228 501 2269 publica
526 2228 650 2258 utilitas
680 2229 833 2267 postulet,
857 2228 1042 2257 intuentur:

367 2271 514 2311 plerique
537 2270 612 2300 huic
633 2274 731 2309 atque
748 2270 797 2299 illi
813 2270 934 2307 favent,
950 2272 1046 2308 prout

368 2323 530 2352 quemque
546 2323 724 2352 propensus
739 2312 771 2342 in
787 2312 874 2341 hunc
888 2312 938 2341 vel
951 2311 1045 2341 illum

368 2355 520 2394 privatim
536 2365 627 2385 amor
641 2358 698 2385 aut
712 2354 815 2394 gratia
830 2363 1045 2393 praeoccupa-

368 2401 495 2428 verunt.
521 2397 628 2428 szv.

414 2448 431 2479 5
455 2441 533 2469 Non
556 2439 805 2478 &vspectandzcm
828 2439 949 2468 iustum
972 2441 1046 2468 tem—

364 2493 430 2521 pus
453 2482 667 2519 comitiorum]
703 2481 825 2520 Magna
850 2480 884 2510 in
910 2479 972 2509 hoc
999 2489 1044 2509 se-

370 2523 616 2553 natusconsulto
642 2533 691 2553 res
717 2523 890 2562 agebatur:
924 2521 1046 2560 quippe

371 2566 528 2595 hactenus
565 2565 697 2595 comitia
734 2564 935 2594 tribunorum
978 2562 1045 2593 mil.

372 2618 457 2638 00115.
482 2611 641 2646 potestate
664 2610 696 2636 et
719 2606 920 2636 tribunorum
942 2604 1047 2644 plebis

372 2651 582 2679 creandorum
594 2659 670 2686 non,
678 2648 738 2678 nisi
748 2658 833 2678 anno
844 2646 1047 2686 magistratus

373 2691 579 2728 circumacto,
595 2691 707 2721 habita
725 2694 811 2727 sunt,
823 2694 854 2720 et
865 2699 965 2728 quum
978 2699 1046 2718 mu-

372 2743 447 2762 nere
475 2744 531 2763 suo
561 2733 681 2763 tribuni
709 2732 812 2772 plebis
839 2731 933 2762 tertio
959 2730 1048 2770 prius

322 2789 329 2794 -
373 2774 424 2803 die
440 2785 537 2812 quam
553 2775 672 2805 tribuni
689 2775 757 2804 mil.
771 2773 915 2804 defuncti
931 2776 1048 2810 essent,

372 2816 560 2846 candidatos
576 2827 633 2855 pro
648 2817 710 2847 hoc
726 2816 915 2855 magistratu
938 2814 1047 2845 statim

372 2866 407 2886 se
435 2867 612 2895 proponere
643 2862 803 2896 poterant,
828 2858 905 2888 dum
932 2856 1049 2886 merita

373 2908 431 2928 sua
446 2897 478 2928 in
495 2899 622 2936 plebem
639 2900 746 2930 adhuc
761 2898 903 2929 recentia
923 2902 1046 2929 essent:

1087 2194 1174 2215 nunc
1191 2194 1276 2222 vero,
1291 2184 1353 2215 hac
1376 2185 1446 2223 lege
1468 2184 1606 2223 perlata,
1621 2193 1686 2214 non
1704 2182 1765 2214 nisi

1087 2237 1204 2257 novem
1229 2226 1394 2257 mensibus
1417 2226 1551 2264 exactis,
1573 2226 1636 2256 hoc
1658 2225 1697 2256 iis
1719 2226 1765 2256 fa-

1091 2269 1243 2299 ciendum
1260 2272 1337 2299 erat.

1133 2310 1152 2341 6
1175 2312 1319 2342 Pedibus
1341 2312 1462 2348 iretur]
1503 2309 1538 2340 Is
1560 2312 1688 2340 senator
1709 2319 1764 2348 pe-

1091 2353 1184 2383 dibus
1199 2353 1267 2383 ibat
1281 2352 1314 2382 in
1330 2352 1473 2391 aliquam
1489 2351 1693 2388 sententiam,
1709 2350 1764 2390 qui

1090 2404 1155 2425 non
1179 2404 1257 2425 voce
1279 2397 1336 2424 aut
1362 2393 1506 2423 oratione
1529 2392 1606 2431 quid
1632 2392 1765 2423 sentiret

1091 2437 1287 2476 exponebat,
1317 2436 1372 2466 sed
1405 2435 1473 2465 solo
1510 2435 1632 2474 pedum
1661 2437 1765 2472 motu,

1090 2479 1286 2508 transeundo
1312 2477 1435 2507 scilieet
1460 2477 1493 2507 in
1522 2476 1606 2507 hanc
1632 2475 1765 2507 illamve

1091 2523 1228 2560 partem.
1252 2520 1358 2550 CREv.
1396 2518 1486 2549 Hinc
1498 2519 1627 2558 pedarii
1641 2522 1764 2549 senato-

1090 2573 1151 2600 res,
1167 2572 1219 2601 ap.
1236 2562 1276 2592 A.
1294 2561 1406 2592 Gell.'
1398 2561 1441 2592 111.
1463 2561 1510 2591 18.

1136 2611 1152 2643 7
1174 2605 1255 2634 Idus
1267 2604 1472 2640 Decembres]
1498 2602 1537 2633 cf.
1554 2602 1647 2642 Supr.
1660 2602 1700 2633 iv.
1715 2609 1764 2642 37.

1134 2647 1152 2676 8
1175 2647 1253 2676 Non
1265 2646 1342 2685 plus
1357 2647 1393 2675 in
1408 2646 1457 2675 his
1471 2646 1569 2682 iuris]
1596 2654 1638 2675 sc.
1653 2645 1694 2675 In
1706 2644 1765 2675 mi-

1090 2688 1141 2718 nis
1158 2687 1277 2718 vestris.
1302 2687 1340 2717 cf.
1358 2697 1444 2726 supr.
1460 2687 1501 2718 iv.
1520 2686 1568 2718 26.
1585 2686 1641 2716 ubi
1657 2687 1766 2724 verba,

1090 2731 1246 2770 siquidem
1276 2731 1343 2769 σορκ·
1371 2730 1498 2769 aliquid
1521 2739 1583 2768 pro
1609 2733 1765 2768 potestate

1092 2774 1131 2803 ab
1161 2773 1290 2802 tribuno
1324 2772 1478 2809 consules,
1508 2776 1538 2802 et
1567 2772 1604 2801 in
1633 2770 1764 2801 vincula

1090 2816 1187 2845 etiam
1218 2814 1292 2844 duci
1326 2817 1467 2852 possent,
1497 2822 1572 2844 cum
1602 2812 1664 2843 hoc
1692 2811 1764 2841 loco

1093 2865 1235 2896 pugnare
1252 2855 1410 2887 videntur.
