1934 3211
539 183 666 224 LIB.
705 183 738 224 I.
786 183 931 224 CAP.
973 187 1038 224 34.
1427 188 1479 226 41

96 271 189 322 loci,
219 270 293 313 sed
322 285 376 311 ne
407 270 575 326 quando
606 285 656 312 ea
682 286 755 312 arx
785 271 968 312 hostium
996 278 1114 312 esset.
1178 270 1229 311 Id
1257 286 1342 312 non
1363 287 1484 314 muro
1498 279 1567 328 prbi
1584 290 1657 311 con-

96 329 242 378 solum,
275 327 349 369 sed
383 329 521 378 etiam,
558 328 611 370 ob
642 328 981 370 commoditatem
1016 328 1189 378 itineris,
1225 338 1353 384 ponte
1389 332 1486 371 sub·
1498 327 1655 354 mut-tum.

67 386 204 435 8licio,
233 394 324 427 tum
355 385 537 442 primum
565 385 610 426 in
637 385 784 427 Tiberi
810 385 931 436 facto,
960 386 1159 442 coniungi
1190 386 1283 427 urbi
1315 386 1483 442 placuit.

66 442 330 492 9Quiritium
371 458 540 499 quoque
582 443 700 494 fossa,
743 443 857 484 haud
897 458 1072 500 parvum
1112 444 1422 485 munimentum
1464 460 1488 486 a

96 500 351 557 planioribus
371 500 488 542 aditu
508 500 620 551 locis,
644 501 757 542 Anci
777 501 886 558 regis
906 516 1010 558 opus
1031 510 1104 542 est.
1161 501 1362 558 Ingenti'
1352 516 1488 544 mere-

96 566 239 599 mento
259 559 383 600 rebus
403 558 546 608 auctis,
579 574 710 615 quum
731 559 776 599 in
807 568 923 600 tanta
952 558 1222 600 multitudine
1253 559 1487 610 hominum,

96 614 334 657 discrimine
356 625 468 658 recte
490 631 543 658 an
572 631 791 673 perperam
818 617 916 658 facti
946 616 1130 666 confuso,
1161 617 1346 658 facinora
1375 617 1489 658 clan-

96 672 260 714 destina
290 673 452 724 fierent,
489 688 629 715 carcer
663 674 717 715 ad
752 683 951 716 terrorem
986 675 1255 716 increscentis
1291 675 1488 717 audaciae

96 729 236 772 media
261 732 410 781 urbe,
400 732 624 773 1mminens
648 732 737 774 foro
759 732 1013 774 aedificatur.
1077 731 1171 774 Nec
1199 733 1296 774 urbs
1325 742 1488 774 tantum
1503 739 1637 780 Imperii
1654 741 1688 789 fi3

95 787 177 830 hoc
211 803 308 845 rege
340 790 482 840 crevit,
514 789 588 831 sed
620 790 746 831 etiam
782 805 880 846 ager
914 790 1116 855 finesque.
1181 790 1293 832 Silva
1328 790 1491 833 Maesia
1502 784 1698 823 nesprolati.

96 844 348 888 Veientibus
368 847 489 888 adem
523 857 576 896 ta,
599 862 731 903 usque
753 848 806 888 ad
827 863 940 889 mare
961 848 1184 904 imperium
1204 848 1425 905 prolatum,
1448 857 1491 890 et

67 903 142 945 1in
176 918 246 946 ore
283 904 450 946 Tiberis
529 905 606 946 Stia
641 906 739 946 urbs
775 905 968 947 condita:
1007 905 1162 947 salinae
1198 906 1308 947 circa
1341 906 1488 957 factae,

96 962 348 1019 egregieque
373 963 496 1005 rebus
522 962 634 1004 bello
661 963 799 1020 gestis,
828 963 943 1005 aedis
968 960 1079 1005 Iovis
1107 963 1284 1005 Feretrii
1311 964 1490 1021 amplifi-

97 1028 200 1062 cata.

65 1089 84 1112 2
155 1076 279 1120 Anco
299 1086 516 1135 regnante,
539 1078 744 1129 Lucumo,
765 1079 829 1120 vir
855 1079 1034 1136 impiger
1063 1094 1110 1121 ac
1141 1079 1297 1121 divitiis
1326 1088 1488 1137 potens,
1573 1089 1640 1127 34

99 1134 281 1177 Romam
323 1136 623 1201 commigravit,
663 1136 862 1192 cupidine
907 1152 1088 1178 maxlme
1138 1153 1184 1179 ac
1229 1152 1300 1194 spe
1349 1138 1489 1195 magni
1506 1143 1548 1175 U.
1566 1144 1604 1176 C
1626 1154 1693 1176 ιιι.

96 1192 278 1243 honoris,
321 1194 439 1234 cuius
478 1193 737 1250 adipiscendi
778 1194 1020 1250 Tarquiniis
1064 1194 1182 1251 (nam
1222 1195 1280 1237 ibi
1321 1187 1543 1251 quoqueA·
1567 1187 1605 1218 C.
1622 1186 1662 1227 63
1669 1197 1694 1218 ¹·

97 1251 319 1316 peregrina
348 1251 474 1307 stirpe
508 1251 710 1292 oriundus
742 1251 851 1308 erat)
877 1252 1050 1293 facultas
1078 1268 1163 1293 non
1194 1253 1338 1294 fuerat.
1403 1253 1491 1295 Da·
1504 1197 1694 1303 &gastim

67 1308 246 1350 amarati
289 1307 502 1350 Corinthii
551 1308 660 1350 filius
707 1318 820 1359 erat3
868 1310 953 1365 qui,
997 1310 1049 1351 ob
1095 1310 1320 1351 seditiones
1365 1310 1490 1353 domo
1504 1325 1589 1344 mam
1612 1314 1708 1346 xenit.

98 1365 311 1423 profugus,
353 1381 484 1422 quum
526 1366 766 1423 Tarquiniis
805 1367 910 1408 forte
951 1367 1217 1417 consedisset,
1259 1383 1389 1409 uxore
1433 1369 1491 1410 ibi

99 1423 238 1474 ducta,
279 1423 384 1465 duos
423 1423 529 1465 filios
567 1425 725 1480 genuit.
799 1423 987 1465 Nomina
1026 1424 1091 1465 his
1131 1424 1323 1467 Lucumo
1364 1434 1490 1482 atque

100 1481 244 1523 Aruns
263 1481 444 1522 fuerunt.
497 1481 690 1522 Lucumo
710 1482 914 1537 superfuit
934 1482 1053 1538 patri,
1075 1482 1280 1523 bonorum
1302 1498 1490 1524 omnlum

98 1538 244 1580 heres:
290 1538 433 1579 Aruns
463 1538 586 1594 prior,
619 1554 746 1595 quam
776 1547 907 1595 pater,
939 1539 1125 1589 moritur,
1158 1555 1287 1582 uxore
1319 1541 1491 1597 gravida

98 1595 251 1638 relicta.
314 1595 407 1637 Nec
438 1595 512 1637 diu
542 1605 683 1638 manet
713 1607 920 1653 superstes
949 1596 1036 1638 filio
1066 1605 1206 1653 pater:
1240 1598 1313 1654 qui
1345 1614 1488 1655 quum,
1505 1614 1584 1646 Eum
1598 1626 1699 1655 genus

98 1653 294 1710 ignorans
339 1668 492 1694 nurum
538 1663 727 1696 ventrem
773 1654 893 1720 ferre,
942 1655 1162 1696 immemor
1207 1655 1251 1696 in
1298 1656 1490 1698 testando
1503 1659 1628 1690 etnta.

98 1711 262 1768 nepotis
278 1710 533 1761 decessisset,
548 1727 691 1768 puero,
709 1721 801 1769 post
814 1713 879 1753 avi
894 1721 1070 1754 mortem
1092 1713 1135 1753 in
1157 1713 1315 1754 nuHam
1337 1724 1490 1756 sortem

97 1768 303 1811 bonorum
343 1778 455 1820 nato,
491 1770 543 1811 ab
579 1770 721 1827 inopia
755 1770 908 1827 Egerio
949 1770 1131 1812 inditum
1171 1786 1338 1814 nomen.
1402 1772 1490 1814 Lu-

99 1966 150 1997 lus
186 1966 356 1998 Romanus
391 1966 549 1998 transierit
590 1967 621 1997 in
660 1977 770 2007 agrum

100 2008 285 2040 Etruscum.
331 2010 371 2041 Id
391 2015 460 2040 tum
481 2010 713 2041 communitum
731 2011 772 2040 ab

99 2052 205 2090 Anco,
218 2063 282 2083 non
300 2062 372 2083 vere
390 2053 551 2083 adiectum
568 2059 625 2083 aut
641 2053 771 2084 coniun-

100 2098 188 2126 ctum
210 2094 279 2125 urbi
301 2095 434 2126 videtur.
458 2096 564 2127 Cussv.

143 2138 163 2169 8
185 2139 290 2169 Ponte
303 2139 452 2176 mblicio]
487 2138 553 2174 Qui
579 2138 774 2169 innitebatur

101 2179 184 2220 palis
195 2191 219 2211 s.
230 2180 372 2211 trabibus
381 2186 413 2211 et
425 2181 530 2220 tignis,
541 2192 623 2221 quae
634 2182 774 2212 sublicae

101 2222 301 2260 dicebantur,
324 2224 373 2254 vel
399 2223 452 2263 qui
477 2235 515 2254 ex
538 2225 690 2259 trabibus,
706 2224 774 2254 sinc

101 2265 188 2296 omni
204 2276 277 2296 aere
299 2270 355 2296 aut
378 2267 469 2304 ferm,
486 2267 681 2306 compositus
696 2272 774 2303 erat,

817 1966 915 1999 Dion.
954 1968 995 1999 iii.
1031 1981 1081 2008 44.
1126 1969 1209 2000 Plin.
1241 1969 1286 2000 H.
1316 1970 1358 2001 N.
1392 1970 1432 2001 iv.
1461 1980 1490 2010 5.

818 2011 927 2050 Heyn.
956 2014 1075 2051 Opuse.
1104 2013 1204 2043 Acad.
1228 2023 1256 2043 v.
1280 2023 1309 2052 p.
1328 2012 1400 2051 416.
1461 2015 1489 2044 A

814 2055 928 2083 salinis
950 2059 1057 2084 autem
1077 2056 1163 2085 circa
1179 2055 1280 2093 fite-tis
1304 2066 1419 2086 nomen
1440 2066 1490 2086 ae-

817 2096 902 2135 cepit
933 2098 986 2126 via
1015 2098 1150 2132 salaria,
1177 2108 1259 2136 quac
1293 2097 1323 2127 in
1357 2098 1492 2129 Sabinos

816 2139 949 2175 ferebat,
971 2139 1032 2175 vel,
1057 2144 1091 2169 ut
1115 2140 1229 2169 Festus
1253 2139 1342 2174 dicit,
1364 2151 1384 2170 a
1413 2141 1491 2176 saie,

817 2182 901 2220 quod
933 2191 989 2220 per
1018 2192 1089 2212 cain
1117 2182 1226 2213 Sabini
1256 2183 1442 2213 deferebant
1472 2194 1491 2214 a

818 2224 907 2255 mari.
934 2224 1018 2255 Rue.

862 2277 877 2297 2
902 2268 1060 2305 Lucumo]
1108 2267 1312 2298 Lucumones
1348 2269 1491 2299 sacerdo-

100 2307 147 2339 ita
162 2308 316 2349 disposita
336 2309 585 2349 contignatione,
602 2315 636 2340 ut
655 2309 773 2340 exime-

102 2356 212 2382 rentur
233 2352 338 2382 trabes
359 2363 397 2382 ac
420 2358 659 2392 reponerentur,
675 2358 706 2382 et
727 2353 775 2382 vel

102 2394 230 2425 clavum
244 2394 281 2424 iis
292 2395 409 2426 addere
423 2395 564 2433 religioni
581 2401 671 2425 esset.
693 2395 774 2426 l'iiu.

104 2436 150 2468 H.
168 2437 212 2468 N.
229 2437 337 2468 xxxvi.
360 2447 405 2477 15.
426 2438 508 2469 lit-v.
557 2438 716 2468 Nimirum
742 2443 776 2468 ut

105 2479 249 2511 Etruscis
271 2480 415 2511 hostibus
434 2480 585 2511 transitus
600 2481 735 2515 Tiberis,
750 2481 775 2511 si

104 2520 150 2552 ita
173 2522 345 2562 placuisset
367 2523 534 2560 Romanis,
551 2524 774 2554 intereludere-

104 2568 165 2595 tur.

146 2616 167 2648 9
189 2608 364 2645 Quiritium
379 2610 493 2647 Fossa]
523 2609 609 2640 Hml.
625 2610 670 2639 La
686 2610 775 2639 Mar-

104 2660 201 2685 rana,
221 2660 316 2689 quam
343 2650 475 2683 Niebbr.
497 2652 537 2682 ab
561 2651 719 2682 radicibus
737 2653 775 2681 Λ-

106 2692 226 2723 ventini
249 2692 415 2732 Capenam
441 2699 562 2733 portam
591 2705 695 2725 versus
723 2705 778 2734 per

107 2736 236 2771 vallem,
266 2740 376 2774 postea
407 2735 509 2766 vicum
542 2738 672 2776 Septem
701 2737 777 2766 Vias

105 2777 238 2813 dictam,
267 2788 349 2817 (luae
379 2778 525 2808 Coelium
566 2784 706 2809 montem
745 2784 777 2809 et

108 2820 292 2851 Palatinum
313 2820 444 2857 dirimit,
460 2821 589 2851 ductam
614 2822 708 2851 fuisse
730 2832 776 2851 ar-

106 2863 249 2894 bitratur.
298 2863 371 2893 liae
403 2864 484 2893 soi-esa
513 2874 615 2902 aquae
644 2875 663 2894 a
696 2864 778 2894 valle

105 2906 252 2938 Murciae
269 2905 298 2936 in
317 2906 457 2936 Tiberim
475 2906 636 2936 derivatae
652 2912 735 2937 sunt.

154 2958 163 2979 Ι
192 2950 300 2987 Ostia]
331 2949 370 2980 ef.
397 2948 464 2981 Cic.
492 2949 531 2979 de
563 2949 642 2988 step.
676 2949 705 2980 ii.
736 2952 778 2979 18.

819 2316 886 2339 tum
916 2320 993 2347 gens
1028 2311 1114 2350 apud
1149 2311 1299 2341 Etruscos
1335 2312 1492 2347 militaria,

820 2353 948 2391 qualem
968 2364 1024 2383 nos
1041 2354 1134 2392 vulgo
1154 2353 1301 2389 dicimus,
1316 2365 1335 2384 a
1360 2356 1492 2385 warliloe

819 2397 998 2426 sacerdotal
1021 2401 1122 2433 ειη-[0,-
1156 2396 1291 2435 patricii,
1318 2407 1380 2427 non
1405 2407 1493 2437 reges

823 2438 957 2469 Niebhr.
975 2438 992 2469 i.
1011 2449 1041 2477 p.
1060 2448 1129 2478 372.

864 2490 881 2519 3
909 2483 1098 2519 Damarata]
1141 2481 1352 2512 Damaratum
1380 2482 1492 2513 Corin-

820 2523 957 2553 thiorum
983 2529 1153 2563 tyrannum
1175 2524 1204 2554 iu
1227 2524 1353 2554 ltaliam
1379 2525 1493 2563 fugim-

820 2566 1023 2596 eonsentiunt
1040 2566 1107 2597 (fic.
1125 2567 1164 2597 de
1184 2567 1266 2606 lta-p.
1288 2567 1318 2597 ii.
1341 2577 1384 2608 Η).
1417 2568 1492 2598 Dio-

821 2619 888 2648 nys.
914 2609 954 2639 iii.
980 2608 1029 2647 46.
1078 2609 1200 2639 Fietain
1229 2615 1336 2639 autem
1363 2611 1493 2641 omnim»

820 2662 839 2681 a
853 2652 1014 2682 Graeculo
1027 2653 1164 2690 qumiam
1180 2652 1262 2681 bane
1275 2653 1493 2693 tiibulam,qui

821 2704 976 2724 annorum
1008 2694 1090 2724 iuter
1116 2695 1291 2734 Cypselum
1317 2701 1347 2726 et
1375 2696 1492 2727 Dama-

821 2743 924 2766 ratum
954 2737 1106 2767 rationem
1141 2748 1201 2767 non
1234 2737 1356 2774 babuit,
1385 2744 1492 2770 censet

824 2779 956 2809 Niebbr.
1002 2779 1056 2818 qui
1100 2779 1312 2818 Tarquinium
1358 2781 1493 2812 Etrusca

821 2822 918 2861 stirpe
934 2821 1102 2852 oriundum
1121 2823 1282 2861 qumidam
1304 2825 1493 2856 autumavit.

822 2865 861 2894 et'.
875 2865 990 2895 Claud.
1009 2865 1091 2904 lmp.
1106 2867 1194 2896 (inu.
1211 2866 1297 2906 apud
1315 2867 1443 2898 Gruter.
1464 2879 1493 2907 p.

825 2916 883 2937 mi.
906 2908 968 2937 Sed
982 2907 1094 2938 ultima
1106 2918 1201 2938 mauu
1216 2909 1364 2940 Latinum
1377 2921 1450 2940 euni
1463 2916 1494 2940 et

829 2950 985 2981 lau-erum
1015 2955 1182 2990 patronum
1205 2951 1327 2992 scripsit
1355 2953 1488 2984 Niebhr.
