<?xml version="1.0" encoding="UTF-8"?>
<!DOCTYPE html PUBLIC "-//W3C//DTD XHTML 1.0 Transitional//EN"
    "http://www.w3.org/TR/xhtml1/DTD/xhtml1-transitional.dtd">
<html xmlns="http://www.w3.org/1999/xhtml" xml:lang="en" lang="en">
 <head>
  <title>
</title>
<meta http-equiv="Content-Type" content="text/html;charset=utf-8" />
  <meta name='ocr-system' content='tesseract 3.04.00' />
  <meta name='ocr-capabilities' content='ocr_page ocr_carea ocr_par ocr_line ocrx_word'/>
</head>
<body>
  <div class='ocr_page' id='page_1' title='image "./historiarumli01livyuoft_0430.png"; bbox 0 0 1934 3211; ppageno 0'>
   <div class='ocr_carea' id='block_1_1' title="bbox 169 188 1818 1997">
    <p class='ocr_par' dir='ltr' id='par_1_1' title="bbox 169 188 1817 1654">
     <span class='ocr_line' id='line_1_1' title="bbox 389 188 1275 231; baseline 0.001 -1"><span class='ocrx_word' id='word_1_1' title='bbox 389 191 474 230; x_wconf 88' lang='grc'>416</span> <span class='ocrx_word' id='word_1_2' title='bbox 902 189 942 231; x_wconf 92' lang='lat' dir='ltr'>T</span> <span class='ocrx_word' id='word_1_3' title='bbox 951 188 1053 231; x_wconf 92' lang='lat' dir='ltr'>ITI</span> <span class='ocrx_word' id='word_1_4' title='bbox 1094 188 1212 231; x_wconf 89' lang='lat' dir='ltr'>LIV</span> <span class='ocrx_word' id='word_1_5' title='bbox 1223 188 1275 230; x_wconf 92' lang='lat' dir='ltr'>II</span> 
     </span>
     <span class='ocr_line' id='line_1_2' title="bbox 171 283 1784 350; baseline 0.002 -28"><span class='ocrx_word' id='word_1_6' title='bbox 171 291 217 323; x_wconf 87' lang='lat' dir='ltr'>U.</span> <span class='ocrx_word' id='word_1_7' title='bbox 233 291 272 323; x_wconf 81' lang='lat' dir='ltr'>c.</span> <span class='ocrx_word' id='word_1_8' title='bbox 291 291 362 333; x_wconf 84' lang='lat'>398.</span> <span class='ocrx_word' id='word_1_9' title='bbox 389 285 637 327; x_wconf 84' lang='lat' dir='ltr'>concionem</span> <span class='ocrx_word' id='word_1_10' title='bbox 653 284 867 335; x_wconf 82' lang='lat' dir='ltr'>militibus,</span> <span class='ocrx_word' id='word_1_11' title='bbox 898 290 910 309; x_wconf 82' lang='lat'>‘</span> <span class='ocrx_word' id='word_1_12' title='bbox 926 285 1076 327; x_wconf 88' lang='lat' dir='ltr'>Castra</span> <span class='ocrx_word' id='word_1_13' title='bbox 1095 284 1235 334; x_wconf 90' lang='lat' dir='ltr'>nunc,&#39;</span> <span class='ocrx_word' id='word_1_14' title='bbox 1250 284 1402 340; x_wconf 87' lang='lat' dir='ltr'>inquit,</span> <span class='ocrx_word' id='word_1_15' title='bbox 1426 284 1566 326; x_wconf 89' lang='lat' dir='ltr'>‘vobis</span> <span class='ocrx_word' id='word_1_16' title='bbox 1586 283 1784 350; x_wconf 82' lang='lat' dir='ltr'>hostium,</span> 
     </span>
     <span class='ocr_line' id='line_1_3' title="bbox 171 334 1786 406; baseline -0.001 -22"><span class='ocrx_word' id='word_1_17' title='bbox 171 334 212 365; x_wconf 85' lang='lat' dir='ltr'>A.</span> <span class='ocrx_word' id='word_1_18' title='bbox 235 334 274 366; x_wconf 89' lang='lat' dir='ltr'>C.</span> <span class='ocrx_word' id='word_1_19' title='bbox 291 343 363 375; x_wconf 84' lang='lat'><strong>354·</strong></span> <span class='ocrx_word' id='word_1_20' title='bbox 391 347 404 366; x_wconf 86' lang='lat'>‘</span> <span class='ocrx_word' id='word_1_21' title='bbox 419 343 651 398; x_wconf 87' lang='lat' dir='ltr'><strong>urbemque</strong></span> <span class='ocrx_word' id='word_1_22' title='bbox 675 342 855 399; x_wconf 83' lang='lat' dir='ltr'>praedae</span> <span class='ocrx_word' id='word_1_23' title='bbox 883 342 951 392; x_wconf 89' lang='lat' dir='ltr'>do,</span> <span class='ocrx_word' id='word_1_24' title='bbox 974 342 1008 383; x_wconf 92' lang='lat' dir='ltr'>si</span> <span class='ocrx_word' id='word_1_25' title='bbox 1038 341 1142 382; x_wconf 82' lang='lat' dir='ltr'>mihi</span> <span class='ocrx_word' id='word_1_26' title='bbox 1172 340 1444 406; x_wconf 80' lang='lat' dir='ltr'>pollicemini,</span> <span class='ocrx_word' id='word_1_27' title='bbox 1465 357 1538 383; x_wconf 90' lang='lat' dir='ltr'>vos</span> <span class='ocrx_word' id='word_1_28' title='bbox 1559 342 1750 383; x_wconf 86' lang='lat' dir='ltr'>fortiter</span> <span class='ocrx_word' id='word_1_29' title='bbox 1739 357 1786 383; x_wconf 89' lang='lat' dir='ltr'>m</span> 
     </span>
     <span class='ocr_line' id='line_1_4' title="bbox 391 398 1783 456; baseline -0.001 -15"><span class='ocrx_word' id='word_1_30' title='bbox 391 405 404 424; x_wconf 88' lang='lat'>‘</span> <span class='ocrx_word' id='word_1_31' title='bbox 419 400 506 441; x_wconf 87' lang='lat' dir='ltr'>acie</span> <span class='ocrx_word' id='word_1_32' title='bbox 528 415 699 456; x_wconf 83' lang='lat' dir='ltr'>operam</span> <span class='ocrx_word' id='word_1_33' title='bbox 719 408 954 449; x_wconf 85' lang='lat' dir='ltr'>navaturos,</span> <span class='ocrx_word' id='word_1_34' title='bbox 976 414 1055 440; x_wconf 91' lang='lat' dir='ltr'>nec</span> <span class='ocrx_word' id='word_1_35' title='bbox 1083 398 1263 455; x_wconf 84' lang='lat' dir='ltr'>praedae</span> <span class='ocrx_word' id='word_1_36' title='bbox 1291 398 1436 455; x_wconf 83' lang='lat' dir='ltr'>magiS,</span> <span class='ocrx_word' id='word_1_37' title='bbox 1454 414 1581 455; x_wconf 90' lang='lat' dir='ltr'>quam</span> <span class='ocrx_word' id='word_1_38' title='bbox 1601 414 1783 455; x_wconf 86' lang='lat' dir='ltr'>pugnae,</span> 
     </span>
     <span class='ocr_line' id='line_1_5' title="bbox 390 455 1784 513; baseline -0.001 -14.98"><span class='ocrx_word' id='word_1_39' title='bbox 390 463 581 513; x_wconf 90' lang='lat' dir='ltr'>‘paratos</span> <span class='ocrx_word' id='word_1_40' title='bbox 602 458 717 498; x_wconf 59' lang='lat' dir='ltr'>esse!</span> <span class='ocrx_word' id='word_1_41' title='bbox 781 456 958 513; x_wconf 83' lang='lat' dir='ltr'>Signum</span> <span class='ocrx_word' id='word_1_42' title='bbox 978 465 1157 512; x_wconf 89' lang='lat' dir='ltr'>poscunt</span> <span class='ocrx_word' id='word_1_43' title='bbox 1177 456 1340 511; x_wconf 79' lang='lat' dir='ltr'>ingenti</span> <span class='ocrx_word' id='word_1_44' title='bbox 1361 455 1565 497; x_wconf 86' lang='lat' dir='ltr'>clamore:</span> <span class='ocrx_word' id='word_1_45' title='bbox 1599 456 1784 512; x_wconf 87' lang='lat' dir='ltr'>celsique</span> 
     </span>
     <span class='ocr_line' id='line_1_6' title="bbox 388 513 1784 570; baseline -0.001 -15"><span class='ocrx_word' id='word_1_46' title='bbox 388 523 431 555; x_wconf 92' lang='lat' dir='ltr'>et</span> <span class='ocrx_word' id='word_1_47' title='bbox 461 529 533 570; x_wconf 90' lang='lat' dir='ltr'>spe</span> <span class='ocrx_word' id='word_1_48' title='bbox 563 514 679 556; x_wconf 92' lang='lat' dir='ltr'>haud</span> <span class='ocrx_word' id='word_1_49' title='bbox 708 514 836 555; x_wconf 90' lang='lat' dir='ltr'>dubia</span> <span class='ocrx_word' id='word_1_50' title='bbox 859 514 1016 555; x_wconf 89' lang='lat' dir='ltr'>feroces</span> <span class='ocrx_word' id='word_1_51' title='bbox 1048 513 1093 553; x_wconf 92' lang='lat' dir='ltr'>in</span> <span class='ocrx_word' id='word_1_52' title='bbox 1124 513 1332 569; x_wconf 89' lang='lat' dir='ltr'>proelium</span> <span class='ocrx_word' id='word_1_53' title='bbox 1356 513 1526 554; x_wconf 87' lang='lat' dir='ltr'>vadunt.</span> <span class='ocrx_word' id='word_1_54' title='bbox 1589 513 1656 554; x_wconf 89' lang='lat' dir='ltr'>Ibi</span> <span class='ocrx_word' id='word_1_55' title='bbox 1686 521 1784 554; x_wconf 89' lang='lat' dir='ltr'>ante</span> 
     </span>
     <span class='ocr_line' id='line_1_7' title="bbox 389 570 1782 634; baseline -0.001 -22"><span class='ocrx_word' id='word_1_56' title='bbox 389 572 508 628; x_wconf 88' lang='lat' dir='ltr'>signa</span> <span class='ocrx_word' id='word_1_57' title='bbox 546 571 641 613; x_wconf 82' lang='lat' dir='ltr'>Sex.</span> <span class='ocrx_word' id='word_1_58' title='bbox 666 571 844 620; x_wconf 91' lang='lat' dir='ltr'>Tullius,</span> <span class='ocrx_word' id='word_1_59' title='bbox 882 571 934 611; x_wconf 92' lang='lat' dir='ltr'>de</span> <span class='ocrx_word' id='word_1_60' title='bbox 976 585 1061 634; x_wconf 87' lang='lat' dir='ltr'>quo</span> <span class='ocrx_word' id='word_1_61' title='bbox 1101 579 1197 610; x_wconf 91' lang='lat' dir='ltr'>ante</span> <span class='ocrx_word' id='word_1_62' title='bbox 1234 570 1395 610; x_wconf 89' lang='lat' dir='ltr'>dictum</span> <span class='ocrx_word' id='word_1_63' title='bbox 1435 579 1509 620; x_wconf 91' lang='lat' dir='ltr'>est,</span> <span class='ocrx_word' id='word_1_64' title='bbox 1552 570 1782 612; x_wconf 85' lang='lat' dir='ltr'>exclamat.</span> 
     </span>
     <span class='ocr_line' id='line_1_8' title="bbox 391 625 1784 692; baseline -0.001 -23"><span class='ocrx_word' id='word_1_65' title='bbox 391 634 404 652; x_wconf 91' lang='lat'>‘</span> <span class='ocrx_word' id='word_1_66' title='bbox 419 628 590 684; x_wconf 88' lang='lat' dir='ltr'>Aspice,</span> <span class='ocrx_word' id='word_1_67' title='bbox 607 628 856 692; x_wconf 81' lang='lat' dir='ltr'>imperator,’</span> <span class='ocrx_word' id='word_1_68' title='bbox 878 627 1029 682; x_wconf 90' lang='lat' dir='ltr'>inquit,</span> <span class='ocrx_word' id='word_1_69' title='bbox 1055 632 1066 650; x_wconf 79' lang='lat'>‘</span> <span class='ocrx_word' id='word_1_70' title='bbox 1079 625 1437 690; x_wconf 81' lang='lat' dir='ltr'>quemadmodum</span> <span class='ocrx_word' id='word_1_71' title='bbox 1458 628 1666 668; x_wconf 85' lang='lat' dir='ltr'>exercitus</span> <span class='ocrx_word' id='word_1_72' title='bbox 1686 636 1784 669; x_wconf 89' lang='lat' dir='ltr'>tuus</span> 
     </span>
     <span class='ocr_line' id='line_1_9' title="bbox 391 683 1785 749; baseline -0.001 -23"><span class='ocrx_word' id='word_1_73' title='bbox 391 686 494 726; x_wconf 91' lang='lat' dir='ltr'>‘tibi</span> <span class='ocrx_word' id='word_1_74' title='bbox 524 685 726 749; x_wconf 83' lang='lat' dir='ltr'>promissa</span> <span class='ocrx_word' id='word_1_75' title='bbox 754 683 979 740; x_wconf 74' lang='lat' dir='ltr'>praestetz&#39;</span> <span class='ocrx_word' id='word_1_76' title='bbox 1009 683 1180 738; x_wconf 92' lang='lat' dir='ltr'>piloque</span> <span class='ocrx_word' id='word_1_77' title='bbox 1211 683 1360 738; x_wconf 89' lang='lat' dir='ltr'>posito,</span> <span class='ocrx_word' id='word_1_78' title='bbox 1393 684 1536 725; x_wconf 92' lang='lat' dir='ltr'>stricto</span> <span class='ocrx_word' id='word_1_79' title='bbox 1567 684 1708 749; x_wconf 79' lang='lat' dir='ltr'>gladio</span> <span class='ocrx_word' id='word_1_80' title='bbox 1738 684 1785 725; x_wconf 89' lang='lat' dir='ltr'>in</span> 
     </span>
     <span class='ocr_line' id='line_1_10' title="bbox 388 739 1786 805; baseline -0.001 -22"><span class='ocrx_word' id='word_1_81' title='bbox 388 742 552 783; x_wconf 90' lang='lat' dir='ltr'>hostem</span> <span class='ocrx_word' id='word_1_82' title='bbox 586 742 793 805; x_wconf 82' lang='lat' dir='ltr'>impetum</span> <span class='ocrx_word' id='word_1_83' title='bbox 828 741 938 781; x_wconf 89' lang='lat' dir='ltr'>facit.</span> <span class='ocrx_word' id='word_1_84' title='bbox 1004 740 1249 796; x_wconf 87' lang='lat' dir='ltr'>Sequuntur</span> <span class='ocrx_word' id='word_1_85' title='bbox 1289 739 1480 781; x_wconf 91' lang='lat' dir='ltr'>Tullium</span> <span class='ocrx_word' id='word_1_86' title='bbox 1521 741 1786 796; x_wconf 86' lang='lat' dir='ltr'>antesignani</span> 
     </span>
     <span class='ocr_line' id='line_1_11' title="bbox 389 797 1786 854; baseline 0 -15"><span class='ocrx_word' id='word_1_87' title='bbox 389 813 546 847; x_wconf 88' lang='grc'><strong>01111105,</strong></span> <span class='ocrx_word' id='word_1_88' title='bbox 568 813 788 854; x_wconf 86' lang='lat' dir='ltr'>primoque</span> <span class='ocrx_word' id='word_1_89' title='bbox 816 798 979 853; x_wconf 92' lang='lat' dir='ltr'>impetu</span> <span class='ocrx_word' id='word_1_90' title='bbox 1003 805 1190 838; x_wconf 89' lang='lat' dir='ltr'>avertere</span> <span class='ocrx_word' id='word_1_91' title='bbox 1219 797 1408 838; x_wconf 85' lang='lat' dir='ltr'>hostem:</span> <span class='ocrx_word' id='word_1_92' title='bbox 1441 797 1581 838; x_wconf 91' lang='lat' dir='ltr'>fusum</span> <span class='ocrx_word' id='word_1_93' title='bbox 1605 798 1705 839; x_wconf 88' lang='lat' dir='ltr'>inde</span> <span class='ocrx_word' id='word_1_94' title='bbox 1731 797 1786 839; x_wconf 91' lang='lat' dir='ltr'>ad</span> 
     </span>
     <span class='ocr_line' id='line_1_12' title="bbox 388 854 1783 911; baseline 0.001 -16"><span class='ocrx_word' id='word_1_95' title='bbox 388 855 592 911; x_wconf 90' lang='lat' dir='ltr'>oppidum</span> <span class='ocrx_word' id='word_1_96' title='bbox 612 855 834 911; x_wconf 85' lang='lat' dir='ltr'>persecuti,</span> <span class='ocrx_word' id='word_1_97' title='bbox 850 869 983 910; x_wconf 90' lang='lat' dir='ltr'>quum</span> <span class='ocrx_word' id='word_1_98' title='bbox 1004 854 1087 895; x_wconf 90' lang='lat' dir='ltr'>iam</span> <span class='ocrx_word' id='word_1_99' title='bbox 1108 854 1236 895; x_wconf 91' lang='lat' dir='ltr'>scalas</span> <span class='ocrx_word' id='word_1_100' title='bbox 1258 855 1478 896; x_wconf 89' lang='lat' dir='ltr'>moenibus</span> <span class='ocrx_word' id='word_1_101' title='bbox 1499 855 1783 905; x_wconf 90' lang='lat' dir='ltr'>admoverent,</span> 
     </span>
     <span class='ocr_line' id='line_1_13' title="bbox 387 911 1786 967; baseline 0 -14"><span class='ocrx_word' id='word_1_102' title='bbox 387 912 432 952; x_wconf 91' lang='lat' dir='ltr'>in</span> <span class='ocrx_word' id='word_1_103' title='bbox 464 912 725 953; x_wconf 90' lang='lat' dir='ltr'>deditionem</span> <span class='ocrx_word' id='word_1_104' title='bbox 756 913 903 953; x_wconf 89' lang='lat' dir='ltr'>urbem</span> <span class='ocrx_word' id='word_1_105' title='bbox 933 919 1197 967; x_wconf 89' lang='lat' dir='ltr'>acceperunt.</span> <span class='ocrx_word' id='word_1_106' title='bbox 1261 911 1521 967; x_wconf 90' lang='lat' dir='ltr'>Triumphus</span> <span class='ocrx_word' id='word_1_107' title='bbox 1545 911 1598 953; x_wconf 90' lang='lat' dir='ltr'>de</span> <span class='ocrx_word' id='word_1_108' title='bbox 1619 912 1786 954; x_wconf 88' lang='lat' dir='ltr'>Priver-</span> 
     </span>
     <span class='ocr_line' id='line_1_14' title="bbox 387 967 1780 1035; baseline 0 -25"><span class='ocrx_word' id='word_1_109' title='bbox 387 969 554 1010; x_wconf 90' lang='lat' dir='ltr'>natibus</span> <span class='ocrx_word' id='word_1_110' title='bbox 575 977 703 1010; x_wconf 91' lang='lat' dir='ltr'>actus.</span> <span class='ocrx_word' id='word_1_111' title='bbox 743 969 814 1010; x_wconf 94' lang='lat' dir='ltr'>Ab</span> <span class='ocrx_word' id='word_1_112' title='bbox 836 969 965 1010; x_wconf 89' lang='lat' dir='ltr'>altero</span> <span class='ocrx_word' id='word_1_113' title='bbox 983 967 1152 1009; x_wconf 88' lang='lat' dir='ltr'>consule</span> <span class='ocrx_word' id='word_1_114' title='bbox 1175 967 1281 1008; x_wconf 89' lang='lat' dir='ltr'>nihil</span> <span class='ocrx_word' id='word_1_115' title='bbox 1302 969 1571 1033; x_wconf 88' lang='lat' dir='ltr'>memorabile</span> <span class='ocrx_word' id='word_1_116' title='bbox 1592 978 1780 1035; x_wconf 82' lang='lat' dir='ltr'>gestum:</span> 
     </span>
     <span class='ocr_line' id='line_1_15' title="bbox 171 1024 1786 1091; baseline 0.002 -26"><span class='ocrx_word' id='word_1_117' title='bbox 171 1033 241 1083; x_wconf 46' lang='lat' dir='ltr'>Lei&lt;</span> <span class='ocrx_word' id='word_1_118' title='bbox 258 1035 298 1065; x_wconf 84' lang='lat' dir='ltr'>de</span> <span class='ocrx_word' id='word_1_119' title='bbox 318 1034 361 1064; x_wconf 86' lang='lat' dir='ltr'>vi-</span> <span class='ocrx_word' id='word_1_120' title='bbox 387 1026 465 1067; x_wconf 85' lang='lat' dir='ltr'>nisi</span> <span class='ocrx_word' id='word_1_121' title='bbox 488 1026 605 1082; x_wconf 92' lang='lat' dir='ltr'>quod</span> <span class='ocrx_word' id='word_1_122' title='bbox 634 1026 781 1091; x_wconf 83' lang='lat' dir='ltr'>legem</span> <span class='ocrx_word' id='word_1_123' title='bbox 799 1041 909 1067; x_wconf 89' lang='lat' dir='ltr'>novo</span> <span class='ocrx_word' id='word_1_124' title='bbox 937 1025 1133 1081; x_wconf 86' lang='lat' dir='ltr'>exemplo</span> <span class='ocrx_word' id='word_1_125' title='bbox 1162 1025 1216 1066; x_wconf 89' lang='lat' dir='ltr'>ad</span> <span class='ocrx_word' id='word_1_126' title='bbox 1247 1024 1475 1066; x_wconf 88' lang='lat' dir='ltr'>Sutrium</span> <span class='ocrx_word' id='word_1_127' title='bbox 1464 1041 1510 1066; x_wconf 89' lang='grc'>111</span> <span class='ocrx_word' id='word_1_128' title='bbox 1540 1026 1682 1067; x_wconf 88' lang='lat' dir='ltr'>castris</span> <span class='ocrx_word' id='word_1_129' title='bbox 1712 1026 1786 1068; x_wconf 85' lang='lat' dir='ltr'>tri-</span> 
     </span>
     <span class='ocr_line' id='line_1_16' title="bbox 171 1082 1817 1148; baseline 0 -23"><span class='ocrx_word' id='word_1_130' title='bbox 171 1087 290 1125; x_wconf 60' lang='lat' dir='ltr'>cesnna</span> <span class='ocrx_word' id='word_1_131' title='bbox 304 1086 370 1107; x_wconf 72' lang='lat'>¹¹¹³·</span> <span class='ocrx_word' id='word_1_132' title='bbox 387 1083 524 1124; x_wconf 91' lang='lat' dir='ltr'>butim</span> <span class='ocrx_word' id='word_1_133' title='bbox 565 1083 618 1124; x_wconf 93' lang='lat' dir='ltr'>de</span> <span class='ocrx_word' id='word_1_134' title='bbox 660 1083 856 1124; x_wconf 86' lang='lat' dir='ltr'>vicesima</span> <span class='ocrx_word' id='word_1_135' title='bbox 900 1097 1058 1132; x_wconf 90' lang='lat' dir='ltr'>eorum,</span> <span class='ocrx_word' id='word_1_136' title='bbox 1101 1082 1174 1138; x_wconf 89' lang='lat' dir='ltr'>qui</span> <span class='ocrx_word' id='word_1_137' title='bbox 1223 1083 1632 1148; x_wconf 80' lang='lat' dir='ltr'>manumitterentur,</span> <span class='ocrx_word' id='word_1_138' title='bbox 1674 1083 1783 1125; x_wconf 85' lang='lat' dir='ltr'>tulit.</span> <span class='ocrx_word' id='word_1_139' title='bbox 1797 1105 1817 1134; x_wconf 93' lang='lat'>4</span> 
     </span>
     <span class='ocr_line' id='line_1_17' title="bbox 170 1129 1786 1196; baseline 0.001 -15"><span class='ocrx_word' id='word_1_140' title='bbox 170 1129 249 1192; x_wconf 42' lang='lat'>{¹33¹</span> <span class='ocrx_word' id='word_1_141' title='bbox 251 1129 367 1192; x_wconf 45' lang='lat' dir='ltr'>13oeOE</span> <span class='ocrx_word' id='word_1_142' title='bbox 389 1140 547 1190; x_wconf 89' lang='lat' dir='ltr'>Patres,</span> <span class='ocrx_word' id='word_1_143' title='bbox 582 1141 681 1196; x_wconf 92' lang='lat' dir='ltr'>quia</span> <span class='ocrx_word' id='word_1_144' title='bbox 713 1155 763 1181; x_wconf 89' lang='lat' dir='ltr'>ea</span> <span class='ocrx_word' id='word_1_145' title='bbox 791 1140 883 1195; x_wconf 89' lang='lat' dir='ltr'>lege</span> <span class='ocrx_word' id='word_1_146' title='bbox 916 1139 1032 1181; x_wconf 92' lang='lat' dir='ltr'>haud</span> <span class='ocrx_word' id='word_1_147' title='bbox 1062 1154 1240 1196; x_wconf 86' lang='lat' dir='ltr'>parvum</span> <span class='ocrx_word' id='word_1_148' title='bbox 1268 1140 1448 1196; x_wconf 85' lang='lat' dir='ltr'>vectigal</span> <span class='ocrx_word' id='word_1_149' title='bbox 1478 1140 1596 1196; x_wconf 90' lang='lat' dir='ltr'>inopi</span> <span class='ocrx_word' id='word_1_150' title='bbox 1627 1140 1786 1182; x_wconf 87' lang='lat' dir='ltr'>aerario</span> 
     </span>
     <span class='ocr_line' id='line_1_18' title="bbox 169 1186 1784 1254; baseline 0.003 -20"><span class='ocrx_word' id='word_1_151' title='bbox 169 1186 331 1236; x_wconf 79' lang='lat' dir='ltr'>stris’lata.</span> <span class='ocrx_word' id='word_1_152' title='bbox 389 1197 580 1239; x_wconf 90' lang='lat' dir='ltr'>additum</span> <span class='ocrx_word' id='word_1_153' title='bbox 608 1205 728 1248; x_wconf 90' lang='lat' dir='ltr'>esset,</span> <span class='ocrx_word' id='word_1_154' title='bbox 751 1206 941 1239; x_wconf 86' lang='lat' dir='ltr'>auctores</span> <span class='ocrx_word' id='word_1_155' title='bbox 967 1197 1149 1238; x_wconf 82' lang='lat' dir='ltr'>fuerunt.</span> <span class='ocrx_word' id='word_1_156' title='bbox 1215 1195 1418 1238; x_wconf 90' lang='lat' dir='ltr'>Ceterum</span> <span class='ocrx_word' id='word_1_157' title='bbox 1450 1197 1609 1238; x_wconf 90' lang='lat' dir='ltr'>tribuni</span> <span class='ocrx_word' id='word_1_158' title='bbox 1638 1197 1784 1254; x_wconf 87' lang='lat' dir='ltr'>plebis,</span> 
     </span>
     <span class='ocr_line' id='line_1_19' title="bbox 388 1254 1816 1319; baseline 0 -23"><span class='ocrx_word' id='word_1_159' title='bbox 388 1270 475 1297; x_wconf 91' lang='lat' dir='ltr'>non</span> <span class='ocrx_word' id='word_1_160' title='bbox 496 1264 581 1296; x_wconf 91' lang='lat' dir='ltr'>tam</span> <span class='ocrx_word' id='word_1_161' title='bbox 602 1255 708 1311; x_wconf 89' lang='lat' dir='ltr'>lege,</span> <span class='ocrx_word' id='word_1_162' title='bbox 727 1270 854 1311; x_wconf 89' lang='lat' dir='ltr'>quam</span> <span class='ocrx_word' id='word_1_163' title='bbox 871 1254 1079 1310; x_wconf 84' lang='lat' dir='ltr'>exemplo,</span> <span class='ocrx_word' id='word_1_164' title='bbox 1097 1254 1213 1303; x_wconf 87' lang='lat' dir='ltr'>moti,</span> <span class='ocrx_word' id='word_1_165' title='bbox 1231 1269 1284 1295; x_wconf 90' lang='lat' dir='ltr'>ne</span> <span class='ocrx_word' id='word_1_166' title='bbox 1302 1255 1396 1319; x_wconf 84' lang='lat' dir='ltr'>quis</span> <span class='ocrx_word' id='word_1_167' title='bbox 1416 1263 1561 1311; x_wconf 90' lang='lat' dir='ltr'>postea</span> <span class='ocrx_word' id='word_1_168' title='bbox 1580 1254 1784 1311; x_wconf 88' lang='lat' dir='ltr'>populum</span> <span class='ocrx_word' id='word_1_169' title='bbox 1798 1271 1816 1303; x_wconf 89' lang='lat'><strong>5</strong></span> 
     </span>
     <span class='ocr_line' id='line_1_20' title="bbox 388 1311 1785 1368; baseline -0.001 -14"><span class='ocrx_word' id='word_1_170' title='bbox 388 1321 613 1362; x_wconf 83' lang='lat' dir='ltr'>sevocaret,</span> <span class='ocrx_word' id='word_1_171' title='bbox 647 1312 783 1368; x_wconf 87' lang='lat' dir='ltr'>capite</span> <span class='ocrx_word' id='word_1_172' title='bbox 816 1320 1072 1353; x_wconf 83' lang='lat' dir='ltr'>sanxerunt:</span> <span class='ocrx_word' id='word_1_173' title='bbox 1105 1311 1212 1352; x_wconf 90' lang='lat' dir='ltr'>nihil</span> <span class='ocrx_word' id='word_1_174' title='bbox 1245 1312 1359 1352; x_wconf 91' lang='lat' dir='ltr'>enim</span> <span class='ocrx_word' id='word_1_175' title='bbox 1393 1327 1481 1353; x_wconf 91' lang='lat' dir='ltr'>non</span> <span class='ocrx_word' id='word_1_176' title='bbox 1511 1326 1588 1368; x_wconf 89' lang='lat' dir='ltr'>per</span> <span class='ocrx_word' id='word_1_177' title='bbox 1618 1311 1785 1361; x_wconf 88' lang='lat' dir='ltr'>milites,</span> 
     </span>
     <span class='ocr_line' id='line_1_21' title="bbox 389 1368 1786 1425; baseline -0.001 -14"><span class='ocrx_word' id='word_1_178' title='bbox 389 1370 545 1411; x_wconf 86' lang='lat' dir='ltr'>iuratos</span> <span class='ocrx_word' id='word_1_179' title='bbox 575 1370 620 1410; x_wconf 91' lang='lat' dir='ltr'>in</span> <span class='ocrx_word' id='word_1_180' title='bbox 653 1369 834 1411; x_wconf 91' lang='lat' dir='ltr'>consulis</span> <span class='ocrx_word' id='word_1_181' title='bbox 854 1370 992 1419; x_wconf 84' lang='lat' dir='ltr'>verba,</span> <span class='ocrx_word' id='word_1_182' title='bbox 1016 1369 1206 1425; x_wconf 85' lang='lat' dir='ltr'>quamvis</span> <span class='ocrx_word' id='word_1_183' title='bbox 1237 1369 1521 1425; x_wconf 89' lang='lat' dir='ltr'>perniciosum</span> <span class='ocrx_word' id='word_1_184' title='bbox 1552 1368 1722 1425; x_wconf 92' lang='lat' dir='ltr'>populo,</span> <span class='ocrx_word' id='word_1_185' title='bbox 1751 1369 1786 1410; x_wconf 90' lang='lat' dir='ltr'>si</span> 
     </span>
     <span class='ocr_line' id='line_1_22' title="bbox 171 1425 1788 1483; baseline -0.001 -15"><span class='ocrx_word' id='word_1_186' title='bbox 171 1431 208 1462; x_wconf 85' lang='lat' dir='ltr'>C·</span> <span class='ocrx_word' id='word_1_187' title='bbox 223 1429 367 1461; x_wconf 82' lang='lat' dir='ltr'>Licinius</span> <span class='ocrx_word' id='word_1_188' title='bbox 389 1427 433 1467; x_wconf 93' lang='lat' dir='ltr'>id</span> <span class='ocrx_word' id='word_1_189' title='bbox 463 1427 619 1477; x_wconf 91' lang='lat' dir='ltr'>liceret,</span> <span class='ocrx_word' id='word_1_190' title='bbox 651 1427 749 1468; x_wconf 88' lang='lat' dir='ltr'>ferri</span> <span class='ocrx_word' id='word_1_191' title='bbox 780 1442 912 1483; x_wconf 89' lang='lat' dir='ltr'>posse.</span> <span class='ocrx_word' id='word_1_192' title='bbox 977 1426 1142 1467; x_wconf 91' lang='lat' dir='ltr'>Eodem</span> <span class='ocrx_word' id='word_1_193' title='bbox 1174 1441 1286 1468; x_wconf 90' lang='lat' dir='ltr'>anno</span> <span class='ocrx_word' id='word_1_194' title='bbox 1321 1425 1371 1468; x_wconf 88' lang='lat' dir='ltr'>C.</span> <span class='ocrx_word' id='word_1_195' title='bbox 1391 1426 1582 1468; x_wconf 89' lang='lat' dir='ltr'>Licinius</span> <span class='ocrx_word' id='word_1_196' title='bbox 1616 1425 1732 1468; x_wconf 90' lang='lat' dir='ltr'>Stolo</span> <span class='ocrx_word' id='word_1_197' title='bbox 1762 1441 1788 1467; x_wconf 91' lang='lat' dir='ltr'>a</span> 
     </span>
     <span class='ocr_line' id='line_1_23' title="bbox 170 1459 1818 1546; baseline 0 -22"><span class='ocrx_word' id='word_1_198' title='bbox 170 1483 229 1546; x_wconf 56' lang='lat' dir='ltr'>{ua</span> <span class='ocrx_word' id='word_1_199' title='bbox 244 1474 313 1545; x_wconf 63' lang='lat' dir='ltr'>legte</span> <span class='ocrx_word' id='word_1_200' title='bbox 391 1483 453 1524; x_wconf 92' lang='lat' dir='ltr'>M.</span> <span class='ocrx_word' id='word_1_201' title='bbox 469 1459 650 1540; x_wconf 84' lang='lat' dir='ltr'>Popillio</span> <span class='ocrx_word' id='word_1_202' title='bbox 668 1484 855 1525; x_wconf 83' lang='lat' dir='ltr'>Laenate</span> <span class='ocrx_word' id='word_1_203' title='bbox 877 1500 952 1525; x_wconf 92' lang='lat' dir='ltr'>sua</span> <span class='ocrx_word' id='word_1_204' title='bbox 970 1483 1063 1540; x_wconf 88' lang='lat' dir='ltr'>lege</span> <span class='ocrx_word' id='word_1_205' title='bbox 1085 1484 1234 1525; x_wconf 91' lang='lat' dir='ltr'>decem</span> <span class='ocrx_word' id='word_1_206' title='bbox 1255 1483 1439 1525; x_wconf 88' lang='lat' dir='ltr'>millibus</span> <span class='ocrx_word' id='word_1_207' title='bbox 1459 1483 1566 1525; x_wconf 85' lang='lat' dir='ltr'>aeris</span> <span class='ocrx_word' id='word_1_208' title='bbox 1586 1492 1649 1525; x_wconf 92' lang='lat' dir='ltr'>est</span> <span class='ocrx_word' id='word_1_209' title='bbox 1668 1483 1818 1527; x_wconf 91' lang='lat' dir='ltr'>dam-6</span> 
     </span>
     <span class='ocr_line' id='line_1_24' title="bbox 193 1519 1817 1598; baseline 0.001 -17"><span class='ocrx_word' id='word_1_210' title='bbox 193 1526 291 1546; x_wconf 81' lang='lat' dir='ltr'>amna</span> <span class='ocrx_word' id='word_1_211' title='bbox 306 1525 353 1547; x_wconf 87' lang='lat' dir='ltr'>us.</span> <span class='ocrx_word' id='word_1_212' title='bbox 390 1550 525 1590; x_wconf 91' lang='lat' dir='ltr'>natus,</span> <span class='ocrx_word' id='word_1_213' title='bbox 548 1542 663 1596; x_wconf 88' lang='lat' dir='ltr'>quod</span> <span class='ocrx_word' id='word_1_214' title='bbox 684 1542 796 1582; x_wconf 91' lang='lat' dir='ltr'>mille</span> <span class='ocrx_word' id='word_1_215' title='bbox 818 1543 1011 1597; x_wconf 87' lang='lat' dir='ltr'>iugerum</span> <span class='ocrx_word' id='word_1_216' title='bbox 1011 1519 1124 1597; x_wconf 43' lang='grc' dir='ltr'>Ο30111</span> <span class='ocrx_word' id='word_1_217' title='bbox 1149 1556 1245 1582; x_wconf 85' lang='grc'><strong>011111</strong></span> <span class='ocrx_word' id='word_1_218' title='bbox 1265 1541 1353 1582; x_wconf 85' lang='lat' dir='ltr'>filio</span> <span class='ocrx_word' id='word_1_219' title='bbox 1373 1541 1618 1598; x_wconf 88' lang='lat' dir='ltr'>possideret,</span> <span class='ocrx_word' id='word_1_220' title='bbox 1641 1556 1786 1583; x_wconf 90' lang='lat' dir='ltr'>eman·</span> <span class='ocrx_word' id='word_1_221' title='bbox 1801 1560 1817 1592; x_wconf 91' lang='lat'><strong>7</strong></span> 
     </span>
     <span class='ocr_line' id='line_1_25' title="bbox 391 1598 1320 1654; baseline 0.001 -16"><span class='ocrx_word' id='word_1_222' title='bbox 391 1598 655 1654; x_wconf 85' lang='lat' dir='ltr'>cipandoque</span> <span class='ocrx_word' id='word_1_223' title='bbox 677 1598 810 1638; x_wconf 92' lang='lat' dir='ltr'>filium</span> <span class='ocrx_word' id='word_1_224' title='bbox 830 1599 1020 1639; x_wconf 90' lang='lat' dir='ltr'>fraudem</span> <span class='ocrx_word' id='word_1_225' title='bbox 1042 1599 1125 1654; x_wconf 83' lang='lat' dir='ltr'>legi</span> <span class='ocrx_word' id='word_1_226' title='bbox 1144 1599 1320 1639; x_wconf 86' lang='lat' dir='ltr'>fecisset.</span> 
     </span>
    </p>

    <p class='ocr_par' dir='ltr' id='par_1_2' title="bbox 171 1654 1786 1997">
     <span class='ocr_line' id='line_1_26' title="bbox 245 1654 1786 1704; baseline 0.002 -11"><span class='ocrx_word' id='word_1_227' title='bbox 245 1654 310 1694; x_wconf 84' lang='lat'>17.</span> <span class='ocrx_word' id='word_1_228' title='bbox 449 1654 562 1696; x_wconf 87' lang='lat' dir='ltr'>Novi</span> <span class='ocrx_word' id='word_1_229' title='bbox 592 1655 783 1695; x_wconf 87' lang='lat' dir='ltr'>consules</span> <span class='ocrx_word' id='word_1_230' title='bbox 814 1655 926 1704; x_wconf 91' lang='lat' dir='ltr'>inde,</span> <span class='ocrx_word' id='word_1_231' title='bbox 958 1655 1020 1695; x_wconf 88' lang='lat' dir='ltr'>M.</span> <span class='ocrx_word' id='word_1_232' title='bbox 1041 1655 1193 1696; x_wconf 85' lang='lat' dir='ltr'>Fabius</span> <span class='ocrx_word' id='word_1_233' title='bbox 1216 1656 1450 1696; x_wconf 87' lang='lat' dir='ltr'>Ambustus</span> <span class='ocrx_word' id='word_1_234' title='bbox 1479 1655 1713 1697; x_wconf 90' lang='lat' dir='ltr'>secundum</span> <span class='ocrx_word' id='word_1_235' title='bbox 1742 1664 1786 1696; x_wconf 89' lang='lat' dir='ltr'>et</span> 
     </span>
     <span class='ocr_line' id='line_1_27' title="bbox 171 1710 1783 1768; baseline 0.001 -18"><span class='ocrx_word' id='word_1_236' title='bbox 171 1710 218 1742; x_wconf 85' lang='lat' dir='ltr'>U·</span> <span class='ocrx_word' id='word_1_237' title='bbox 235 1711 273 1742; x_wconf 85' lang='lat' dir='ltr'>C·</span> <span class='ocrx_word' id='word_1_238' title='bbox 291 1719 362 1751; x_wconf 82' lang='lat'><strong>399·</strong></span> <span class='ocrx_word' id='word_1_239' title='bbox 390 1711 453 1753; x_wconf 91' lang='lat' dir='ltr'>M.</span> <span class='ocrx_word' id='word_1_240' title='bbox 474 1712 678 1768; x_wconf 90' lang='lat' dir='ltr'>Popillius</span> <span class='ocrx_word' id='word_1_241' title='bbox 700 1711 864 1752; x_wconf 86' lang='lat' dir='ltr'>Laenas</span> <span class='ocrx_word' id='word_1_242' title='bbox 885 1712 1131 1761; x_wconf 88' lang='lat' dir='ltr'>secundum,</span> <span class='ocrx_word' id='word_1_243' title='bbox 1155 1712 1238 1752; x_wconf 91' lang='lat' dir='ltr'>duo</span> <span class='ocrx_word' id='word_1_244' title='bbox 1259 1712 1369 1753; x_wconf 87' lang='lat' dir='ltr'>bella</span> <span class='ocrx_word' id='word_1_245' title='bbox 1387 1713 1582 1753; x_wconf 87' lang='lat' dir='ltr'>habuere.</span> <span class='ocrx_word' id='word_1_246' title='bbox 1644 1712 1783 1753; x_wconf 88' lang='lat' dir='ltr'>Facile</span> 
     </span>
     <span class='ocr_line' id='line_1_28' title="bbox 171 1754 1784 1826; baseline -0.001 -16"><span class='ocrx_word' id='word_1_247' title='bbox 171 1755 211 1826; x_wconf 46' lang='grc' dir='ltr'>ἦ·</span> <span class='ocrx_word' id='word_1_248' title='bbox 235 1754 363 1826; x_wconf 40' lang='grc' dir='ltr'>ἓξὲξ</span> <span class='ocrx_word' id='word_1_249' title='bbox 390 1769 567 1810; x_wconf 91' lang='lat' dir='ltr'>alterum</span> <span class='ocrx_word' id='word_1_250' title='bbox 588 1784 685 1810; x_wconf 90' lang='lat' dir='ltr'>cum</span> <span class='ocrx_word' id='word_1_251' title='bbox 707 1769 965 1818; x_wconf 86' lang='lat' dir='ltr'>Tiburtibus,</span> <span class='ocrx_word' id='word_1_252' title='bbox 988 1769 1103 1824; x_wconf 90' lang='lat' dir='ltr'>quod</span> <span class='ocrx_word' id='word_1_253' title='bbox 1125 1768 1288 1809; x_wconf 88' lang='lat' dir='ltr'>Laenas</span> <span class='ocrx_word' id='word_1_254' title='bbox 1308 1769 1455 1824; x_wconf 86' lang='lat' dir='ltr'>gessit:</span> <span class='ocrx_word' id='word_1_255' title='bbox 1490 1769 1576 1824; x_wconf 91' lang='lat' dir='ltr'>qui,</span> <span class='ocrx_word' id='word_1_256' title='bbox 1599 1768 1717 1810; x_wconf 91' lang='lat' dir='ltr'>hoste</span> <span class='ocrx_word' id='word_1_257' title='bbox 1739 1769 1784 1809; x_wconf 88' lang='lat' dir='ltr'>in</span> 
     </span>
     <span class='ocr_line' id='line_1_29' title="bbox 171 1818 1783 1883; baseline -0.001 -15"><span class='ocrx_word' id='word_1_258' title='bbox 171 1818 331 1868; x_wconf 60' lang='lat' dir='ltr'>ixiinbusto</span> <span class='ocrx_word' id='word_1_259' title='bbox 390 1827 537 1867; x_wconf 90' lang='lat' dir='ltr'>urbem</span> <span class='ocrx_word' id='word_1_260' title='bbox 559 1826 786 1883; x_wconf 87' lang='lat' dir='ltr'>compulso,</span> <span class='ocrx_word' id='word_1_261' title='bbox 810 1841 929 1882; x_wconf 84' lang='lat' dir='ltr'>agros</span> <span class='ocrx_word' id='word_1_262' title='bbox 949 1835 1089 1867; x_wconf 65' lang='lat' dir='ltr'>xastax</span> <span class='ocrx_word' id='word_1_263' title='bbox 1092 1826 1136 1866; x_wconf 88' lang='lat' dir='ltr'>it.</span> <span class='ocrx_word' id='word_1_264' title='bbox 1199 1826 1347 1866; x_wconf 88' lang='lat' dir='ltr'>Falisci</span> <span class='ocrx_word' id='word_1_265' title='bbox 1369 1825 1783 1882; x_wconf 88' lang='lat' dir='ltr'>Tarquiniensesque</span> 
     </span>
     <span class='ocr_line' id='line_1_30' title="bbox 173 1861 1786 1953; baseline -0.003 -25"><span class='ocrx_word' id='word_1_266' title='bbox 173 1881 363 1953; x_wconf 47' lang='lat' dir='ltr'>nulls-If&amp;</span> <span class='ocrx_word' id='word_1_267' title='bbox 391 1883 569 1924; x_wconf 86' lang='lat' dir='ltr'>alterum</span> <span class='ocrx_word' id='word_1_268' title='bbox 609 1861 860 1925; x_wconf 55' lang='lat' dir='ltr'>consulemD</span> <span class='ocrx_word' id='word_1_269' title='bbox 863 1883 997 1939; x_wconf 85' lang='lat' dir='ltr'>prima</span> <span class='ocrx_word' id='word_1_270' title='bbox 1035 1898 1178 1939; x_wconf 84' lang='lat' dir='ltr'>pugna</span> <span class='ocrx_word' id='word_1_271' title='bbox 1216 1882 1427 1924; x_wconf 86' lang='lat' dir='ltr'>fuderunt.</span> <span class='ocrx_word' id='word_1_272' title='bbox 1505 1882 1612 1923; x_wconf 89' lang='lat' dir='ltr'>Inde</span> <span class='ocrx_word' id='word_1_273' title='bbox 1653 1892 1786 1925; x_wconf 91' lang='lat' dir='ltr'>terror</span> 
     </span>
     <span class='ocr_line' id='line_1_31' title="bbox 171 1924 1784 1997; baseline -0.001 -16"><span class='ocrx_word' id='word_1_274' title='bbox 171 1924 264 1997; x_wconf 50' lang='grc' dir='ltr'><strong>81(ξὲζο</strong></span> <span class='ocrx_word' id='word_1_275' title='bbox 322 1946 328 1954; x_wconf 90' lang='grc'><strong>”</strong></span> <span class='ocrx_word' id='word_1_276' title='bbox 390 1941 597 1982; x_wconf 88' lang='lat' dir='ltr'>maximus</span> <span class='ocrx_word' id='word_1_277' title='bbox 626 1941 718 1990; x_wconf 88' lang='lat' dir='ltr'>fuit,</span> <span class='ocrx_word' id='word_1_278' title='bbox 751 1940 866 1996; x_wconf 88' lang='lat' dir='ltr'>quod</span> <span class='ocrx_word' id='word_1_279' title='bbox 896 1941 1130 1981; x_wconf 83' lang='lat' dir='ltr'>saceidotcs</span> <span class='ocrx_word' id='word_1_280' title='bbox 1160 1955 1318 1989; x_wconf 90' lang='lat' dir='ltr'>eorum,</span> <span class='ocrx_word' id='word_1_281' title='bbox 1350 1940 1510 1981; x_wconf 87' lang='lat' dir='ltr'>facibus</span> <span class='ocrx_word' id='word_1_282' title='bbox 1540 1939 1784 1981; x_wconf 90' lang='lat' dir='ltr'>ardentibus</span> 
     </span>
    </p>
   </div>
   <div class='ocr_carea' id='block_1_2' title="bbox 389 1996 1816 2054">
    <p class='ocr_par' dir='ltr' id='par_1_3' title="bbox 389 1996 1816 2054">
     <span class='ocr_line' id='line_1_32' title="bbox 389 1996 1816 2054; baseline 0 -16"><span class='ocrx_word' id='word_1_283' title='bbox 389 1998 679 2054; x_wconf 83' lang='lat' dir='ltr'>anguibusque</span> <span class='ocrx_word' id='word_1_284' title='bbox 716 1997 923 2053; x_wconf 87' lang='lat' dir='ltr'>praelatis,</span> <span class='ocrx_word' id='word_1_285' title='bbox 956 1998 1120 2038; x_wconf 89' lang='lat' dir='ltr'>incessu</span> <span class='ocrx_word' id='word_1_286' title='bbox 1154 1996 1292 2038; x_wconf 89' lang='lat' dir='ltr'>furiali</span> <span class='ocrx_word' id='word_1_287' title='bbox 1328 1996 1506 2038; x_wconf 91' lang='lat' dir='ltr'>militem</span> <span class='ocrx_word' id='word_1_288' title='bbox 1541 1996 1816 2038; x_wconf 87' lang='lat' dir='ltr'>Romanum8</span> 
     </span>
    </p>
   </div>
   <div class='ocr_carea' id='block_1_3' title="bbox 388 2125 1065 2967">
    <p class='ocr_par' dir='ltr' id='par_1_4' title="bbox 388 2125 1064 2336">
     <span class='ocr_line' id='line_1_33' title="bbox 431 2125 1062 2166; baseline -0.005 -8"><span class='ocrx_word' id='word_1_289' title='bbox 431 2139 451 2166; x_wconf 91' lang='lat'>4</span> <span class='ocrx_word' id='word_1_290' title='bbox 466 2129 517 2159; x_wconf 81' lang='lat' dir='ltr'>De</span> <span class='ocrx_word' id='word_1_291' title='bbox 533 2127 698 2165; x_wconf 74' lang='lat' dir='ltr'>vicesima]</span> <span class='ocrx_word' id='word_1_292' title='bbox 725 2126 784 2164; x_wconf 82' lang='lat' dir='ltr'>Ut,</span> <span class='ocrx_word' id='word_1_293' title='bbox 801 2135 900 2165; x_wconf 87' lang='lat' dir='ltr'>quum</span> <span class='ocrx_word' id='word_1_294' title='bbox 914 2125 985 2165; x_wconf 88' lang='lat' dir='ltr'>quis</span> <span class='ocrx_word' id='word_1_295' title='bbox 1001 2136 1062 2156; x_wconf 89' lang='lat' dir='ltr'>ser-</span> 
     </span>
     <span class='ocr_line' id='line_1_34' title="bbox 389 2168 1062 2208; baseline -0.004 -8"><span class='ocrx_word' id='word_1_296' title='bbox 389 2180 465 2200; x_wconf 77' lang='lat' dir='ltr'>mm</span> <span class='ocrx_word' id='word_1_297' title='bbox 494 2170 750 2207; x_wconf 84' lang='lat' dir='ltr'>manumitteret,</span> <span class='ocrx_word' id='word_1_298' title='bbox 777 2168 962 2199; x_wconf 86' lang='lat' dir='ltr'>vicesimam</span> <span class='ocrx_word' id='word_1_299' title='bbox 993 2179 1062 2208; x_wconf 89' lang='lat' dir='ltr'>par-</span> 
     </span>
     <span class='ocr_line' id='line_1_35' title="bbox 388 2211 1063 2252; baseline -0.003 -10"><span class='ocrx_word' id='word_1_300' title='bbox 388 2216 455 2243; x_wconf 89' lang='lat' dir='ltr'>tem</span> <span class='ocrx_word' id='word_1_301' title='bbox 487 2212 581 2252; x_wconf 88' lang='lat' dir='ltr'>pretii</span> <span class='ocrx_word' id='word_1_302' title='bbox 607 2211 675 2242; x_wconf 88' lang='lat' dir='ltr'>eius</span> <span class='ocrx_word' id='word_1_303' title='bbox 704 2211 825 2242; x_wconf 86' lang='lat' dir='ltr'>aerario</span> <span class='ocrx_word' id='word_1_304' title='bbox 856 2211 1063 2250; x_wconf 85' lang='lat' dir='ltr'>dependeret.</span> 
     </span>
     <span class='ocr_line' id='line_1_36' title="bbox 391 2253 1063 2294; baseline -0.004 -9"><span class='ocrx_word' id='word_1_305' title='bbox 391 2255 466 2285; x_wconf 92' lang='lat' dir='ltr'>Hoc</span> <span class='ocrx_word' id='word_1_306' title='bbox 497 2254 635 2294; x_wconf 78' lang='lat' dir='ltr'>vectigal</span> <span class='ocrx_word' id='word_1_307' title='bbox 672 2255 713 2284; x_wconf 90' lang='lat' dir='ltr'>ad</span> <span class='ocrx_word' id='word_1_308' title='bbox 750 2253 936 2283; x_wconf 82' lang='lat' dir='ltr'>inferiorum</span> <span class='ocrx_word' id='word_1_309' title='bbox 966 2253 1063 2283; x_wconf 88' lang='lat' dir='ltr'>etiam</span> 
     </span>
     <span class='ocr_line' id='line_1_37' title="bbox 391 2296 1064 2336; baseline 0 -10"><span class='ocrx_word' id='word_1_310' title='bbox 391 2297 580 2336; x_wconf 84' lang='lat' dir='ltr'>Principum</span> <span class='ocrx_word' id='word_1_311' title='bbox 596 2300 737 2327; x_wconf 86' lang='lat' dir='ltr'>aetatem</span> <span class='ocrx_word' id='word_1_312' title='bbox 755 2296 940 2335; x_wconf 82' lang='lat' dir='ltr'>permansit.</span> <span class='ocrx_word' id='word_1_313' title='bbox 957 2296 1064 2326; x_wconf 61' lang='grc' dir='ltr'><strong>(ἷκεν.</strong></span> 
     </span>
    </p>

    <p class='ocr_par' dir='ltr' id='par_1_5' title="bbox 389 2338 1064 2463">
     <span class='ocr_line' id='line_1_38' title="bbox 434 2338 1064 2379; baseline -0.005 -10"><span class='ocrx_word' id='word_1_314' title='bbox 434 2348 450 2378; x_wconf 84' lang='grc'>5</span> <span class='ocrx_word' id='word_1_315' title='bbox 475 2340 637 2379; x_wconf 81' lang='lat' dir='ltr'>Populum</span> <span class='ocrx_word' id='word_1_316' title='bbox 662 2339 838 2375; x_wconf 80' lang='lat' dir='ltr'>sevocaret]</span> <span class='ocrx_word' id='word_1_317' title='bbox 876 2338 1064 2367; x_wconf 89' lang='lat' dir='ltr'>Abductum</span> 
     </span>
     <span class='ocr_line' id='line_1_39' title="bbox 389 2379 1064 2421; baseline -0.003 -10"><span class='ocrx_word' id='word_1_318' title='bbox 389 2382 430 2411; x_wconf 90' lang='lat' dir='ltr'>ab</span> <span class='ocrx_word' id='word_1_319' title='bbox 453 2382 542 2419; x_wconf 81' lang='lat' dir='ltr'>urbe,</span> <span class='ocrx_word' id='word_1_320' title='bbox 558 2392 577 2412; x_wconf 86' lang='lat' dir='ltr'>a</span> <span class='ocrx_word' id='word_1_321' title='bbox 599 2380 837 2421; x_wconf 77' lang='lat' dir='ltr'>magistratibus</span> <span class='ocrx_word' id='word_1_322' title='bbox 857 2390 895 2410; x_wconf 89' lang='lat' dir='ltr'>ac</span> <span class='ocrx_word' id='word_1_323' title='bbox 918 2379 1064 2417; x_wconf 86' lang='lat' dir='ltr'>tribunis,</span> 
     </span>
     <span class='ocr_line' id='line_1_40' title="bbox 389 2423 942 2463; baseline -0.004 -10"><span class='ocrx_word' id='word_1_324' title='bbox 389 2424 549 2463; x_wconf 87' lang='lat' dir='ltr'>populum</span> <span class='ocrx_word' id='word_1_325' title='bbox 565 2423 597 2453; x_wconf 92' lang='lat' dir='ltr'>in</span> <span class='ocrx_word' id='word_1_326' title='bbox 615 2423 787 2453; x_wconf 87' lang='lat' dir='ltr'>concilium</span> <span class='ocrx_word' id='word_1_327' title='bbox 804 2425 942 2452; x_wconf 78' lang='lat' dir='ltr'>vocaret.</span> 
     </span>
    </p>

    <p class='ocr_par' dir='ltr' id='par_1_6' title="bbox 389 2464 1063 2631">
     <span class='ocr_line' id='line_1_41' title="bbox 432 2464 1063 2503; baseline -0.005 -7"><span class='ocrx_word' id='word_1_328' title='bbox 432 2465 451 2496; x_wconf 94' lang='lat'><strong>6</strong></span> <span class='ocrx_word' id='word_1_329' title='bbox 474 2467 675 2503; x_wconf 76' lang='lat' dir='ltr'>Damnatus]</span> <span class='ocrx_word' id='word_1_330' title='bbox 706 2465 759 2495; x_wconf 92' lang='lat' dir='ltr'>De</span> <span class='ocrx_word' id='word_1_331' title='bbox 775 2464 916 2495; x_wconf 85' lang='lat' dir='ltr'>Stolonis</span> <span class='ocrx_word' id='word_1_332' title='bbox 931 2464 1063 2494; x_wconf 86' lang='lat' dir='ltr'>damna-</span> 
     </span>
     <span class='ocr_line' id='line_1_42' title="bbox 389 2505 1062 2544; baseline -0.001 -6"><span class='ocrx_word' id='word_1_333' title='bbox 389 2507 477 2538; x_wconf 86' lang='lat' dir='ltr'>tione</span> <span class='ocrx_word' id='word_1_334' title='bbox 493 2508 698 2538; x_wconf 87' lang='lat' dir='ltr'>consentiunt</span> <span class='ocrx_word' id='word_1_335' title='bbox 715 2507 789 2537; x_wconf 87' lang='lat' dir='ltr'>Val.</span> <span class='ocrx_word' id='word_1_336' title='bbox 807 2507 898 2537; x_wconf 85' lang='lat' dir='ltr'>Max.</span> <span class='ocrx_word' id='word_1_337' title='bbox 913 2506 976 2537; x_wconf 74' lang='lat' dir='ltr'>viii.</span> <span class='ocrx_word' id='word_1_338' title='bbox 991 2505 1018 2536; x_wconf 93' lang='lat'>6.</span> <span class='ocrx_word' id='word_1_339' title='bbox 1034 2515 1062 2544; x_wconf 88' lang='lat'>3.</span> 
     </span>
     <span class='ocr_line' id='line_1_43' title="bbox 391 2548 1062 2587; baseline -0.001 -8"><span class='ocrx_word' id='word_1_340' title='bbox 391 2550 478 2581; x_wconf 86' lang='lat' dir='ltr'>Plin.</span> <span class='ocrx_word' id='word_1_341' title='bbox 504 2551 548 2581; x_wconf 93' lang='lat' dir='ltr'>H.</span> <span class='ocrx_word' id='word_1_342' title='bbox 574 2550 618 2581; x_wconf 92' lang='lat' dir='ltr'>N.</span> <span class='ocrx_word' id='word_1_343' title='bbox 642 2549 731 2580; x_wconf 77' lang='lat' dir='ltr'>xviii.</span> <span class='ocrx_word' id='word_1_344' title='bbox 748 2561 777 2587; x_wconf 87' lang='lat'>4.</span> <span class='ocrx_word' id='word_1_345' title='bbox 802 2549 842 2579; x_wconf 89' lang='lat' dir='ltr'>A.</span> <span class='ocrx_word' id='word_1_346' title='bbox 860 2548 947 2579; x_wconf 86' lang='lat' dir='ltr'>Gell.</span> <span class='ocrx_word' id='word_1_347' title='bbox 965 2548 1017 2579; x_wconf 77' lang='lat' dir='ltr'>vii.</span> <span class='ocrx_word' id='word_1_348' title='bbox 1034 2557 1062 2587; x_wconf 82' lang='grc'>3.</span> 
     </span>
     <span class='ocr_line' id='line_1_44' title="bbox 390 2591 827 2631; baseline -0.002 -9"><span class='ocrx_word' id='word_1_349' title='bbox 390 2592 510 2631; x_wconf 85' lang='lat' dir='ltr'>aliique</span> <span class='ocrx_word' id='word_1_350' title='bbox 526 2593 633 2631; x_wconf 89' lang='lat' dir='ltr'>plures</span> <span class='ocrx_word' id='word_1_351' title='bbox 648 2591 827 2631; x_wconf 83' lang='lat' dir='ltr'>scriptores.</span> 
     </span>
    </p>

    <p class='ocr_par' dir='ltr' id='par_1_7' title="bbox 389 2631 1065 2967">
     <span class='ocr_line' id='line_1_45' title="bbox 441 2631 1063 2673; baseline -0.005 -8"><span class='ocrx_word' id='word_1_352' title='bbox 441 2643 457 2673; x_wconf 93' lang='lat'><strong>7</strong></span> <span class='ocrx_word' id='word_1_353' title='bbox 484 2635 747 2673; x_wconf 78' lang='lat' dir='ltr'>Emancipcmdo]</span> <span class='ocrx_word' id='word_1_354' title='bbox 790 2633 819 2663; x_wconf 85' lang='lat' dir='ltr'><strong>E</strong></span> <span class='ocrx_word' id='word_1_355' title='bbox 847 2643 946 2663; x_wconf 87' lang='lat' dir='ltr'>mauu</span> <span class='ocrx_word' id='word_1_356' title='bbox 973 2631 1063 2663; x_wconf 91' lang='lat' dir='ltr'>emit-</span> 
     </span>
     <span class='ocr_line' id='line_1_46' title="bbox 390 2675 1063 2716; baseline -0.003 -9"><span class='ocrx_word' id='word_1_357' title='bbox 390 2677 488 2707; x_wconf 81' lang='lat' dir='ltr'>tendo</span> <span class='ocrx_word' id='word_1_358' title='bbox 515 2687 572 2716; x_wconf 89' lang='lat' dir='ltr'>per</span> <span class='ocrx_word' id='word_1_359' title='bbox 597 2675 817 2716; x_wconf 86' lang='lat' dir='ltr'>imaginariam</span> <span class='ocrx_word' id='word_1_360' title='bbox 846 2675 1063 2706; x_wconf 83' lang='lat' dir='ltr'>venditionem</span> 
     </span>
     <span class='ocr_line' id='line_1_47' title="bbox 389 2717 1063 2758; baseline -0.001 -11"><span class='ocrx_word' id='word_1_361' title='bbox 389 2723 438 2748; x_wconf 86' lang='lat' dir='ltr'>ter</span> <span class='ocrx_word' id='word_1_362' title='bbox 467 2719 647 2758; x_wconf 83' lang='lat' dir='ltr'>repetitam.</span> <span class='ocrx_word' id='word_1_363' title='bbox 696 2719 782 2758; x_wconf 84' lang='lat' dir='ltr'>Lege</span> <span class='ocrx_word' id='word_1_364' title='bbox 811 2717 897 2748; x_wconf 91' lang='lat' dir='ltr'>enim</span> <span class='ocrx_word' id='word_1_365' title='bbox 928 2717 1063 2749; x_wconf 87' lang='lat' dir='ltr'>Romuli</span> 
     </span>
     <span class='ocr_line' id='line_1_48' title="bbox 391 2760 1065 2798; baseline 0 -9"><span class='ocrx_word' id='word_1_366' title='bbox 391 2765 522 2790; x_wconf 84' lang='lat' dir='ltr'>cautum</span> <span class='ocrx_word' id='word_1_367' title='bbox 535 2764 614 2798; x_wconf 84' lang='lat' dir='ltr'>erat,</span> <span class='ocrx_word' id='word_1_368' title='bbox 624 2771 661 2791; x_wconf 80' lang='lat' dir='ltr'>ac</span> <span class='ocrx_word' id='word_1_369' title='bbox 673 2761 790 2791; x_wconf 89' lang='lat' dir='ltr'>deinde</span> <span class='ocrx_word' id='word_1_370' title='bbox 806 2760 839 2790; x_wconf 85' lang='lat' dir='ltr'>in</span> <span class='ocrx_word' id='word_1_371' title='bbox 856 2770 920 2791; x_wconf 79' lang='grc' dir='ltr'>ΧΠ.</span> <span class='ocrx_word' id='word_1_372' title='bbox 937 2760 1065 2790; x_wconf 81' lang='lat' dir='ltr'>tabulas</span> 
     </span>
     <span class='ocr_line' id='line_1_49' title="bbox 390 2802 1065 2842; baseline 0.003 -12.003"><span class='ocrx_word' id='word_1_373' title='bbox 390 2802 430 2830; x_wconf 82' lang='lat' dir='ltr'>ab</span> <span class='ocrx_word' id='word_1_374' title='bbox 455 2802 655 2833; x_wconf 84' lang='lat' dir='ltr'>Decemviris</span> <span class='ocrx_word' id='word_1_375' title='bbox 678 2804 827 2840; x_wconf 79' lang='lat' dir='ltr'>relatum,</span> <span class='ocrx_word' id='word_1_376' title='bbox 850 2807 898 2840; x_wconf 84' lang='lat' dir='ltr'>ut,</span> <span class='ocrx_word' id='word_1_377' title='bbox 923 2803 947 2832; x_wconf 88' lang='lat' dir='ltr'>si</span> <span class='ocrx_word' id='word_1_378' title='bbox 974 2806 1065 2842; x_wconf 87' lang='lat' dir='ltr'>pater</span> 
     </span>
     <span class='ocr_line' id='line_1_50' title="bbox 391 2843 1063 2881; baseline 0.006 -10"><span class='ocrx_word' id='word_1_379' title='bbox 391 2843 493 2872; x_wconf 83' lang='lat' dir='ltr'>filium</span> <span class='ocrx_word' id='word_1_380' title='bbox 518 2850 576 2881; x_wconf 85' lang='lat' dir='ltr'>ter,</span> <span class='ocrx_word' id='word_1_381' title='bbox 601 2845 700 2875; x_wconf 88' lang='lat' dir='ltr'>filiam</span> <span class='ocrx_word' id='word_1_382' title='bbox 728 2850 762 2875; x_wconf 90' lang='lat' dir='ltr'>et</span> <span class='ocrx_word' id='word_1_383' title='bbox 788 2849 910 2875; x_wconf 87' lang='lat' dir='ltr'>ceteros</span> <span class='ocrx_word' id='word_1_384' title='bbox 936 2845 1063 2881; x_wconf 87' lang='lat' dir='ltr'>liberos,</span> 
     </span>
     <span class='ocr_line' id='line_1_51' title="bbox 390 2883 1062 2926; baseline 0.006 -13"><span class='ocrx_word' id='word_1_385' title='bbox 390 2883 411 2914; x_wconf 84' lang='lat' dir='ltr'>i.</span> <span class='ocrx_word' id='word_1_386' title='bbox 432 2893 459 2913; x_wconf 90' lang='lat' dir='ltr'>e.</span> <span class='ocrx_word' id='word_1_387' title='bbox 484 2891 617 2923; x_wconf 81' lang='lat' dir='ltr'>nepotes</span> <span class='ocrx_word' id='word_1_388' title='bbox 640 2891 793 2926; x_wconf 64' lang='lat' dir='ltr'>ncptcsxe</span> <span class='ocrx_word' id='word_1_389' title='bbox 816 2897 834 2917; x_wconf 92' lang='lat' dir='ltr'>e</span> <span class='ocrx_word' id='word_1_390' title='bbox 857 2887 935 2923; x_wconf 82' lang='lat' dir='ltr'>filio,</span> <span class='ocrx_word' id='word_1_391' title='bbox 963 2888 1062 2917; x_wconf 89' lang='lat' dir='ltr'>semel</span> 
     </span>
     <span class='ocr_line' id='line_1_52' title="bbox 392 2926 1063 2967; baseline 0.005 -11"><span class='ocrx_word' id='word_1_392' title='bbox 392 2926 536 2956; x_wconf 85' lang='lat' dir='ltr'>vendidi</span> <span class='ocrx_word' id='word_1_393' title='bbox 525 2931 597 2964; x_wconf 78' lang='grc'><strong>5501,</strong></span> <span class='ocrx_word' id='word_1_394' title='bbox 613 2929 798 2959; x_wconf 84' lang='lat' dir='ltr'>manumissi</span> <span class='ocrx_word' id='word_1_395' title='bbox 816 2934 926 2967; x_wconf 68' lang='grc' dir='ltr'><strong>11051οἰ</strong></span> <span class='ocrx_word' id='word_1_396' title='bbox 942 2930 982 2959; x_wconf 83' lang='lat' dir='ltr'>ab</span> <span class='ocrx_word' id='word_1_397' title='bbox 999 2939 1063 2959; x_wconf 85' lang='lat' dir='ltr'>em-</span> 
     </span>
    </p>
   </div>
   <div class='ocr_carea' id='block_1_4' title="bbox 1107 2124 1785 2799">
    <p class='ocr_par' dir='ltr' id='par_1_8' title="bbox 1107 2124 1785 2799">
     <span class='ocr_line' id='line_1_53' title="bbox 1108 2124 1784 2166; baseline 0.001 -11"><span class='ocrx_word' id='word_1_398' title='bbox 1108 2130 1210 2166; x_wconf 86' lang='lat' dir='ltr'>ptore,</span> <span class='ocrx_word' id='word_1_399' title='bbox 1227 2125 1275 2156; x_wconf 90' lang='lat' dir='ltr'>sui</span> <span class='ocrx_word' id='word_1_400' title='bbox 1291 2125 1369 2156; x_wconf 84' lang='lat' dir='ltr'>iuris</span> <span class='ocrx_word' id='word_1_401' title='bbox 1385 2126 1509 2164; x_wconf 86' lang='lat' dir='ltr'>fierent,</span> <span class='ocrx_word' id='word_1_402' title='bbox 1532 2125 1588 2156; x_wconf 88' lang='lat' dir='ltr'>ille</span> <span class='ocrx_word' id='word_1_403' title='bbox 1611 2124 1696 2156; x_wconf 82' lang='lat' dir='ltr'>trina</span> <span class='ocrx_word' id='word_1_404' title='bbox 1717 2135 1784 2156; x_wconf 88' lang='lat' dir='ltr'>ma-</span> 
     </span>
     <span class='ocr_line' id='line_1_54' title="bbox 1107 2168 1785 2206; baseline 0 -8"><span class='ocrx_word' id='word_1_405' title='bbox 1107 2168 1315 2206; x_wconf 87' lang='lat' dir='ltr'>numissione,</span> <span class='ocrx_word' id='word_1_406' title='bbox 1325 2168 1358 2198; x_wconf 91' lang='lat' dir='ltr'>hi</span> <span class='ocrx_word' id='word_1_407' title='bbox 1371 2168 1476 2199; x_wconf 88' lang='lat' dir='ltr'>unica.</span> <span class='ocrx_word' id='word_1_408' title='bbox 1507 2169 1560 2199; x_wconf 90' lang='lat' dir='ltr'>Ad</span> <span class='ocrx_word' id='word_1_409' title='bbox 1573 2168 1664 2198; x_wconf 86' lang='lat' dir='ltr'>cuius</span> <span class='ocrx_word' id='word_1_410' title='bbox 1675 2177 1785 2198; x_wconf 90' lang='lat' dir='ltr'>eman-</span> 
     </span>
     <span class='ocr_line' id='line_1_55' title="bbox 1109 2209 1784 2250; baseline 0 -10"><span class='ocrx_word' id='word_1_411' title='bbox 1109 2210 1280 2250; x_wconf 82' lang='lat' dir='ltr'>cipationis</span> <span class='ocrx_word' id='word_1_412' title='bbox 1313 2210 1486 2250; x_wconf 88' lang='lat' dir='ltr'>imaginem</span> <span class='ocrx_word' id='word_1_413' title='bbox 1516 2214 1630 2250; x_wconf 87' lang='lat' dir='ltr'>postea</span> <span class='ocrx_word' id='word_1_414' title='bbox 1658 2209 1784 2241; x_wconf 88' lang='lat' dir='ltr'>institu-</span> 
     </span>
     <span class='ocr_line' id='line_1_56' title="bbox 1109 2252 1785 2291; baseline -0.001 -8"><span class='ocrx_word' id='word_1_415' title='bbox 1109 2257 1191 2291; x_wconf 88' lang='lat' dir='ltr'>tum,</span> <span class='ocrx_word' id='word_1_416' title='bbox 1210 2257 1257 2290; x_wconf 90' lang='lat' dir='ltr'>ut,</span> <span class='ocrx_word' id='word_1_417' title='bbox 1281 2252 1330 2283; x_wconf 90' lang='lat' dir='ltr'>his</span> <span class='ocrx_word' id='word_1_418' title='bbox 1356 2253 1508 2283; x_wconf 89' lang='lat' dir='ltr'>simulato</span> <span class='ocrx_word' id='word_1_419' title='bbox 1530 2256 1564 2283; x_wconf 87' lang='lat' dir='ltr'>et</span> <span class='ocrx_word' id='word_1_420' title='bbox 1586 2252 1665 2283; x_wconf 76' lang='lat' dir='ltr'>dicis</span> <span class='ocrx_word' id='word_1_421' title='bbox 1688 2262 1785 2283; x_wconf 85' lang='lat' dir='ltr'>causa</span> 
     </span>
     <span class='ocr_line' id='line_1_57' title="bbox 1110 2294 1783 2334; baseline -0.001 -9"><span class='ocrx_word' id='word_1_422' title='bbox 1110 2295 1248 2334; x_wconf 87' lang='lat' dir='ltr'>peractis</span> <span class='ocrx_word' id='word_1_423' title='bbox 1278 2294 1515 2325; x_wconf 80' lang='lat' dir='ltr'>venditionibus</span> <span class='ocrx_word' id='word_1_424' title='bbox 1543 2298 1576 2325; x_wconf 87' lang='lat' dir='ltr'>et</span> <span class='ocrx_word' id='word_1_425' title='bbox 1610 2294 1783 2325; x_wconf 77' lang='lat' dir='ltr'>manumis-</span> 
     </span>
     <span class='ocr_line' id='line_1_58' title="bbox 1109 2335 1783 2376; baseline -0.001 -9"><span class='ocrx_word' id='word_1_426' title='bbox 1109 2337 1262 2374; x_wconf 74' lang='lat' dir='ltr'>sionibus,</span> <span class='ocrx_word' id='word_1_427' title='bbox 1278 2337 1368 2367; x_wconf 86' lang='lat' dir='ltr'>liberi</span> <span class='ocrx_word' id='word_1_428' title='bbox 1385 2347 1402 2367; x_wconf 92' lang='lat' dir='ltr'>e</span> <span class='ocrx_word' id='word_1_429' title='bbox 1418 2340 1578 2376; x_wconf 85' lang='lat' dir='ltr'>potestate</span> <span class='ocrx_word' id='word_1_430' title='bbox 1599 2336 1698 2375; x_wconf 89' lang='lat' dir='ltr'>patris</span> <span class='ocrx_word' id='word_1_431' title='bbox 1717 2335 1783 2367; x_wconf 84' lang='lat' dir='ltr'>exi-</span> 
     </span>
     <span class='ocr_line' id='line_1_59' title="bbox 1108 2377 1783 2411; baseline 0 -2"><span class='ocrx_word' id='word_1_432' title='bbox 1108 2384 1188 2411; x_wconf 88' lang='lat' dir='ltr'>rent.</span> <span class='ocrx_word' id='word_1_433' title='bbox 1236 2380 1310 2409; x_wconf 92' lang='lat' dir='ltr'>Hoc</span> <span class='ocrx_word' id='word_1_434' title='bbox 1333 2383 1442 2409; x_wconf 88' lang='lat' dir='ltr'>autem</span> <span class='ocrx_word' id='word_1_435' title='bbox 1459 2377 1600 2409; x_wconf 87' lang='lat' dir='ltr'>Stolonis</span> <span class='ocrx_word' id='word_1_436' title='bbox 1620 2387 1783 2409; x_wconf 87' lang='lat' dir='ltr'>commen-</span> 
     </span>
     <span class='ocr_line' id='line_1_60' title="bbox 1108 2419 1782 2460; baseline -0.001 -9"><span class='ocrx_word' id='word_1_437' title='bbox 1108 2426 1178 2452; x_wconf 88' lang='lat' dir='ltr'>tum</span> <span class='ocrx_word' id='word_1_438' title='bbox 1194 2432 1259 2452; x_wconf 91' lang='lat' dir='ltr'>non</span> <span class='ocrx_word' id='word_1_439' title='bbox 1274 2421 1465 2451; x_wconf 85' lang='lat' dir='ltr'>abhorrebat</span> <span class='ocrx_word' id='word_1_440' title='bbox 1477 2431 1496 2450; x_wconf 93' lang='lat' dir='ltr'>a</span> <span class='ocrx_word' id='word_1_441' title='bbox 1508 2419 1782 2460; x_wconf 87' lang='lat' dir='ltr'>iurisprudentum</span> 
     </span>
     <span class='ocr_line' id='line_1_61' title="bbox 1108 2462 1783 2503; baseline 0.003 -11"><span class='ocrx_word' id='word_1_442' title='bbox 1108 2463 1247 2503; x_wconf 88' lang='lat' dir='ltr'>placitis,</span> <span class='ocrx_word' id='word_1_443' title='bbox 1262 2467 1298 2493; x_wconf 88' lang='lat' dir='ltr'>ut</span> <span class='ocrx_word' id='word_1_444' title='bbox 1321 2464 1468 2493; x_wconf 84' lang='lat' dir='ltr'>observat</span> <span class='ocrx_word' id='word_1_445' title='bbox 1489 2462 1673 2494; x_wconf 89' lang='lat' dir='ltr'>Douiatius.</span> <span class='ocrx_word' id='word_1_446' title='bbox 1718 2462 1783 2494; x_wconf 80' lang='lat' dir='ltr'>Sed</span> 
     </span>
     <span class='ocr_line' id='line_1_62' title="bbox 1108 2504 1782 2544; baseline -0.001 -8"><span class='ocrx_word' id='word_1_447' title='bbox 1108 2506 1180 2536; x_wconf 83' lang='lat' dir='ltr'>ideo</span> <span class='ocrx_word' id='word_1_448' title='bbox 1206 2506 1298 2536; x_wconf 83' lang='lat' dir='ltr'>nulla</span> <span class='ocrx_word' id='word_1_449' title='bbox 1324 2505 1411 2536; x_wconf 88' lang='lat' dir='ltr'>illius</span> <span class='ocrx_word' id='word_1_450' title='bbox 1433 2504 1701 2544; x_wconf 88' lang='lat' dir='ltr'>emancipationis</span> <span class='ocrx_word' id='word_1_451' title='bbox 1726 2504 1782 2535; x_wconf 79' lang='lat' dir='ltr'>ha-</span> 
     </span>
     <span class='ocr_line' id='line_1_63' title="bbox 1107 2547 1783 2586; baseline -0.001 -8"><span class='ocrx_word' id='word_1_452' title='bbox 1107 2547 1176 2578; x_wconf 84' lang='lat' dir='ltr'>bita</span> <span class='ocrx_word' id='word_1_453' title='bbox 1198 2547 1279 2578; x_wconf 83' lang='lat' dir='ltr'>ratio</span> <span class='ocrx_word' id='word_1_454' title='bbox 1305 2551 1364 2585; x_wconf 88' lang='lat' dir='ltr'>est,</span> <span class='ocrx_word' id='word_1_455' title='bbox 1385 2547 1459 2586; x_wconf 86' lang='lat' dir='ltr'>quia</span> <span class='ocrx_word' id='word_1_456' title='bbox 1482 2557 1553 2578; x_wconf 92' lang='lat' dir='ltr'>eam</span> <span class='ocrx_word' id='word_1_457' title='bbox 1579 2547 1612 2577; x_wconf 92' lang='lat' dir='ltr'>in</span> <span class='ocrx_word' id='word_1_458' title='bbox 1635 2547 1783 2578; x_wconf 79' lang='lat' dir='ltr'>fraudem</span> 
     </span>
     <span class='ocr_line' id='line_1_64' title="bbox 1109 2588 1784 2629; baseline 0 -9"><span class='ocrx_word' id='word_1_459' title='bbox 1109 2590 1186 2629; x_wconf 81' lang='lat' dir='ltr'>legis</span> <span class='ocrx_word' id='word_1_460' title='bbox 1201 2591 1320 2620; x_wconf 75' lang='lat' dir='ltr'>factam</span> <span class='ocrx_word' id='word_1_461' title='bbox 1336 2591 1523 2629; x_wconf 87' lang='lat' dir='ltr'>apparebat.</span> <span class='ocrx_word' id='word_1_462' title='bbox 1540 2590 1647 2621; x_wconf 71' lang='lat' dir='ltr'>Cnssv.</span> <span class='ocrx_word' id='word_1_463' title='bbox 1680 2588 1784 2620; x_wconf 85' lang='lat' dir='ltr'>Annis</span> 
     </span>
     <span class='ocr_line' id='line_1_65' title="bbox 1108 2630 1782 2672; baseline -0.003 -9"><span class='ocrx_word' id='word_1_464' title='bbox 1108 2632 1335 2672; x_wconf 89' lang='lat' dir='ltr'>posterioribus</span> <span class='ocrx_word' id='word_1_465' title='bbox 1353 2632 1562 2672; x_wconf 85' lang='lat' dir='ltr'>reipublicae,</span> <span class='ocrx_word' id='word_1_466' title='bbox 1576 2641 1617 2662; x_wconf 88' lang='lat' dir='ltr'>ne</span> <span class='ocrx_word' id='word_1_467' title='bbox 1641 2631 1726 2662; x_wconf 87' lang='lat' dir='ltr'>cives</span> <span class='ocrx_word' id='word_1_468' title='bbox 1748 2630 1782 2662; x_wconf 88' lang='lat' dir='ltr'>in</span> 
     </span>
     <span class='ocr_line' id='line_1_66' title="bbox 1108 2673 1783 2714; baseline -0.003 -9"><span class='ocrx_word' id='word_1_469' title='bbox 1108 2675 1191 2705; x_wconf 89' lang='lat' dir='ltr'>hanc</span> <span class='ocrx_word' id='word_1_470' title='bbox 1211 2675 1356 2705; x_wconf 88' lang='lat' dir='ltr'>fraudem</span> <span class='ocrx_word' id='word_1_471' title='bbox 1380 2674 1579 2714; x_wconf 89' lang='lat' dir='ltr'>reipublicae</span> <span class='ocrx_word' id='word_1_472' title='bbox 1600 2673 1783 2704; x_wconf 86' lang='lat' dir='ltr'>faciendam</span> 
     </span>
     <span class='ocr_line' id='line_1_67' title="bbox 1108 2715 1782 2757; baseline -0.003 -10"><span class='ocrx_word' id='word_1_473' title='bbox 1108 2728 1165 2757; x_wconf 88' lang='lat' dir='ltr'>spe</span> <span class='ocrx_word' id='word_1_474' title='bbox 1186 2717 1265 2747; x_wconf 90' lang='lat' dir='ltr'>lucri</span> <span class='ocrx_word' id='word_1_475' title='bbox 1292 2717 1531 2756; x_wconf 83' lang='lat' dir='ltr'>pessicerentur,</span> <span class='ocrx_word' id='word_1_476' title='bbox 1549 2715 1711 2756; x_wconf 87' lang='lat' dir='ltr'>provisum</span> <span class='ocrx_word' id='word_1_477' title='bbox 1733 2719 1782 2746; x_wconf 84' lang='lat' dir='ltr'>est</span> 
     </span>
     <span class='ocr_line' id='line_1_68' title="bbox 1108 2759 1782 2799; baseline -0.003 -9"><span class='ocrx_word' id='word_1_478' title='bbox 1108 2760 1141 2790; x_wconf 91' lang='lat' dir='ltr'>in</span> <span class='ocrx_word' id='word_1_479' title='bbox 1165 2759 1356 2799; x_wconf 87' lang='lat' dir='ltr'>Sempronia</span> <span class='ocrx_word' id='word_1_480' title='bbox 1375 2759 1433 2789; x_wconf 88' lang='lat' dir='ltr'>illa</span> <span class='ocrx_word' id='word_1_481' title='bbox 1459 2759 1581 2799; x_wconf 88' lang='lat' dir='ltr'>agraria</span> <span class='ocrx_word' id='word_1_482' title='bbox 1603 2759 1685 2798; x_wconf 90' lang='lat' dir='ltr'>lege,</span> <span class='ocrx_word' id='word_1_483' title='bbox 1699 2759 1782 2797; x_wconf 74' lang='lat' dir='ltr'><strong><em>filia·-</em></strong></span> 
     </span>
    </p>
   </div>
   <div class='ocr_carea' id='block_1_5' title="bbox 1101 2800 1780 2841">
    <p class='ocr_par' dir='ltr' id='par_1_9' title="bbox 1101 2800 1780 2841">
     <span class='ocr_line' id='line_1_69' title="bbox 1101 2800 1780 2841; baseline -0.004 -9"><span class='ocrx_word' id='word_1_484' title='bbox 1101 2804 1250 2841; x_wconf 75' lang='lat' dir='ltr'>familias</span> <span class='ocrx_word' id='word_1_485' title='bbox 1273 2803 1424 2833; x_wconf 73' lang='lat' dir='ltr'>eiusmodi</span> <span class='ocrx_word' id='word_1_486' title='bbox 1445 2802 1612 2832; x_wconf 81' lang='lat' dir='ltr'>dimidium</span> <span class='ocrx_word' id='word_1_487' title='bbox 1633 2802 1662 2831; x_wconf 82' lang='lat' dir='ltr'>si</span> <span class='ocrx_word' id='word_1_488' title='bbox 1680 2800 1780 2840; x_wconf 83' lang='lat' dir='ltr'>possi-</span> 
     </span>
    </p>
   </div>
   <div class='ocr_carea' id='block_1_6' title="bbox 1107 2845 1780 2965">
    <p class='ocr_par' dir='ltr' id='par_1_10' title="bbox 1107 2845 1780 2965">
     <span class='ocr_line' id='line_1_70' title="bbox 1107 2845 1690 2883; baseline -0.003 -9"><span class='ocrx_word' id='word_1_489' title='bbox 1107 2845 1215 2881; x_wconf 76' lang='lat' dir='ltr'>deant,</span> <span class='ocrx_word' id='word_1_490' title='bbox 1223 2845 1342 2883; x_wconf 84' lang='lat' dir='ltr'>fraudi</span> <span class='ocrx_word' id='word_1_491' title='bbox 1354 2845 1547 2883; x_wconf 80' lang='lat' dir='ltr'>parentibus</span> <span class='ocrx_word' id='word_1_492' title='bbox 1561 2853 1602 2873; x_wconf 80' lang='lat' dir='ltr'>ne</span> <span class='ocrx_word' id='word_1_493' title='bbox 1616 2847 1690 2873; x_wconf 79' lang='lat' dir='ltr'>esto.</span> 
     </span>
     <span class='ocr_line' id='line_1_71' title="bbox 1151 2882 1780 2925; baseline -0.008 -8"><span class='ocrx_word' id='word_1_494' title='bbox 1151 2888 1169 2917; x_wconf 89' lang='lat'>8</span> <span class='ocrx_word' id='word_1_495' title='bbox 1190 2889 1216 2917; x_wconf 82' lang='grc' dir='ltr'><em>Α</em></span> <span class='ocrx_word' id='word_1_496' title='bbox 1223 2888 1379 2925; x_wconf 68' lang='lat' dir='ltr'>aquibus]</span> <span class='ocrx_word' id='word_1_497' title='bbox 1408 2887 1448 2916; x_wconf 90' lang='lat' dir='ltr'>Id</span> <span class='ocrx_word' id='word_1_498' title='bbox 1464 2889 1522 2923; x_wconf 90' lang='lat' dir='ltr'>est,</span> <span class='ocrx_word' id='word_1_499' title='bbox 1533 2888 1570 2914; x_wconf 89' lang='lat' dir='ltr'>ut</span> <span class='ocrx_word' id='word_1_500' title='bbox 1585 2883 1692 2914; x_wconf 87' lang='lat' dir='ltr'>scribit</span> <span class='ocrx_word' id='word_1_501' title='bbox 1705 2882 1780 2913; x_wconf 88' lang='lat' dir='ltr'>Flo-</span> 
     </span>
     <span class='ocr_line' id='line_1_72' title="bbox 1108 2925 1779 2965; baseline -0.006 -6"><span class='ocrx_word' id='word_1_502' title='bbox 1108 2939 1160 2960; x_wconf 86' lang='lat' dir='ltr'>rus</span> <span class='ocrx_word' id='word_1_503' title='bbox 1181 2929 1220 2959; x_wconf 86' lang='lat' dir='ltr'>de</span> <span class='ocrx_word' id='word_1_504' title='bbox 1243 2928 1455 2959; x_wconf 85' lang='lat' dir='ltr'>Fidenatibus</span> <span class='ocrx_word' id='word_1_505' title='bbox 1475 2936 1583 2965; x_wconf 84' lang='lat' dir='ltr'>agens,</span> <span class='ocrx_word' id='word_1_506' title='bbox 1603 2925 1624 2957; x_wconf 86' lang='lat' dir='ltr'>i.</span> <span class='ocrx_word' id='word_1_507' title='bbox 1646 2935 1692 2956; x_wconf 80' lang='lat'>12.</span> <span class='ocrx_word' id='word_1_508' title='bbox 1717 2925 1779 2955; x_wconf 84' lang='lat' dir='ltr'>dis</span> 
     </span>
    </p>
   </div>
  </div>
 </body>
</html>
