<?xml version="1.0" encoding="UTF-8"?>
<!DOCTYPE html PUBLIC "-//W3C//DTD XHTML 1.0 Transitional//EN"
    "http://www.w3.org/TR/xhtml1/DTD/xhtml1-transitional.dtd">
<html xmlns="http://www.w3.org/1999/xhtml" xml:lang="en" lang="en">
 <head>
  <title>
</title>
<meta http-equiv="Content-Type" content="text/html;charset=utf-8" />
  <meta name='ocr-system' content='tesseract 3.04.00' />
  <meta name='ocr-capabilities' content='ocr_page ocr_carea ocr_par ocr_line ocrx_word'/>
</head>
<body>
  <div class='ocr_page' id='page_1' title='image "./historiarumli01livyuoft_0172.png"; bbox 0 0 1934 3211; ppageno 0'>
   <div class='ocr_carea' id='block_1_1' title="bbox 458 183 1339 231">
    <p class='ocr_par' dir='ltr' id='par_1_1' title="bbox 458 183 1339 231">
     <span class='ocr_line' id='line_1_1' title="bbox 458 183 1339 231; baseline 0 -4"><span class='ocrx_word' id='word_1_1' title='bbox 458 188 539 228; x_wconf 88' lang='lat'><strong>160</strong></span> <span class='ocrx_word' id='word_1_2' title='bbox 970 184 1118 228; x_wconf 92' lang='grc' dir='ltr'>ΤῙΤΙ</span> <span class='ocrx_word' id='word_1_3' title='bbox 1157 183 1339 231; x_wconf 90' lang='lat' dir='ltr'>LIVII</span> 
     </span>
    </p>
   </div>
   <div class='ocr_carea' id='block_1_2' title="bbox 238 273 1853 388">
    <p class='ocr_par' dir='ltr' id='par_1_2' title="bbox 238 273 1853 388">
     <span class='ocr_line' id='line_1_2' title="bbox 239 273 1850 331; baseline -0.001 -13"><span class='ocrx_word' id='word_1_4' title='bbox 239 276 283 308; x_wconf 91' lang='lat' dir='ltr'><strong>U.</strong></span> <span class='ocrx_word' id='word_1_5' title='bbox 300 277 339 309; x_wconf 80' lang='lat' dir='ltr'><strong>C·</strong></span> <span class='ocrx_word' id='word_1_6' title='bbox 356 285 429 318; x_wconf 86' lang='lat'><strong>293·</strong></span> <span class='ocrx_word' id='word_1_7' title='bbox 455 288 566 315; x_wconf 88' lang='lat' dir='ltr'><strong>mam</strong></span> <span class='ocrx_word' id='word_1_8' title='bbox 583 288 631 316; x_wconf 90' lang='lat' dir='ltr'><strong>ac</strong></span> <span class='ocrx_word' id='word_1_9' title='bbox 647 273 864 315; x_wconf 85' lang='lat' dir='ltr'><strong>materiam</strong></span> <span class='ocrx_word' id='word_1_10' title='bbox 880 274 1125 316; x_wconf 84' lang='lat' dir='ltr'><strong>criminibus</strong></span> <span class='ocrx_word' id='word_1_11' title='bbox 1141 274 1225 316; x_wconf 90' lang='lat' dir='ltr'><strong>suis</strong></span> <span class='ocrx_word' id='word_1_12' title='bbox 1241 287 1483 331; x_wconf 82' lang='lat' dir='ltr'><strong>suggerere:</strong></span> <span class='ocrx_word' id='word_1_13' title='bbox 1516 275 1653 331; x_wconf 86' lang='lat' dir='ltr'><strong>legem</strong></span> <span class='ocrx_word' id='word_1_14' title='bbox 1666 274 1850 326; x_wconf 88' lang='lat' dir='ltr'><strong>interim,</strong></span> 
     </span>
     <span class='ocr_line' id='line_1_3' title="bbox 238 320 1853 388; baseline 0.001 -16"><span class='ocrx_word' id='word_1_15' title='bbox 238 320 276 351; x_wconf 82' lang='lat' dir='ltr'><strong>A.</strong></span> <span class='ocrx_word' id='word_1_16' title='bbox 301 321 339 352; x_wconf 85' lang='lat' dir='ltr'><strong>C.</strong></span> <span class='ocrx_word' id='word_1_17' title='bbox 356 328 428 362; x_wconf 88' lang='lat'><strong>459·</strong></span> <span class='ocrx_word' id='word_1_18' title='bbox 454 346 542 373; x_wconf 92' lang='lat' dir='ltr'><strong>non</strong></span> <span class='ocrx_word' id='word_1_19' title='bbox 558 340 642 373; x_wconf 92' lang='lat' dir='ltr'><strong>tam</strong></span> <span class='ocrx_word' id='word_1_20' title='bbox 664 331 718 372; x_wconf 88' lang='lat' dir='ltr'><strong>ad</strong></span> <span class='ocrx_word' id='word_1_21' title='bbox 738 346 855 388; x_wconf 90' lang='lat' dir='ltr'><strong>spem</strong></span> <span class='ocrx_word' id='word_1_22' title='bbox 875 332 1128 388; x_wconf 88' lang='lat' dir='ltr'><strong>perferendi,</strong></span> <span class='ocrx_word' id='word_1_23' title='bbox 1152 347 1279 388; x_wconf 90' lang='lat' dir='ltr'><strong>quam</strong></span> <span class='ocrx_word' id='word_1_24' title='bbox 1301 332 1354 373; x_wconf 91' lang='lat' dir='ltr'><strong>ad</strong></span> <span class='ocrx_word' id='word_1_25' title='bbox 1375 331 1660 374; x_wconf 85' lang='lat' dir='ltr'><strong>lacessendam</strong></span> <span class='ocrx_word' id='word_1_26' title='bbox 1689 332 1853 374; x_wconf 88' lang='lat' dir='ltr'><strong>Kaeso-</strong></span> 
     </span>
    </p>
   </div>
   <div class='ocr_carea' id='block_1_3' title="bbox 449 389 1881 2561">
    <p class='ocr_par' dir='ltr' id='par_1_3' title="bbox 449 389 1881 2561">
     <span class='ocr_line' id='line_1_4' title="bbox 453 389 1853 445; baseline 0.001 -16"><span class='ocrx_word' id='word_1_27' title='bbox 453 389 519 430; x_wconf 91' lang='lat' dir='ltr'><strong>nis</strong></span> <span class='ocrx_word' id='word_1_28' title='bbox 535 389 828 439; x_wconf 82' lang='lat' dir='ltr'><strong>temeritatem,</strong></span> <span class='ocrx_word' id='word_1_29' title='bbox 842 389 962 431; x_wconf 87' lang='lat' dir='ltr'><strong>ferre.</strong></span> <span class='ocrx_word' id='word_1_30' title='bbox 1015 389 1080 430; x_wconf 90' lang='lat' dir='ltr'><strong>Ibi</strong></span> <span class='ocrx_word' id='word_1_31' title='bbox 1098 389 1242 439; x_wconf 90' lang='lat' dir='ltr'><strong>multa,</strong></span> <span class='ocrx_word' id='word_1_32' title='bbox 1261 404 1384 445; x_wconf 85' lang='lat' dir='ltr'><strong>saepe</strong></span> <span class='ocrx_word' id='word_1_33' title='bbox 1401 390 1453 430; x_wconf 90' lang='lat' dir='ltr'><strong>ab</strong></span> <span class='ocrx_word' id='word_1_34' title='bbox 1469 390 1688 431; x_wconf 90' lang='lat' dir='ltr'><strong>iuventute</strong></span> <span class='ocrx_word' id='word_1_35' title='bbox 1705 390 1853 431; x_wconf 92' lang='lat' dir='ltr'><strong>incon-</strong></span> 
     </span>
     <span class='ocr_line' id='line_1_5' title="bbox 454 446 1852 503; baseline 0 -16"><span class='ocrx_word' id='word_1_36' title='bbox 454 446 560 487; x_wconf 89' lang='lat' dir='ltr'><strong>sulte</strong></span> <span class='ocrx_word' id='word_1_37' title='bbox 583 446 696 488; x_wconf 86' lang='lat' dir='ltr'><strong>dieta</strong></span> <span class='ocrx_word' id='word_1_38' title='bbox 714 448 920 503; x_wconf 87' lang='lat' dir='ltr'><strong>factaque,</strong></span> <span class='ocrx_word' id='word_1_39' title='bbox 943 447 987 487; x_wconf 90' lang='lat' dir='ltr'><strong>in</strong></span> <span class='ocrx_word' id='word_1_40' title='bbox 1015 447 1139 487; x_wconf 91' lang='lat' dir='ltr'><strong>unius</strong></span> <span class='ocrx_word' id='word_1_41' title='bbox 1162 447 1370 487; x_wconf 89' lang='lat' dir='ltr'><strong>Kaesonis</strong></span> <span class='ocrx_word' id='word_1_42' title='bbox 1391 456 1631 503; x_wconf 89' lang='lat' dir='ltr'><strong>suspectum</strong></span> <span class='ocrx_word' id='word_1_43' title='bbox 1655 447 1852 488; x_wconf 88' lang='lat' dir='ltr'><strong>incidunt</strong></span> 
     </span>
     <span class='ocr_line' id='line_1_6' title="bbox 456 503 1852 559; baseline 0.001 -16"><span class='ocrx_word' id='word_1_44' title='bbox 456 503 699 559; x_wconf 79' lang='lat' dir='ltr'><strong>ingenium:</strong></span> <span class='ocrx_word' id='word_1_45' title='bbox 734 512 875 545; x_wconf 87' lang='lat' dir='ltr'><strong>tamen</strong></span> <span class='ocrx_word' id='word_1_46' title='bbox 896 504 979 558; x_wconf 90' lang='lat' dir='ltr'><strong>legi</strong></span> <span class='ocrx_word' id='word_1_47' title='bbox 992 504 1271 544; x_wconf 85' lang='lat' dir='ltr'><strong>resistebatur.</strong></span> <span class='ocrx_word' id='word_1_48' title='bbox 1335 503 1392 544; x_wconf 90' lang='lat' dir='ltr'><strong>Et</strong></span> <span class='ocrx_word' id='word_1_49' title='bbox 1414 504 1467 545; x_wconf 93' lang='lat' dir='ltr'><strong>A.</strong></span> <span class='ocrx_word' id='word_1_50' title='bbox 1492 503 1710 559; x_wconf 80' lang='lat' dir='ltr'><strong>Virginius</strong></span> <span class='ocrx_word' id='word_1_51' title='bbox 1730 504 1852 545; x_wconf 88' lang='lat' dir='ltr'><strong>iden-</strong></span> 
     </span>
     <span class='ocr_line' id='line_1_7' title="bbox 455 558 1850 617; baseline 0.001 -16"><span class='ocrx_word' id='word_1_52' title='bbox 455 558 587 602; x_wconf 87' lang='lat' dir='ltr'><strong>tidem</strong></span> <span class='ocrx_word' id='word_1_53' title='bbox 604 561 740 617; x_wconf 91' lang='lat' dir='ltr'><strong>plebi:</strong></span> <span class='ocrx_word' id='word_1_54' title='bbox 777 560 966 616; x_wconf 85' lang='lat' dir='ltr'><strong>‘Ecquid</strong></span> <span class='ocrx_word' id='word_1_55' title='bbox 987 560 1148 601; x_wconf 86' lang='lat' dir='ltr'><strong>sentitis</strong></span> <span class='ocrx_word' id='word_1_56' title='bbox 1169 560 1265 609; x_wconf 84' lang='lat' dir='ltr'><strong>iam,</strong></span> <span class='ocrx_word' id='word_1_57' title='bbox 1283 576 1367 610; x_wconf 88' lang='lat' dir='ltr'><strong>vos,</strong></span> <span class='ocrx_word' id='word_1_58' title='bbox 1387 560 1588 610; x_wconf 76' lang='lat' dir='ltr'><strong>Quirites,</strong></span> <span class='ocrx_word' id='word_1_59' title='bbox 1609 561 1850 602; x_wconf 87' lang='lat' dir='ltr'><strong>Kaesonem</strong></span> 
     </span>
     <span class='ocr_line' id='line_1_8' title="bbox 456 617 1851 674; baseline 0 -15"><span class='ocrx_word' id='word_1_60' title='bbox 456 618 604 659; x_wconf 84' lang='lat' dir='ltr'><strong>‘simul</strong></span> <span class='ocrx_word' id='word_1_61' title='bbox 629 619 763 659; x_wconf 87' lang='lat' dir='ltr'><strong>civem</strong></span> <span class='ocrx_word' id='word_1_62' title='bbox 792 626 834 658; x_wconf 93' lang='lat' dir='ltr'><strong>et</strong></span> <span class='ocrx_word' id='word_1_63' title='bbox 864 618 1014 672; x_wconf 84' lang='lat' dir='ltr'><strong>legem,</strong></span> <span class='ocrx_word' id='word_1_64' title='bbox 1044 632 1170 672; x_wconf 91' lang='lat' dir='ltr'><strong>quam</strong></span> <span class='ocrx_word' id='word_1_65' title='bbox 1203 618 1367 672; x_wconf 88' lang='lat' dir='ltr'><strong>cupitis,</strong></span> <span class='ocrx_word' id='word_1_66' title='bbox 1394 617 1548 658; x_wconf 89' lang='lat' dir='ltr'><strong>habere</strong></span> <span class='ocrx_word' id='word_1_67' title='bbox 1579 632 1665 658; x_wconf 90' lang='lat' dir='ltr'><strong>non</strong></span> <span class='ocrx_word' id='word_1_68' title='bbox 1696 618 1851 674; x_wconf 84' lang='lat' dir='ltr'><strong>posse?</strong></span> 
     </span>
     <span class='ocr_line' id='line_1_9' title="bbox 456 674 1850 731; baseline 0 -15"><span class='ocrx_word' id='word_1_69' title='bbox 456 681 467 698; x_wconf 93' lang='lat'>‘</span> <span class='ocrx_word' id='word_1_70' title='bbox 484 676 739 731; x_wconf 82' lang='lat' dir='ltr'><strong>Quanquam</strong></span> <span class='ocrx_word' id='word_1_71' title='bbox 762 675 866 730; x_wconf 89' lang='lat' dir='ltr'><strong>quid</strong></span> <span class='ocrx_word' id='word_1_72' title='bbox 888 689 966 729; x_wconf 83' lang='lat' dir='ltr'><strong>ego</strong></span> <span class='ocrx_word' id='word_1_73' title='bbox 987 674 1124 730; x_wconf 88' lang='lat' dir='ltr'><strong>legem</strong></span> <span class='ocrx_word' id='word_1_74' title='bbox 1150 674 1329 729; x_wconf 82' lang='lat' dir='ltr'><strong>loquor?</strong></span> <span class='ocrx_word' id='word_1_75' title='bbox 1360 674 1543 715; x_wconf 85' lang='lat' dir='ltr'><strong>libertati</strong></span> <span class='ocrx_word' id='word_1_76' title='bbox 1565 675 1725 716; x_wconf 89' lang='lat' dir='ltr'><strong>obstat:</strong></span> <span class='ocrx_word' id='word_1_77' title='bbox 1760 689 1850 716; x_wconf 91' lang='lat' dir='ltr'><strong>om-</strong></span> 
     </span>
     <span class='ocr_line' id='line_1_10' title="bbox 455 731 1851 787; baseline -0.001 -14"><span class='ocrx_word' id='word_1_78' title='bbox 455 738 467 756; x_wconf 87' lang='lat'>‘</span> <span class='ocrx_word' id='word_1_79' title='bbox 480 748 553 773; x_wconf 88' lang='lat' dir='ltr'><strong>nes</strong></span> <span class='ocrx_word' id='word_1_80' title='bbox 575 732 829 787; x_wconf 83' lang='lat' dir='ltr'><strong>Tarquinios</strong></span> <span class='ocrx_word' id='word_1_81' title='bbox 851 731 1044 786; x_wconf 91' lang='lat' dir='ltr'><strong>superbia</strong></span> <span class='ocrx_word' id='word_1_82' title='bbox 1061 739 1293 787; x_wconf 84' lang='lat' dir='ltr'><strong>exsuperat.</strong></span> <span class='ocrx_word' id='word_1_83' title='bbox 1349 731 1615 787; x_wconf 85' lang='lat' dir='ltr'><strong>Exspectate,</strong></span> <span class='ocrx_word' id='word_1_84' title='bbox 1631 731 1733 772; x_wconf 91' lang='lat' dir='ltr'><strong>dum</strong></span> <span class='ocrx_word' id='word_1_85' title='bbox 1749 747 1851 774; x_wconf 88' lang='lat' dir='ltr'><strong>con-</strong></span> 
     </span>
     <span class='ocr_line' id='line_1_11' title="bbox 455 789 1851 844; baseline 0.001 -15"><span class='ocrx_word' id='word_1_86' title='bbox 455 789 542 829; x_wconf 86' lang='lat' dir='ltr'><strong>‘sul</strong></span> <span class='ocrx_word' id='word_1_87' title='bbox 574 798 645 829; x_wconf 86' lang='lat' dir='ltr'><strong>aut</strong></span> <span class='ocrx_word' id='word_1_88' title='bbox 680 789 859 829; x_wconf 88' lang='lat' dir='ltr'><strong>dictator</strong></span> <span class='ocrx_word' id='word_1_89' title='bbox 889 789 975 838; x_wconf 87' lang='lat' dir='ltr'><strong>fiat,</strong></span> <span class='ocrx_word' id='word_1_90' title='bbox 1008 803 1134 844; x_wconf 89' lang='lat' dir='ltr'><strong>quem</strong></span> <span class='ocrx_word' id='word_1_91' title='bbox 1170 789 1379 844; x_wconf 83' lang='lat' dir='ltr'><strong>privatum</strong></span> <span class='ocrx_word' id='word_1_92' title='bbox 1410 789 1566 830; x_wconf 90' lang='lat' dir='ltr'><strong>viribus</strong></span> <span class='ocrx_word' id='word_1_93' title='bbox 1602 796 1645 830; x_wconf 89' lang='lat' dir='ltr'><strong>et</strong></span> <span class='ocrx_word' id='word_1_94' title='bbox 1676 789 1851 831; x_wconf 84' lang='lat' dir='ltr'><strong>audacia</strong></span> 
     </span>
     <span class='ocr_line' id='line_1_12' title="bbox 456 845 1850 903; baseline 0.001 -17"><span class='ocrx_word' id='word_1_95' title='bbox 456 852 466 870; x_wconf 91' lang='grc'><strong><em>6</em></strong></span> <span class='ocrx_word' id='word_1_96' title='bbox 479 855 725 901; x_wconf 87' lang='lat' dir='ltr'><strong>regnantem</strong></span> <span class='ocrx_word' id='word_1_97' title='bbox 742 845 918 886; x_wconf 83' lang='lat' dir='ltr'><strong>videtis.&#39;</strong></span> <span class='ocrx_word' id='word_1_98' title='bbox 971 845 1322 887; x_wconf 89' lang='lat' dir='ltr'><strong>Assentiebantur</strong></span> <span class='ocrx_word' id='word_1_99' title='bbox 1338 845 1472 897; x_wconf 89' lang='lat' dir='ltr'><strong>multi,</strong></span> <span class='ocrx_word' id='word_1_100' title='bbox 1488 845 1672 902; x_wconf 90' lang='lat' dir='ltr'><strong>pulsatos</strong></span> <span class='ocrx_word' id='word_1_101' title='bbox 1686 861 1728 887; x_wconf 89' lang='lat' dir='ltr'><strong>se</strong></span> <span class='ocrx_word' id='word_1_102' title='bbox 1746 861 1850 903; x_wconf 89' lang='lat' dir='ltr'><strong>que-</strong></span> 
     </span>
     <span class='ocr_line' id='line_1_13' title="bbox 453 901 1847 959; baseline 0.001 -15"><span class='ocrx_word' id='word_1_103' title='bbox 453 901 603 952; x_wconf 77' lang='lat' dir='ltr'><strong>rentes,</strong></span> <span class='ocrx_word' id='word_1_104' title='bbox 637 912 679 944; x_wconf 88' lang='lat' dir='ltr'><strong>et</strong></span> <span class='ocrx_word' id='word_1_105' title='bbox 709 903 925 944; x_wconf 87' lang='lat' dir='ltr'><strong>tribunum</strong></span> <span class='ocrx_word' id='word_1_106' title='bbox 957 903 1010 944; x_wconf 89' lang='lat' dir='ltr'><strong>ad</strong></span> <span class='ocrx_word' id='word_1_107' title='bbox 1039 918 1129 944; x_wconf 88' lang='lat' dir='ltr'><strong>rem</strong></span> <span class='ocrx_word' id='word_1_108' title='bbox 1157 903 1439 959; x_wconf 84' lang='lat' dir='ltr'><strong>peragendam</strong></span> <span class='ocrx_word' id='word_1_109' title='bbox 1464 903 1573 944; x_wconf 88' lang='lat' dir='ltr'><strong>ultro</strong></span> <span class='ocrx_word' id='word_1_110' title='bbox 1604 903 1847 946; x_wconf 89' lang='lat' dir='ltr'><strong>incitabant.</strong></span> 
     </span>
     <span class='ocr_line' id='line_1_14' title="bbox 453 960 1849 1016; baseline 0.001 -15"><span class='ocrx_word' id='word_1_111' title='bbox 453 960 543 1001; x_wconf 87' lang='lat' dir='ltr'><strong>Iam</strong></span> <span class='ocrx_word' id='word_1_112' title='bbox 575 960 717 1001; x_wconf 89' lang='lat' dir='ltr'><strong>aderat</strong></span> <span class='ocrx_word' id='word_1_113' title='bbox 750 961 906 1001; x_wconf 88' lang='lat' dir='ltr'><strong>iudicio</strong></span> <span class='ocrx_word' id='word_1_114' title='bbox 937 961 1039 1010; x_wconf 88' lang='lat' dir='ltr'><strong>dies,</strong></span> <span class='ocrx_word' id='word_1_115' title='bbox 1072 961 1395 1016; x_wconf 76' lang='lat' dir='ltr'><strong>apparebatque,</strong></span> <span class='ocrx_word' id='word_1_116' title='bbox 1426 960 1552 1016; x_wconf 85' lang='lat' dir='ltr'><strong>vulgo</strong></span> <span class='ocrx_word' id='word_1_117' title='bbox 1583 960 1774 1002; x_wconf 91' lang='lat' dir='ltr'><strong>homines</strong></span> <span class='ocrx_word' id='word_1_118' title='bbox 1803 961 1849 1002; x_wconf 91' lang='lat' dir='ltr'><strong>in</strong></span> 
     </span>
     <span class='ocr_line' id='line_1_15' title="bbox 453 1018 1849 1073; baseline 0.001 -15"><span class='ocrx_word' id='word_1_119' title='bbox 453 1018 721 1058; x_wconf 88' lang='lat' dir='ltr'><strong>damnatione</strong></span> <span class='ocrx_word' id='word_1_120' title='bbox 741 1018 949 1059; x_wconf 87' lang='lat' dir='ltr'><strong>Kaesonis</strong></span> <span class='ocrx_word' id='word_1_121' title='bbox 967 1018 1199 1059; x_wconf 88' lang='lat' dir='ltr'><strong>libertatem</strong></span> <span class='ocrx_word' id='word_1_122' title='bbox 1216 1018 1282 1073; x_wconf 82' lang='lat' dir='ltr'><strong>agi</strong></span> <span class='ocrx_word' id='word_1_123' title='bbox 1299 1018 1481 1059; x_wconf 90' lang='lat' dir='ltr'><strong>credere.</strong></span> <span class='ocrx_word' id='word_1_124' title='bbox 1545 1018 1659 1059; x_wconf 91' lang='lat' dir='ltr'><strong>Tum</strong></span> <span class='ocrx_word' id='word_1_125' title='bbox 1675 1018 1849 1060; x_wconf 91' lang='lat' dir='ltr'><strong>demum</strong></span> 
     </span>
     <span class='ocr_line' id='line_1_16' title="bbox 453 1075 1850 1131; baseline 0.001 -15"><span class='ocrx_word' id='word_1_126' title='bbox 453 1084 621 1116; x_wconf 87' lang='lat' dir='ltr'><strong>coaetus</strong></span> <span class='ocrx_word' id='word_1_127' title='bbox 649 1090 745 1116; x_wconf 86' lang='lat' dir='ltr'><strong>cum</strong></span> <span class='ocrx_word' id='word_1_128' title='bbox 772 1075 904 1116; x_wconf 90' lang='lat' dir='ltr'><strong>multa</strong></span> <span class='ocrx_word' id='word_1_129' title='bbox 932 1075 1182 1130; x_wconf 75' lang='lat' dir='ltr'><strong>indignitate</strong></span> <span class='ocrx_word' id='word_1_130' title='bbox 1211 1076 1434 1131; x_wconf 87' lang='lat' dir='ltr'><strong>prensabat</strong></span> <span class='ocrx_word' id='word_1_131' title='bbox 1458 1075 1665 1130; x_wconf 88' lang='lat' dir='ltr'><strong>singulos:</strong></span> <span class='ocrx_word' id='word_1_132' title='bbox 1699 1090 1850 1131; x_wconf 90' lang='lat' dir='ltr'><strong>seque-</strong></span> 
     </span>
     <span class='ocr_line' id='line_1_17' title="bbox 451 1131 1850 1189; baseline 0.001 -16"><span class='ocrx_word' id='word_1_133' title='bbox 451 1133 605 1173; x_wconf 86' lang='lat' dir='ltr'><strong>bantur</strong></span> <span class='ocrx_word' id='word_1_134' title='bbox 632 1132 867 1181; x_wconf 83' lang='lat' dir='ltr'><strong>neeessarii,</strong></span> <span class='ocrx_word' id='word_1_135' title='bbox 889 1133 1102 1188; x_wconf 89' lang='lat' dir='ltr'><strong>principes</strong></span> <span class='ocrx_word' id='word_1_136' title='bbox 1130 1133 1319 1174; x_wconf 82' lang='lat' dir='ltr'><strong>civitatis.</strong></span> <span class='ocrx_word' id='word_1_137' title='bbox 1383 1133 1434 1173; x_wconf 93' lang='lat' dir='ltr'><strong>T.</strong></span> <span class='ocrx_word' id='word_1_138' title='bbox 1462 1132 1689 1180; x_wconf 80' lang='lat' dir='ltr'><strong>Quinctius</strong></span> <span class='ocrx_word' id='word_1_139' title='bbox 1719 1131 1850 1189; x_wconf 88' lang='lat' dir='ltr'><strong>Capi-</strong></span> 
     </span>
     <span class='ocr_line' id='line_1_18' title="bbox 452 1189 1850 1246; baseline 0.001 -16"><span class='ocrx_word' id='word_1_140' title='bbox 452 1190 620 1239; x_wconf 81' lang='lat' dir='ltr'><strong>tolinus,</strong></span> <span class='ocrx_word' id='word_1_141' title='bbox 658 1190 732 1246; x_wconf 91' lang='lat' dir='ltr'><strong>qui</strong></span> <span class='ocrx_word' id='word_1_142' title='bbox 769 1199 832 1231; x_wconf 90' lang='lat' dir='ltr'><strong>ter</strong></span> <span class='ocrx_word' id='word_1_143' title='bbox 867 1190 1013 1230; x_wconf 89' lang='lat' dir='ltr'><strong>consul</strong></span> <span class='ocrx_word' id='word_1_144' title='bbox 1046 1190 1193 1239; x_wconf 86' lang='lat' dir='ltr'><strong>fuerat,</strong></span> <span class='ocrx_word' id='word_1_145' title='bbox 1231 1205 1363 1245; x_wconf 90' lang='lat' dir='ltr'><strong>quum</strong></span> <span class='ocrx_word' id='word_1_146' title='bbox 1400 1189 1532 1230; x_wconf 89' lang='lat' dir='ltr'><strong>multa</strong></span> <span class='ocrx_word' id='word_1_147' title='bbox 1563 1189 1736 1231; x_wconf 85' lang='lat' dir='ltr'><strong>referret</strong></span> <span class='ocrx_word' id='word_1_148' title='bbox 1774 1205 1850 1231; x_wconf 87' lang='lat' dir='ltr'><strong>sua</strong></span> 
     </span>
     <span class='ocr_line' id='line_1_19' title="bbox 451 1246 1847 1303; baseline 0 -15"><span class='ocrx_word' id='word_1_149' title='bbox 451 1247 718 1303; x_wconf 87' lang='lat' dir='ltr'><strong>familiaeque</strong></span> <span class='ocrx_word' id='word_1_150' title='bbox 740 1247 904 1296; x_wconf 89' lang='lat' dir='ltr'><strong>decora,</strong></span> <span class='ocrx_word' id='word_1_151' title='bbox 923 1247 1174 1288; x_wconf 87' lang='lat' dir='ltr'><strong>affirmabat:</strong></span> <span class='ocrx_word' id='word_1_152' title='bbox 1211 1252 1222 1271; x_wconf 86' lang='lat'>‘</span> <span class='ocrx_word' id='word_1_153' title='bbox 1237 1246 1391 1303; x_wconf 88' lang='lat' dir='ltr'><strong>Neque</strong></span> <span class='ocrx_word' id='word_1_154' title='bbox 1414 1247 1458 1287; x_wconf 90' lang='lat' dir='ltr'><strong>in</strong></span> <span class='ocrx_word' id='word_1_155' title='bbox 1483 1246 1687 1294; x_wconf 90' lang='lat' dir='ltr'><strong>Quinctia</strong></span> <span class='ocrx_word' id='word_1_156' title='bbox 1707 1255 1847 1303; x_wconf 86' lang='lat' dir='ltr'><strong>gente,</strong></span> 
     </span>
     <span class='ocr_line' id='line_1_20' title="bbox 454 1304 1847 1360; baseline 0.001 -16"><span class='ocrx_word' id='word_1_157' title='bbox 454 1310 616 1360; x_wconf 90' lang='lat' dir='ltr'><strong>‘neque</strong></span> <span class='ocrx_word' id='word_1_158' title='bbox 649 1305 693 1345; x_wconf 89' lang='lat' dir='ltr'><strong>in</strong></span> <span class='ocrx_word' id='word_1_159' title='bbox 721 1305 887 1346; x_wconf 82' lang='lat' dir='ltr'><strong>civitate</strong></span> <span class='ocrx_word' id='word_1_160' title='bbox 921 1305 1115 1345; x_wconf 89' lang='lat' dir='ltr'><strong>Romana</strong></span> <span class='ocrx_word' id='word_1_161' title='bbox 1146 1313 1303 1345; x_wconf 89' lang='lat' dir='ltr'><strong>tantam</strong></span> <span class='ocrx_word' id='word_1_162' title='bbox 1331 1304 1518 1345; x_wconf 91' lang='lat' dir='ltr'><strong>indolem</strong></span> <span class='ocrx_word' id='word_1_163' title='bbox 1544 1312 1630 1344; x_wconf 89' lang='lat' dir='ltr'><strong>tarn</strong></span> <span class='ocrx_word' id='word_1_164' title='bbox 1660 1312 1847 1346; x_wconf 86' lang='lat' dir='ltr'><strong>maturae</strong></span> 
     </span>
     <span class='ocr_line' id='line_1_21' title="bbox 452 1360 1881 1418; baseline 0.001 -16"><span class='ocrx_word' id='word_1_165' title='bbox 452 1367 463 1385; x_wconf 92' lang='grc'><strong><em>6</em></strong></span> <span class='ocrx_word' id='word_1_166' title='bbox 476 1362 642 1402; x_wconf 88' lang='lat' dir='ltr'><strong>virtutis</strong></span> <span class='ocrx_word' id='word_1_167' title='bbox 663 1377 850 1418; x_wconf 89' lang='lat' dir='ltr'><strong>unquam</strong></span> <span class='ocrx_word' id='word_1_168' title='bbox 866 1362 1084 1403; x_wconf 85' lang='lat' dir='ltr'><strong>exstitisse.</strong></span> <span class='ocrx_word' id='word_1_169' title='bbox 1150 1362 1283 1403; x_wconf 86' lang='lat' dir='ltr'><strong>Suum</strong></span> <span class='ocrx_word' id='word_1_170' title='bbox 1304 1362 1488 1418; x_wconf 87' lang='lat' dir='ltr'><strong>primum</strong></span> <span class='ocrx_word' id='word_1_171' title='bbox 1508 1360 1685 1402; x_wconf 91' lang='lat' dir='ltr'><strong>militem</strong></span> <span class='ocrx_word' id='word_1_172' title='bbox 1701 1361 1844 1403; x_wconf 88' lang='lat' dir='ltr'><strong>fuisse:</strong></span> <span class='ocrx_word' id='word_1_173' title='bbox 1861 1376 1881 1407; x_wconf 92' lang='lat'>8</span> 
     </span>
     <span class='ocr_line' id='line_1_22' title="bbox 453 1418 1849 1475; baseline 0.001 -16"><span class='ocrx_word' id='word_1_174' title='bbox 453 1424 519 1460; x_wconf 83' lang='lat' dir='ltr'><strong>‘se</strong></span> <span class='ocrx_word' id='word_1_175' title='bbox 546 1434 668 1474; x_wconf 88' lang='lat' dir='ltr'><strong>saepe</strong></span> <span class='ocrx_word' id='word_1_176' title='bbox 690 1420 859 1460; x_wconf 85' lang='lat' dir='ltr'><strong>vidente</strong></span> <span class='ocrx_word' id='word_1_177' title='bbox 888 1434 1094 1475; x_wconf 86' lang='lat' dir='ltr'><strong>pugnasse</strong></span> <span class='ocrx_word' id='word_1_178' title='bbox 1117 1420 1161 1459; x_wconf 92' lang='lat' dir='ltr'><strong>in</strong></span> <span class='ocrx_word' id='word_1_179' title='bbox 1189 1419 1379 1460; x_wconf 79' lang='lat' dir='ltr'><strong>hostem.&#39;</strong></span> <span class='ocrx_word' id='word_1_180' title='bbox 1442 1418 1510 1475; x_wconf 85' lang='lat' dir='ltr'><strong>Sp.</strong></span> <span class='ocrx_word' id='word_1_181' title='bbox 1537 1418 1699 1469; x_wconf 86' lang='lat' dir='ltr'><strong>Furius,</strong></span> <span class='ocrx_word' id='word_1_182' title='bbox 1724 1424 1736 1443; x_wconf 91' lang='lat'>‘</span> <span class='ocrx_word' id='word_1_183' title='bbox 1751 1419 1849 1461; x_wconf 85' lang='lat' dir='ltr'><strong>mis-</strong></span> 
     </span>
     <span class='ocr_line' id='line_1_23' title="bbox 453 1475 1849 1532; baseline 0.001 -15"><span class='ocrx_word' id='word_1_184' title='bbox 453 1482 567 1517; x_wconf 86' lang='lat' dir='ltr'><strong>‘sum</strong></span> <span class='ocrx_word' id='word_1_185' title='bbox 591 1477 642 1517; x_wconf 91' lang='lat' dir='ltr'><strong>ab</strong></span> <span class='ocrx_word' id='word_1_186' title='bbox 668 1476 871 1524; x_wconf 88' lang='lat' dir='ltr'><strong>Quinctio</strong></span> <span class='ocrx_word' id='word_1_187' title='bbox 903 1475 1145 1532; x_wconf 87' lang='lat' dir='ltr'><strong>Capitolino</strong></span> <span class='ocrx_word' id='word_1_188' title='bbox 1167 1477 1244 1517; x_wconf 89' lang='lat' dir='ltr'><strong>sibi</strong></span> <span class='ocrx_word' id='word_1_189' title='bbox 1267 1491 1363 1518; x_wconf 89' lang='lat' dir='ltr'><strong>eum</strong></span> <span class='ocrx_word' id='word_1_190' title='bbox 1392 1476 1434 1517; x_wconf 90' lang='lat' dir='ltr'><strong>in</strong></span> <span class='ocrx_word' id='word_1_191' title='bbox 1458 1476 1598 1517; x_wconf 90' lang='lat' dir='ltr'><strong>dubiis</strong></span> <span class='ocrx_word' id='word_1_192' title='bbox 1619 1476 1704 1517; x_wconf 90' lang='lat' dir='ltr'><strong>suis</strong></span> <span class='ocrx_word' id='word_1_193' title='bbox 1724 1477 1849 1518; x_wconf 89' lang='lat' dir='ltr'><strong>rebus</strong></span> 
     </span>
     <span class='ocr_line' id='line_1_24' title="bbox 452 1533 1847 1590; baseline 0.001 -17"><span class='ocrx_word' id='word_1_194' title='bbox 452 1539 464 1557; x_wconf 83' lang='lat'>‘</span> <span class='ocrx_word' id='word_1_195' title='bbox 476 1533 636 1574; x_wconf 88' lang='lat' dir='ltr'><strong>venisse</strong></span> <span class='ocrx_word' id='word_1_196' title='bbox 659 1533 870 1574; x_wconf 88' lang='lat' dir='ltr'><strong>subsidio:</strong></span> <span class='ocrx_word' id='word_1_197' title='bbox 904 1533 1117 1574; x_wconf 86' lang='lat' dir='ltr'><strong>neminem</strong></span> <span class='ocrx_word' id='word_1_198' title='bbox 1140 1549 1272 1574; x_wconf 89' lang='lat' dir='ltr'><strong>unum</strong></span> <span class='ocrx_word' id='word_1_199' title='bbox 1295 1548 1397 1583; x_wconf 88' lang='lat' dir='ltr'><strong>esse,</strong></span> <span class='ocrx_word' id='word_1_200' title='bbox 1420 1534 1538 1574; x_wconf 89' lang='lat' dir='ltr'><strong>cuius</strong></span> <span class='ocrx_word' id='word_1_201' title='bbox 1559 1533 1690 1589; x_wconf 83' lang='lat' dir='ltr'><strong>magis</strong></span> <span class='ocrx_word' id='word_1_202' title='bbox 1718 1548 1847 1590; x_wconf 88' lang='lat' dir='ltr'><strong>opera</strong></span> 
     </span>
     <span class='ocr_line' id='line_1_25' title="bbox 452 1590 1848 1647; baseline 0.001 -17"><span class='ocrx_word' id='word_1_203' title='bbox 452 1596 598 1646; x_wconf 87' lang='lat' dir='ltr'><strong>‘putet</strong></span> <span class='ocrx_word' id='word_1_204' title='bbox 624 1606 713 1631; x_wconf 88' lang='lat' dir='ltr'><strong>rem</strong></span> <span class='ocrx_word' id='word_1_205' title='bbox 735 1590 996 1631; x_wconf 84' lang='lat' dir='ltr'><strong>restitutam.’</strong></span> <span class='ocrx_word' id='word_1_206' title='bbox 1057 1591 1105 1631; x_wconf 92' lang='lat' dir='ltr'><strong>L.</strong></span> <span class='ocrx_word' id='word_1_207' title='bbox 1130 1591 1366 1640; x_wconf 88' lang='lat' dir='ltr'><strong>Lucretius,</strong></span> <span class='ocrx_word' id='word_1_208' title='bbox 1389 1590 1538 1632; x_wconf 90' lang='lat' dir='ltr'><strong>consul</strong></span> <span class='ocrx_word' id='word_1_209' title='bbox 1565 1591 1665 1631; x_wconf 89' lang='lat' dir='ltr'><strong>anni</strong></span> <span class='ocrx_word' id='word_1_210' title='bbox 1685 1590 1848 1647; x_wconf 76' lang='lat' dir='ltr'><strong>prioris,</strong></span> 
     </span>
     <span class='ocr_line' id='line_1_26' title="bbox 451 1648 1847 1704; baseline 0.001 -16"><span class='ocrx_word' id='word_1_211' title='bbox 451 1649 609 1688; x_wconf 83' lang='lat' dir='ltr'><strong>recenti</strong></span> <span class='ocrx_word' id='word_1_212' title='bbox 631 1648 765 1703; x_wconf 84' lang='lat' dir='ltr'><strong>gloria</strong></span> <span class='ocrx_word' id='word_1_213' title='bbox 785 1648 935 1696; x_wconf 87' lang='lat' dir='ltr'><strong>nitens,</strong></span> <span class='ocrx_word' id='word_1_214' title='bbox 959 1663 1052 1688; x_wconf 88' lang='lat' dir='ltr'><strong>suas</strong></span> <span class='ocrx_word' id='word_1_215' title='bbox 1074 1648 1217 1689; x_wconf 89' lang='lat' dir='ltr'><strong>laudes</strong></span> <span class='ocrx_word' id='word_1_216' title='bbox 1245 1648 1493 1704; x_wconf 88' lang='lat' dir='ltr'><strong>participare</strong></span> <span class='ocrx_word' id='word_1_217' title='bbox 1515 1662 1613 1689; x_wconf 88' lang='lat' dir='ltr'><strong>eum</strong></span> <span class='ocrx_word' id='word_1_218' title='bbox 1636 1648 1847 1698; x_wconf 88' lang='lat' dir='ltr'><strong>Kaesone,</strong></span> 
     </span>
     <span class='ocr_line' id='line_1_27' title="bbox 452 1705 1849 1762; baseline 0.001 -17"><span class='ocrx_word' id='word_1_219' title='bbox 452 1719 682 1746; x_wconf 87' lang='lat' dir='ltr'><strong>memorare</strong></span> <span class='ocrx_word' id='word_1_220' title='bbox 710 1720 883 1761; x_wconf 82' lang='lat' dir='ltr'><strong>pugnaS,</strong></span> <span class='ocrx_word' id='word_1_221' title='bbox 910 1705 1063 1746; x_wconf 88' lang='lat' dir='ltr'><strong>referre</strong></span> <span class='ocrx_word' id='word_1_222' title='bbox 1093 1705 1260 1761; x_wconf 81' lang='lat' dir='ltr'><strong>egregia</strong></span> <span class='ocrx_word' id='word_1_223' title='bbox 1284 1705 1479 1754; x_wconf 86' lang='lat' dir='ltr'><strong>facinora,</strong></span> <span class='ocrx_word' id='word_1_224' title='bbox 1502 1719 1616 1746; x_wconf 90' lang='lat' dir='ltr'><strong>nunc</strong></span> <span class='ocrx_word' id='word_1_225' title='bbox 1647 1705 1692 1745; x_wconf 90' lang='lat' dir='ltr'><strong>in</strong></span> <span class='ocrx_word' id='word_1_226' title='bbox 1720 1720 1849 1762; x_wconf 86' lang='lat' dir='ltr'><strong>expe-</strong></span> 
     </span>
     <span class='ocr_line' id='line_1_28' title="bbox 452 1762 1848 1812; baseline 0.001 -10"><span class='ocrx_word' id='word_1_227' title='bbox 452 1762 695 1812; x_wconf 82' lang='lat' dir='ltr'><strong>ditionibus,</strong></span> <span class='ocrx_word' id='word_1_228' title='bbox 729 1777 843 1803; x_wconf 91' lang='lat' dir='ltr'><strong>nunc</strong></span> <span class='ocrx_word' id='word_1_229' title='bbox 876 1762 920 1802; x_wconf 88' lang='lat' dir='ltr'><strong>in</strong></span> <span class='ocrx_word' id='word_1_230' title='bbox 956 1762 1070 1803; x_wconf 85' lang='lat' dir='ltr'><strong>acie:</strong></span> <span class='ocrx_word' id='word_1_231' title='bbox 1115 1762 1288 1803; x_wconf 87' lang='lat' dir='ltr'><strong>suadere</strong></span> <span class='ocrx_word' id='word_1_232' title='bbox 1325 1770 1368 1803; x_wconf 88' lang='lat' dir='ltr'><strong>et</strong></span> <span class='ocrx_word' id='word_1_233' title='bbox 1403 1777 1588 1812; x_wconf 87' lang='lat' dir='ltr'><strong>monere,</strong></span> <span class='ocrx_word' id='word_1_234' title='bbox 1628 1762 1848 1804; x_wconf 85' lang='lat' dir='ltr'><strong>‘iuvenem</strong></span> 
     </span>
     <span class='ocr_line' id='line_1_29' title="bbox 454 1819 1846 1875; baseline 0.001 -16"><span class='ocrx_word' id='word_1_235' title='bbox 454 1825 466 1843; x_wconf 94' lang='grc'><strong><em>6</em></strong></span> <span class='ocrx_word' id='word_1_236' title='bbox 479 1820 707 1875; x_wconf 82' lang='lat' dir='ltr'><strong>egregium,</strong></span> <span class='ocrx_word' id='word_1_237' title='bbox 730 1820 981 1860; x_wconf 88' lang='lat' dir='ltr'><strong>instructum</strong></span> <span class='ocrx_word' id='word_1_238' title='bbox 1002 1828 1176 1860; x_wconf 88' lang='lat' dir='ltr'><strong>naturae</strong></span> <span class='ocrx_word' id='word_1_239' title='bbox 1197 1819 1475 1875; x_wconf 88' lang='lat' dir='ltr'><strong>fortunaeque</strong></span> <span class='ocrx_word' id='word_1_240' title='bbox 1497 1819 1692 1861; x_wconf 90' lang='lat' dir='ltr'><strong>omnibus</strong></span> <span class='ocrx_word' id='word_1_241' title='bbox 1712 1819 1846 1870; x_wconf 91' lang='lat' dir='ltr'><strong>bonis,</strong></span> 
     </span>
     <span class='ocr_line' id='line_1_30' title="bbox 453 1876 1847 1933; baseline 0.001 -17"><span class='ocrx_word' id='word_1_242' title='bbox 453 1882 464 1900; x_wconf 80' lang='grc'><strong><em>6</em></strong></span> <span class='ocrx_word' id='word_1_243' title='bbox 479 1877 709 1917; x_wconf 80' lang='lat' dir='ltr'><strong>maximum</strong></span> <span class='ocrx_word' id='word_1_244' title='bbox 726 1885 987 1917; x_wconf 86' lang='lat' dir='ltr'><strong>momentum</strong></span> <span class='ocrx_word' id='word_1_245' title='bbox 1008 1892 1148 1917; x_wconf 90' lang='lat' dir='ltr'><strong>rerum</strong></span> <span class='ocrx_word' id='word_1_246' title='bbox 1165 1876 1254 1917; x_wconf 91' lang='lat' dir='ltr'><strong>eius</strong></span> <span class='ocrx_word' id='word_1_247' title='bbox 1275 1877 1466 1926; x_wconf 81' lang='lat' dir='ltr'><strong>civitatis,</strong></span> <span class='ocrx_word' id='word_1_248' title='bbox 1484 1876 1529 1916; x_wconf 93' lang='lat' dir='ltr'><strong>in</strong></span> <span class='ocrx_word' id='word_1_249' title='bbox 1550 1891 1847 1933; x_wconf 90' lang='lat' dir='ltr'><strong>quameunque</strong></span> 
     </span>
     <span class='ocr_line' id='line_1_31' title="bbox 454 1933 1849 1989; baseline 0.001 -15"><span class='ocrx_word' id='word_1_250' title='bbox 454 1934 668 1983; x_wconf 89' lang='lat' dir='ltr'><strong>‘venisset,</strong></span> <span class='ocrx_word' id='word_1_251' title='bbox 687 1949 821 1983; x_wconf 89' lang='lat' dir='ltr'><strong>suum,</strong></span> <span class='ocrx_word' id='word_1_252' title='bbox 840 1948 967 1989; x_wconf 89' lang='lat' dir='ltr'><strong>quam</strong></span> <span class='ocrx_word' id='word_1_253' title='bbox 987 1933 1184 1983; x_wconf 90' lang='lat' dir='ltr'><strong>alienum,</strong></span> <span class='ocrx_word' id='word_1_254' title='bbox 1203 1934 1376 1975; x_wconf 88' lang='lat' dir='ltr'><strong>mallent</strong></span> <span class='ocrx_word' id='word_1_255' title='bbox 1397 1934 1531 1974; x_wconf 90' lang='lat' dir='ltr'><strong>civem</strong></span> <span class='ocrx_word' id='word_1_256' title='bbox 1552 1948 1652 1975; x_wconf 87' lang='lat' dir='ltr'><strong>esse.</strong></span> <span class='ocrx_word' id='word_1_257' title='bbox 1719 1933 1849 1982; x_wconf 81' lang='lat' dir='ltr'><strong>Quod</strong></span> 
     </span>
     <span class='ocr_line' id='line_1_32' title="bbox 453 1990 1849 2047; baseline 0.001 -16"><span class='ocrx_word' id='word_1_258' title='bbox 453 1991 664 2032; x_wconf 84' lang='lat' dir='ltr'><strong>‘offendat</strong></span> <span class='ocrx_word' id='word_1_259' title='bbox 685 1991 728 2031; x_wconf 89' lang='lat' dir='ltr'><strong>in</strong></span> <span class='ocrx_word' id='word_1_260' title='bbox 750 2006 814 2039; x_wconf 87' lang='lat' dir='ltr'><strong>eo,</strong></span> <span class='ocrx_word' id='word_1_261' title='bbox 836 1991 1040 2032; x_wconf 87' lang='lat' dir='ltr'><strong>fervorem</strong></span> <span class='ocrx_word' id='word_1_262' title='bbox 1062 1998 1105 2032; x_wconf 91' lang='lat' dir='ltr'><strong>et</strong></span> <span class='ocrx_word' id='word_1_263' title='bbox 1126 1991 1342 2032; x_wconf 87' lang='lat' dir='ltr'><strong>audaciam</strong></span> <span class='ocrx_word' id='word_1_264' title='bbox 1364 1998 1542 2033; x_wconf 89' lang='lat' dir='ltr'><strong>aetatem</strong></span> <span class='ocrx_word' id='word_1_265' title='bbox 1563 1990 1752 2047; x_wconf 89' lang='lat' dir='ltr'><strong>quotidie</strong></span> <span class='ocrx_word' id='word_1_266' title='bbox 1774 2006 1849 2032; x_wconf 91' lang='lat' dir='ltr'><strong>au-</strong></span> 
     </span>
     <span class='ocr_line' id='line_1_33' title="bbox 453 2047 1844 2103; baseline 0.001 -15"><span class='ocrx_word' id='word_1_267' title='bbox 453 2048 607 2096; x_wconf 85' lang='lat' dir='ltr'><strong>‘ferre3</strong></span> <span class='ocrx_word' id='word_1_268' title='bbox 651 2047 766 2103; x_wconf 89' lang='lat' dir='ltr'><strong>quod</strong></span> <span class='ocrx_word' id='word_1_269' title='bbox 799 2048 1060 2089; x_wconf 88' lang='lat' dir='ltr'><strong>desideretur</strong></span> <span class='ocrx_word' id='word_1_270' title='bbox 1095 2048 1329 2098; x_wconf 89' lang='lat' dir='ltr'><strong>consilium,</strong></span> <span class='ocrx_word' id='word_1_271' title='bbox 1363 2048 1407 2089; x_wconf 93' lang='lat' dir='ltr'><strong>id</strong></span> <span class='ocrx_word' id='word_1_272' title='bbox 1442 2048 1487 2089; x_wconf 91' lang='lat' dir='ltr'><strong>in</strong></span> <span class='ocrx_word' id='word_1_273' title='bbox 1522 2047 1612 2089; x_wconf 91' lang='lat' dir='ltr'><strong>dies</strong></span> <span class='ocrx_word' id='word_1_274' title='bbox 1647 2063 1844 2090; x_wconf 90' lang='lat' dir='ltr'><strong>creseere.</strong></span> 
     </span>
     <span class='ocr_line' id='line_1_34' title="bbox 453 2104 1847 2155; baseline 0.001 -10"><span class='ocrx_word' id='word_1_275' title='bbox 453 2112 464 2129; x_wconf 87' lang='grc'><strong><em>6</em></strong></span> <span class='ocrx_word' id='word_1_276' title='bbox 480 2104 804 2146; x_wconf 85' lang='lat' dir='ltr'><strong>Senescentibus</strong></span> <span class='ocrx_word' id='word_1_277' title='bbox 824 2105 947 2154; x_wconf 82' lang='lat' dir='ltr'><strong>vitiis,</strong></span> <span class='ocrx_word' id='word_1_278' title='bbox 963 2113 1271 2146; x_wconf 86' lang='lat' dir='ltr'><strong>maturescente</strong></span> <span class='ocrx_word' id='word_1_279' title='bbox 1288 2106 1456 2155; x_wconf 85' lang='lat' dir='ltr'><strong>virtute,</strong></span> <span class='ocrx_word' id='word_1_280' title='bbox 1474 2105 1661 2146; x_wconf 88' lang='lat' dir='ltr'><strong>sinerent</strong></span> <span class='ocrx_word' id='word_1_281' title='bbox 1681 2113 1847 2147; x_wconf 88' lang='lat' dir='ltr'><strong>tantum</strong></span> 
     </span>
     <span class='ocr_line' id='line_1_35' title="bbox 452 2162 1879 2216; baseline 0.001 -14"><span class='ocrx_word' id='word_1_282' title='bbox 452 2162 611 2203; x_wconf 90' lang='lat' dir='ltr'><strong>‘virum</strong></span> <span class='ocrx_word' id='word_1_283' title='bbox 633 2177 777 2203; x_wconf 91' lang='lat' dir='ltr'><strong>senem</strong></span> <span class='ocrx_word' id='word_1_284' title='bbox 798 2162 841 2202; x_wconf 89' lang='lat' dir='ltr'><strong>in</strong></span> <span class='ocrx_word' id='word_1_285' title='bbox 864 2162 1031 2203; x_wconf 86' lang='lat' dir='ltr'><strong>civitate</strong></span> <span class='ocrx_word' id='word_1_286' title='bbox 1053 2162 1171 2203; x_wconf 86' lang='lat' dir='ltr'><strong>fieri.’</strong></span> <span class='ocrx_word' id='word_1_287' title='bbox 1231 2162 1358 2203; x_wconf 88' lang='lat' dir='ltr'><strong>Pater</strong></span> <span class='ocrx_word' id='word_1_288' title='bbox 1378 2163 1489 2203; x_wconf 90' lang='lat' dir='ltr'><strong>inter</strong></span> <span class='ocrx_word' id='word_1_289' title='bbox 1508 2162 1585 2204; x_wconf 89' lang='lat' dir='ltr'><strong>hos</strong></span> <span class='ocrx_word' id='word_1_290' title='bbox 1606 2162 1656 2203; x_wconf 91' lang='lat' dir='ltr'><strong>L.</strong></span> <span class='ocrx_word' id='word_1_291' title='bbox 1683 2162 1879 2216; x_wconf 80' lang='lat' dir='ltr'><strong>Quinc-9</strong></span> 
     </span>
     <span class='ocr_line' id='line_1_36' title="bbox 451 2219 1845 2275; baseline 0.001 -15"><span class='ocrx_word' id='word_1_292' title='bbox 451 2220 545 2269; x_wconf 89' lang='lat' dir='ltr'><strong>tius,</strong></span> <span class='ocrx_word' id='word_1_293' title='bbox 575 2219 643 2260; x_wconf 92' lang='lat' dir='ltr'><strong>cui</strong></span> <span class='ocrx_word' id='word_1_294' title='bbox 675 2219 930 2260; x_wconf 89' lang='lat' dir='ltr'><strong>Cincinnato</strong></span> <span class='ocrx_word' id='word_1_295' title='bbox 958 2234 1193 2275; x_wconf 83' lang='lat' dir='ltr'><strong>cognomen</strong></span> <span class='ocrx_word' id='word_1_296' title='bbox 1221 2228 1321 2269; x_wconf 90' lang='lat' dir='ltr'><strong>erat,</strong></span> <span class='ocrx_word' id='word_1_297' title='bbox 1348 2234 1434 2261; x_wconf 91' lang='lat' dir='ltr'><strong>non</strong></span> <span class='ocrx_word' id='word_1_298' title='bbox 1465 2219 1657 2261; x_wconf 91' lang='lat' dir='ltr'><strong>iterando</strong></span> <span class='ocrx_word' id='word_1_299' title='bbox 1687 2219 1845 2270; x_wconf 85' lang='lat' dir='ltr'><strong>laudes,</strong></span> 
     </span>
     <span class='ocr_line' id='line_1_37' title="bbox 449 2276 1847 2332; baseline 0.001 -15"><span class='ocrx_word' id='word_1_300' title='bbox 449 2290 503 2317; x_wconf 90' lang='lat' dir='ltr'><strong>ne</strong></span> <span class='ocrx_word' id='word_1_301' title='bbox 526 2276 759 2317; x_wconf 89' lang='lat' dir='ltr'><strong>cumularet</strong></span> <span class='ocrx_word' id='word_1_302' title='bbox 778 2276 993 2325; x_wconf 88' lang='lat' dir='ltr'><strong>invidiam,</strong></span> <span class='ocrx_word' id='word_1_303' title='bbox 1016 2276 1090 2317; x_wconf 89' lang='lat' dir='ltr'><strong>sed</strong></span> <span class='ocrx_word' id='word_1_304' title='bbox 1118 2277 1285 2317; x_wconf 88' lang='lat' dir='ltr'><strong>veniam</strong></span> <span class='ocrx_word' id='word_1_305' title='bbox 1306 2276 1434 2317; x_wconf 89' lang='lat' dir='ltr'><strong>errori</strong></span> <span class='ocrx_word' id='word_1_306' title='bbox 1456 2284 1582 2332; x_wconf 89' lang='lat' dir='ltr'><strong>atque</strong></span> <span class='ocrx_word' id='word_1_307' title='bbox 1603 2276 1847 2318; x_wconf 87' lang='lat' dir='ltr'><strong>adolescen-</strong></span> 
     </span>
     <span class='ocr_line' id='line_1_38' title="bbox 450 2333 1846 2389; baseline 0 -15"><span class='ocrx_word' id='word_1_308' title='bbox 450 2334 531 2374; x_wconf 85' lang='lat' dir='ltr'><strong>tiae</strong></span> <span class='ocrx_word' id='word_1_309' title='bbox 572 2333 769 2389; x_wconf 88' lang='lat' dir='ltr'><strong>petendo,</strong></span> <span class='ocrx_word' id='word_1_310' title='bbox 805 2333 895 2382; x_wconf 90' lang='lat' dir='ltr'><strong>sibi,</strong></span> <span class='ocrx_word' id='word_1_311' title='bbox 930 2333 1003 2388; x_wconf 92' lang='lat' dir='ltr'><strong>qui</strong></span> <span class='ocrx_word' id='word_1_312' title='bbox 1043 2348 1129 2374; x_wconf 91' lang='lat' dir='ltr'><strong>non</strong></span> <span class='ocrx_word' id='word_1_313' title='bbox 1165 2333 1290 2382; x_wconf 88' lang='lat' dir='ltr'><strong>dieto,</strong></span> <span class='ocrx_word' id='word_1_314' title='bbox 1324 2348 1411 2374; x_wconf 89' lang='lat' dir='ltr'><strong>non</strong></span> <span class='ocrx_word' id='word_1_315' title='bbox 1446 2333 1556 2374; x_wconf 87' lang='lat' dir='ltr'><strong>facto</strong></span> <span class='ocrx_word' id='word_1_316' title='bbox 1588 2347 1846 2389; x_wconf 91' lang='lat' dir='ltr'><strong>quemquam</strong></span> 
     </span>
     <span class='ocr_line' id='line_1_39' title="bbox 450 2389 1846 2440; baseline 0 -9"><span class='ocrx_word' id='word_1_317' title='bbox 450 2391 706 2440; x_wconf 86' lang='lat' dir='ltr'><strong>offendisset,</strong></span> <span class='ocrx_word' id='word_1_318' title='bbox 728 2398 776 2431; x_wconf 90' lang='lat' dir='ltr'><strong>ut</strong></span> <span class='ocrx_word' id='word_1_319' title='bbox 796 2390 1085 2431; x_wconf 88' lang='lat' dir='ltr'><strong>condonarent</strong></span> <span class='ocrx_word' id='word_1_320' title='bbox 1104 2389 1252 2439; x_wconf 88' lang='lat' dir='ltr'><strong>filium,</strong></span> <span class='ocrx_word' id='word_1_321' title='bbox 1271 2390 1427 2431; x_wconf 86' lang='lat' dir='ltr'><strong>orabat.</strong></span> <span class='ocrx_word' id='word_1_322' title='bbox 1493 2389 1577 2430; x_wconf 86' lang='lat' dir='ltr'><strong>Sed</strong></span> <span class='ocrx_word' id='word_1_323' title='bbox 1598 2389 1846 2439; x_wconf 28' lang='lat' dir='ltr'><strong>alii-aversa-</strong></span> 
     </span>
     <span class='ocr_line' id='line_1_40' title="bbox 449 2446 1844 2504; baseline 0 -15"><span class='ocrx_word' id='word_1_324' title='bbox 449 2447 603 2489; x_wconf 88' lang='lat' dir='ltr'><strong>bantur</strong></span> <span class='ocrx_word' id='word_1_325' title='bbox 629 2463 786 2504; x_wconf 86' lang='lat' dir='ltr'><strong>preces,</strong></span> <span class='ocrx_word' id='word_1_326' title='bbox 814 2455 886 2488; x_wconf 88' lang='lat' dir='ltr'><strong>aut</strong></span> <span class='ocrx_word' id='word_1_327' title='bbox 911 2447 1176 2496; x_wconf 84' lang='lat' dir='ltr'><strong>verecundia,</strong></span> <span class='ocrx_word' id='word_1_328' title='bbox 1207 2455 1279 2488; x_wconf 91' lang='lat' dir='ltr'><strong>aut</strong></span> <span class='ocrx_word' id='word_1_329' title='bbox 1310 2454 1448 2487; x_wconf 89' lang='lat' dir='ltr'><strong>metu:</strong></span> <span class='ocrx_word' id='word_1_330' title='bbox 1483 2446 1566 2496; x_wconf 89' lang='lat' dir='ltr'><strong>alii,</strong></span> <span class='ocrx_word' id='word_1_331' title='bbox 1593 2461 1636 2487; x_wconf 86' lang='lat' dir='ltr'><strong>se</strong></span> <span class='ocrx_word' id='word_1_332' title='bbox 1664 2461 1844 2504; x_wconf 90' lang='lat' dir='ltr'><strong>suosque</strong></span> 
     </span>
     <span class='ocr_line' id='line_1_41' title="bbox 450 2503 1874 2561; baseline 0.001 -15"><span class='ocrx_word' id='word_1_333' title='bbox 450 2505 654 2546; x_wconf 82' lang='lat' dir='ltr'><strong>mulcatos</strong></span> <span class='ocrx_word' id='word_1_334' title='bbox 683 2512 921 2561; x_wconf 88' lang='lat' dir='ltr'><strong>querentes,</strong></span> <span class='ocrx_word' id='word_1_335' title='bbox 947 2504 1077 2545; x_wconf 87' lang='lat' dir='ltr'><strong>atroci</strong></span> <span class='ocrx_word' id='word_1_336' title='bbox 1107 2518 1307 2560; x_wconf 87' lang='lat' dir='ltr'><strong>responso</strong></span> <span class='ocrx_word' id='word_1_337' title='bbox 1338 2503 1542 2544; x_wconf 86' lang='lat' dir='ltr'><strong>iudicium</strong></span> <span class='ocrx_word' id='word_1_338' title='bbox 1573 2518 1695 2545; x_wconf 90' lang='lat' dir='ltr'><strong>suum</strong></span> <span class='ocrx_word' id='word_1_339' title='bbox 1723 2519 1874 2561; x_wconf 85' lang='lat' dir='ltr'><strong>prae-1</strong></span> 
     </span>
    </p>
   </div>
   <div class='ocr_carea' id='block_1_4' title="bbox 450 2632 1844 2962">
    <p class='ocr_par' dir='ltr' id='par_1_4' title="bbox 450 2632 1844 2795">
     <span class='ocr_line' id='line_1_42' title="bbox 494 2632 1289 2672; baseline 0.001 -10"><span class='ocrx_word' id='word_1_340' title='bbox 494 2633 513 2662; x_wconf 87' lang='lat'>8</span> <span class='ocrx_word' id='word_1_341' title='bbox 535 2634 638 2663; x_wconf 76' lang='lat' dir='ltr'><strong>Suum</strong></span> <span class='ocrx_word' id='word_1_342' title='bbox 658 2634 816 2672; x_wconf 83' lang='lat' dir='ltr'><strong>primum]</strong></span> <span class='ocrx_word' id='word_1_343' title='bbox 850 2633 892 2663; x_wconf 88' lang='lat' dir='ltr'><strong>Se</strong></span> <span class='ocrx_word' id='word_1_344' title='bbox 916 2634 998 2663; x_wconf 81' lang='lat' dir='ltr'><strong>duce</strong></span> <span class='ocrx_word' id='word_1_345' title='bbox 1023 2632 1125 2672; x_wconf 82' lang='lat' dir='ltr'><strong>prima</strong></span> <span class='ocrx_word' id='word_1_346' title='bbox 1172 2632 1222 2663; x_wconf 83' lang='lat' dir='ltr'><strong>vii.</strong></span> <span class='ocrx_word' id='word_1_347' title='bbox 1243 2633 1289 2663; x_wconf 89' lang='lat'><strong>18.</strong></span> 
     </span>
     <span class='ocr_line' id='line_1_43' title="bbox 450 2673 1844 2714; baseline 0.002 -12"><span class='ocrx_word' id='word_1_348' title='bbox 450 2673 610 2712; x_wconf 84' lang='lat' dir='ltr'><strong>stipendia</strong></span> <span class='ocrx_word' id='word_1_349' title='bbox 625 2675 757 2706; x_wconf 87' lang='lat' dir='ltr'><strong>fecisse:</strong></span> <span class='ocrx_word' id='word_1_350' title='bbox 781 2676 844 2713; x_wconf 83' lang='lat' dir='ltr'><strong>vel,</strong></span> <span class='ocrx_word' id='word_1_351' title='bbox 860 2674 1000 2714; x_wconf 85' lang='lat' dir='ltr'><strong>primum</strong></span> <span class='ocrx_word' id='word_1_352' title='bbox 1017 2676 1124 2705; x_wconf 88' lang='lat' dir='ltr'><strong>locum</strong></span> <span class='ocrx_word' id='word_1_353' title='bbox 1222 2684 1233 2704; x_wconf 94' lang='lat'>1</span> <span class='ocrx_word' id='word_1_354' title='bbox 1259 2676 1371 2705; x_wconf 77' lang='lat' dir='ltr'><strong>Ati-oei</strong></span> <span class='ocrx_word' id='word_1_355' title='bbox 1395 2685 1544 2714; x_wconf 79' lang='lat' dir='ltr'><strong>responso</strong></span> <span class='ocrx_word' id='word_1_356' title='bbox 1569 2674 1725 2705; x_wconf 73' lang='lat' dir='ltr'><strong>iudicium</strong></span> <span class='ocrx_word' id='word_1_357' title='bbox 1749 2684 1844 2705; x_wconf 78' lang='lat' dir='ltr'><strong>suum</strong></span> 
     </span>
     <span class='ocr_line' id='line_1_44' title="bbox 451 2715 1844 2757; baseline 0.002 -13"><span class='ocrx_word' id='word_1_358' title='bbox 451 2715 533 2745; x_wconf 86' lang='lat' dir='ltr'><strong>inter</strong></span> <span class='ocrx_word' id='word_1_359' title='bbox 561 2727 635 2747; x_wconf 85' lang='lat' dir='ltr'><strong>suos</strong></span> <span class='ocrx_word' id='word_1_360' title='bbox 671 2717 790 2748; x_wconf 84' lang='lat' dir='ltr'><strong>milites</strong></span> <span class='ocrx_word' id='word_1_361' title='bbox 821 2718 939 2748; x_wconf 87' lang='lat' dir='ltr'><strong>virtute</strong></span> <span class='ocrx_word' id='word_1_362' title='bbox 969 2721 1002 2747; x_wconf 88' lang='lat' dir='ltr'><strong>et</strong></span> <span class='ocrx_word' id='word_1_363' title='bbox 1031 2718 1125 2748; x_wconf 88' lang='lat' dir='ltr'><strong>rebus</strong></span> <span class='ocrx_word' id='word_1_364' title='bbox 1165 2718 1414 2757; x_wconf 79' lang='lat' dir='ltr'><strong>praeferebant]</strong></span> <span class='ocrx_word' id='word_1_365' title='bbox 1441 2715 1601 2747; x_wconf 88' lang='lat' dir='ltr'><strong>Atrociter</strong></span> <span class='ocrx_word' id='word_1_366' title='bbox 1614 2716 1844 2756; x_wconf 75' lang='lat' dir='ltr'><strong>respondentes</strong></span> 
     </span>
     <span class='ocr_line' id='line_1_45' title="bbox 450 2758 1843 2795; baseline 0.001 -9"><span class='ocrx_word' id='word_1_367' title='bbox 450 2762 553 2795; x_wconf 77' lang='lat' dir='ltr'><strong>gestes</strong></span> <span class='ocrx_word' id='word_1_368' title='bbox 568 2759 716 2790; x_wconf 82' lang='lat' dir='ltr'><strong>tenuisse.</strong></span> <span class='ocrx_word' id='word_1_369' title='bbox 742 2760 847 2791; x_wconf 63' lang='lat' dir='ltr'><strong>szv.</strong></span> <span class='ocrx_word' id='word_1_370' title='bbox 1169 2759 1325 2789; x_wconf 83' lang='lat' dir='ltr'><strong>iudicium</strong></span> <span class='ocrx_word' id='word_1_371' title='bbox 1353 2769 1395 2790; x_wconf 86' lang='lat' dir='ltr'><strong>se.</strong></span> <span class='ocrx_word' id='word_1_372' title='bbox 1425 2758 1616 2790; x_wconf 83' lang='lat' dir='ltr'><strong>sententiam</strong></span> <span class='ocrx_word' id='word_1_373' title='bbox 1646 2767 1737 2789; x_wconf 83' lang='lat' dir='ltr'><strong>suam</strong></span> <span class='ocrx_word' id='word_1_374' title='bbox 1765 2760 1843 2788; x_wconf 80' lang='lat' dir='ltr'><strong>ante</strong></span> 
     </span>
    </p>

    <p class='ocr_par' dir='ltr' id='par_1_5' title="bbox 451 2800 1842 2962">
     <span class='ocr_line' id='line_1_46' title="bbox 494 2800 1842 2841; baseline 0.001 -12"><span class='ocrx_word' id='word_1_375' title='bbox 494 2808 513 2838; x_wconf 84' lang='lat'>9</span> <span class='ocrx_word' id='word_1_376' title='bbox 538 2801 718 2836; x_wconf 77' lang='lat' dir='ltr'><strong>Quinctius..</strong></span> <span class='ocrx_word' id='word_1_377' title='bbox 736 2804 789 2832; x_wconf 79' lang='lat' dir='ltr'><strong>cui</strong></span> <span class='ocrx_word' id='word_1_378' title='bbox 805 2802 998 2833; x_wconf 54' lang='lat' dir='ltr'><strong>Cincinnato</strong></span> <span class='ocrx_word' id='word_1_379' title='bbox 1015 2812 1124 2841; x_wconf 71' lang='lat' dir='ltr'><strong>coyno-</strong></span> <span class='ocrx_word' id='word_1_380' title='bbox 1169 2801 1254 2832; x_wconf 87' lang='lat' dir='ltr'><strong>diem</strong></span> <span class='ocrx_word' id='word_1_381' title='bbox 1279 2800 1387 2831; x_wconf 87' lang='lat' dir='ltr'><strong>iudicii</strong></span> <span class='ocrx_word' id='word_1_382' title='bbox 1407 2801 1562 2839; x_wconf 87' lang='lat' dir='ltr'><strong>ferebant,</strong></span> <span class='ocrx_word' id='word_1_383' title='bbox 1578 2801 1628 2831; x_wconf 90' lang='lat' dir='ltr'><strong>vel</strong></span> <span class='ocrx_word' id='word_1_384' title='bbox 1644 2800 1741 2830; x_wconf 84' lang='lat' dir='ltr'><strong>etiam</strong></span> <span class='ocrx_word' id='word_1_385' title='bbox 1765 2809 1842 2839; x_wconf 77' lang='lat' dir='ltr'><strong>prae</strong></span> 
     </span>
     <span class='ocr_line' id='line_1_47' title="bbox 451 2841 1841 2883; baseline 0.001 -14"><span class='ocrx_word' id='word_1_386' title='bbox 451 2851 523 2870; x_wconf 85' lang='lat' dir='ltr'><strong>men</strong></span> <span class='ocrx_word' id='word_1_387' title='bbox 538 2844 624 2879; x_wconf 77' lang='lat' dir='ltr'><strong>erat]</strong></span> <span class='ocrx_word' id='word_1_388' title='bbox 647 2843 746 2878; x_wconf 80' lang='lat' dir='ltr'><strong>Quod</strong></span> <span class='ocrx_word' id='word_1_389' title='bbox 760 2844 894 2883; x_wconf 81' lang='lat' dir='ltr'><strong>capillos</strong></span> <span class='ocrx_word' id='word_1_390' title='bbox 906 2844 937 2874; x_wconf 90' lang='lat' dir='ltr'><strong>in</strong></span> <span class='ocrx_word' id='word_1_391' title='bbox 950 2846 1126 2882; x_wconf 76' lang='lat' dir='ltr'><strong>cincinnos,</strong></span> <span class='ocrx_word' id='word_1_392' title='bbox 1169 2854 1202 2874; x_wconf 88' lang='lat' dir='ltr'><strong>se</strong></span> <span class='ocrx_word' id='word_1_393' title='bbox 1227 2844 1384 2881; x_wconf 80' lang='lat' dir='ltr'><strong>ferebant,</strong></span> <span class='ocrx_word' id='word_1_394' title='bbox 1405 2844 1623 2879; x_wconf 80' lang='lat' dir='ltr'><strong>declarabant,</strong></span> <span class='ocrx_word' id='word_1_395' title='bbox 1643 2841 1841 2879; x_wconf 83' lang='lat' dir='ltr'><strong>indicabant,</strong></span> 
     </span>
     <span class='ocr_line' id='line_1_48' title="bbox 455 2882 1838 2924; baseline 0.002 -13"><span class='ocrx_word' id='word_1_396' title='bbox 455 2882 519 2912; x_wconf 88' lang='lat' dir='ltr'><strong>h.e.</strong></span> <span class='ocrx_word' id='word_1_397' title='bbox 528 2882 628 2912; x_wconf 83' lang='lat' dir='ltr'><strong>crines</strong></span> <span class='ocrx_word' id='word_1_398' title='bbox 644 2884 777 2915; x_wconf 82' lang='lat' dir='ltr'><strong>intortos</strong></span> <span class='ocrx_word' id='word_1_399' title='bbox 792 2886 824 2916; x_wconf 86' lang='lat' dir='ltr'><strong>in</strong></span> <span class='ocrx_word' id='word_1_400' title='bbox 841 2886 977 2917; x_wconf 88' lang='lat' dir='ltr'><strong>circulos</strong></span> <span class='ocrx_word' id='word_1_401' title='bbox 994 2890 1026 2917; x_wconf 86' lang='lat' dir='ltr'><strong>et</strong></span> <span class='ocrx_word' id='word_1_402' title='bbox 1041 2887 1124 2916; x_wconf 84' lang='lat' dir='ltr'><strong>eala-</strong></span> <span class='ocrx_word' id='word_1_403' title='bbox 1169 2886 1298 2924; x_wconf 85' lang='lat' dir='ltr'><strong>qualem</strong></span> <span class='ocrx_word' id='word_1_404' title='bbox 1315 2885 1367 2916; x_wconf 91' lang='lat' dir='ltr'><strong>die</strong></span> <span class='ocrx_word' id='word_1_405' title='bbox 1390 2885 1499 2916; x_wconf 86' lang='lat' dir='ltr'><strong>iudicii</strong></span> <span class='ocrx_word' id='word_1_406' title='bbox 1522 2883 1714 2916; x_wconf 80' lang='lat' dir='ltr'><strong>sententiam</strong></span> <span class='ocrx_word' id='word_1_407' title='bbox 1735 2887 1838 2915; x_wconf 75' lang='lat' dir='ltr'><strong>essent</strong></span> 
     </span>
     <span class='ocr_line' id='line_1_49' title="bbox 455 2923 1404 2962; baseline 0.004 -8"><span class='ocrx_word' id='word_1_408' title='bbox 455 2923 627 2959; x_wconf 73' lang='lat' dir='ltr'><strong>mistratos,</strong></span> <span class='ocrx_word' id='word_1_409' title='bbox 653 2926 806 2962; x_wconf 73' lang='lat' dir='ltr'><strong>flecteret,</strong></span> <span class='ocrx_word' id='word_1_410' title='bbox 833 2931 868 2957; x_wconf 86' lang='lat' dir='ltr'><strong>ut</strong></span> <span class='ocrx_word' id='word_1_411' title='bbox 891 2929 985 2958; x_wconf 86' lang='lat' dir='ltr'><strong>docet</strong></span> <span class='ocrx_word' id='word_1_412' title='bbox 1009 2929 1124 2959; x_wconf 84' lang='lat' dir='ltr'><strong>Zonar.</strong></span> <span class='ocrx_word' id='word_1_413' title='bbox 1169 2927 1295 2959; x_wconf 89' lang='lat' dir='ltr'><strong>dicturi.</strong></span> <span class='ocrx_word' id='word_1_414' title='bbox 1320 2928 1404 2958; x_wconf 79' lang='lat' dir='ltr'>RUP.</span> 
     </span>
    </p>
   </div>
  </div>
 </body>
</html>
