1934 3211
583 174 714 217 LIB.
749 173 826 215 IV.
868 173 1015 215 CAP.
1051 177 1118 216 60.
1474 179 1556 218 285

154 271 312 320 altiore,
346 283 430 325 qua
463 268 627 310 nullum
662 277 752 309 erat
786 268 1057 324 praesidium,
1091 268 1255 324 ingenti
1290 268 1472 311 elamore
1507 285 1555 312 ac

153 327 340 369 tumultu
379 326 547 367 moenia
585 326 785 367 invasere.
861 325 933 367 Ad
975 341 1103 382 quem
1145 325 1374 366 tumultum
1415 327 1557 368 obstu-

208 384 319 434 facti,
353 384 428 439 qui
463 383 661 424 adversus
694 382 873 424 Fabium
905 383 1054 424 urbem
1090 383 1280 424 infimam
1318 384 1556 434 tuebantur,

153 399 294 484 ibecum
317 440 473 482 dedere
501 440 632 482 scalas
660 440 928 491 admovendi,
950 440 1161 497 plenaque
1191 440 1377 482 hostium
1405 451 1560 483 cuncta

153 507 286 549 erant,
320 507 363 540 et
398 498 571 539 immitis
602 498 677 539 diu
712 498 863 540 caedes
902 498 1060 554 pariter
1091 498 1345 553 fugientium
1379 514 1426 540 ac
1458 499 1559 540 resi-

153 556 356 598 stentium
391 564 648 597 armatorum
681 564 807 611 atque
851 555 1078 597 inermium
1109 556 1201 597 fuit.
1283 555 1560 612 Cogebantur

155 614 298 671 itaque
319 613 433 663 victi,
456 614 557 670 quia
576 613 824 655 cedentibus
845 613 935 669 spei
956 613 1063 654 nihil
1088 621 1189 663 erat,
1212 628 1400 670 pugnam
1422 614 1555 655 inire:

124 686 286 728 2quum
315 671 635 728 pronuntiatum
663 679 852 727 repente,
879 686 932 712 ne
955 671 1049 726 quis
1076 680 1244 727 praeter
1271 680 1451 712 armatos
1472 672 1560 713 vio-

155 729 322 779 laretur,
344 729 551 785 reliquam
582 744 751 770 omnem
782 728 1100 770 multitudinem
1130 728 1409 770 voluntariam
1440 730 1561 770 exuit

154 787 305 828 armis:
339 802 520 843 quorum
549 787 603 828 ad
631 786 716 828 duo
745 786 877 827 millia
904 795 948 828 et
969 786 1194 843 quingenti
1214 787 1298 827 vivi
1320 787 1556 842 capiuntur.

157 845 200 885 A
221 853 361 886 cetera
385 844 541 901 praeda
562 844 715 885 Fabius
740 844 919 885 militem
947 844 1175 893 abstinuit3
1209 844 1345 885 donec
1373 843 1558 898 collegae

154 902 374 944 venirent:
409 903 461 943 ab
493 902 573 943 illis
601 917 770 958 quoque
800 902 1056 943 exercitibus
1083 910 1253 958 captum
1284 902 1438 942 Anxur
1470 897 1559 942 dic-

155 960 283 1001 titans
304 975 405 1009 esse,
428 959 502 1015 qui
530 968 692 1001 ceteros
715 959 890 1002 Volscos
921 975 945 1001 a
973 959 1184 1016 praesidio
1214 959 1304 1000 cius
1331 959 1413 1000 loci
1441 973 1560 1000 aver-

156 1017 316 1059 tissent.
382 1016 472 1065 Qui
503 1018 575 1058 ubi
602 1025 823 1067 venerunt,
851 1017 1055 1073 oppidum
1082 1025 1224 1058 vetere
1254 1016 1424 1057 fortuna
1454 1031 1559 1073 opu-

155 1074 320 1116 lentum
341 1083 426 1115 tres
447 1075 658 1116 exercitus
679 1074 916 1130 diripuere:
951 1090 1085 1130 eaque
1110 1074 1295 1130 primum
1320 1074 1558 1129 benignitas

154 1131 456 1188 imperatorum
477 1132 645 1197 plebem
662 1132 857 1173 Patribus
878 1132 1126 1174 conciliavit.
1171 1131 1383 1173 Additum
1400 1131 1556 1173 deinde

155 1204 348 1230 omnium
379 1190 562 1230 maxime
598 1190 847 1246 tempestivo
881 1190 1122 1246 principum
1158 1189 1203 1229 in
1238 1189 1556 1230 multitudinem

154 1261 345 1297 munere,
382 1256 430 1288 ut
465 1257 561 1288 ante
598 1247 858 1288 mentionem
900 1246 1028 1288 ullam
1064 1246 1198 1303 plebis
1238 1247 1555 1288 tribunorumve

123 1304 405 1346 3dccernerct
440 1313 621 1354 senatus,
658 1313 706 1346 ut
740 1304 998 1361 stipendium
1034 1304 1154 1345 miles
1189 1303 1242 1344 de
1278 1304 1449 1360 publico
1489 1319 1557 1345 ac-

155 1362 328 1418 ciperet,
355 1377 489 1418 quum
521 1371 619 1403 ante
652 1362 696 1402 id
722 1371 888 1418 tempus
916 1361 969 1402 de
997 1376 1073 1402 suo
1099 1361 1278 1417 quisque
1306 1361 1476 1402 functus
1507 1376 1557 1402 eo

157 1434 332 1461 munere
374 1429 493 1460 esset.
559 1419 681 1460 Nihil
721 1427 940 1475 acceptum
980 1433 1169 1474 unquam
1209 1433 1234 1459 a
1273 1417 1396 1474 plebe
1440 1426 1558 1459 tanto

156 1477 312 1533 gaudio
334 1477 524 1518 traditur.
591 1476 857 1518 Concursum
886 1476 1029 1532 itaque
1051 1475 1105 1516 ad
1126 1475 1286 1516 curiam
1308 1490 1411 1524 esse,
1433 1490 1559 1531 pren-

117 1552 119 1554 ·
157 1544 350 1591 satasque
392 1535 640 1576 exeuntium
686 1549 846 1582 manuS‚
889 1542 932 1574 et
973 1533 1120 1574 Patres
1160 1548 1257 1574 vere
1299 1533 1558 1589 appellatos3

158 1593 356 1634 effectum
378 1607 466 1634 esse
487 1592 727 1657 fatentibus,
750 1600 797 1632 ut
818 1606 944 1632 nemo
972 1605 1048 1647 pro
1077 1598 1163 1631 tam
1191 1590 1392 1631 munifica
1412 1591 1560 1655 patria3

156 1650 293 1692 donec
327 1650 554 1706 quicquam
586 1649 739 1690 virium
774 1657 1023 1704 superesset,
1057 1648 1223 1704 corpori
1258 1656 1331 1689 aut
1366 1663 1562 1704 sangumi

125 1723 145 1750 4
157 1723 232 1749 5υο
253 1716 454 1764 parceret.

519 1707 666 1755 Quum
695 1705 1006 1747 commoditas
996 1721 1066 1747 1uv
1069 1714 1171 1755 aret,
1198 1720 1287 1747 rem
1311 1705 1561 1746 familiarem

156 1765 304 1806 saltem
327 1765 593 1821 acquiescere
616 1779 666 1805 eo
688 1772 891 1820 tempore,
915 1779 1000 1820 quo
1021 1778 1173 1820 corpus
1194 1763 1411 1804 addictum
1433 1772 1561 1819 atquc

157 1831 377 1879 operatum
402 1821 658 1878 reipublicae
687 1830 822 1870 esset;

857 1830 960 1871 tum,
983 1821 1100 1877 quod
1128 1820 1240 1862 ultro
1267 1821 1346 1862 sibi
1375 1821 1562 1862 oblatum

125 1894 142 1926 5
157 1889 277 1931 esset,
299 1895 386 1922 non
407 1894 432 1921 a
452 1879 631 1921 tribunis
652 1878 786 1934 plebis
807 1894 996 1934 unquam
1018 1879 1238 1934 agitatum,
1261 1893 1347 1920 non
1369 1879 1456 1919 suis
1477 1893 1564 1919 ser-

200 2002 218 2024 2
242 1993 501 2023 pronuntiatum
517 1994 692 2030 repenle..
706 1990 835 2028 .e.ruit]

157 2035 311 2067 Diditum
349 2038 483 2074 repente
526 2031 689 2072 pronunti
691 2036 838 2070 itumque

158 2088 216 2126 per
252 2086 426 2117 praecones
458 2076 579 2105 dueum
613 2075 709 2104 Rom
712 2084 837 2103 morum

159 2119 344 2159 imperium,
367 2128 408 2148 ne
438 2117 510 2156 quis
541 2121 668 2156 praeter
697 2120 839 2146 armatos

160 2161 346 2198 violaretur,
367 2160 498 2199 impulit
523 2159 679 2198 reliquim
707 2168 836 2188 omnem

159 2203 299 2234 hostium
328 2202 585 2238 multitudinem,
609 2206 643 2231 ut
670 2202 781 2231 volens
807 2204 839 2230 ct

159 2257 219 2277 sua
231 2250 346 2286 sponte
358 2255 448 2275 arma
467 2249 609 2284 poneret.
627 2244 734 2275 Cui-w.
759 2245 838 2273 I’ro-

159 2290 350 2320 nuntiatum
373 2287 532 2324 similiter,
547 2291 583 2316 ut
600 2296 686 2326 supr.
704 2296 754 2326 49.
773 2290 838 2316 ten-

159 2336 264 2363 tatum
281 2332 321 2361 ab
337 2332 375 2361 L.
392 2331 509 2361 Sextio.

204 2383 222 2413 3
245 2374 450 2413 Stipendium
470 2373 560 2402 miles
577 2372 615 2402 de
636 2372 765 2411 publico
788 2381 837 2401 ac-

159 2417 297 2456 ciperet]
321 2414 463 2454 Singulis
480 2414 642 2454 peditibun
658 2419 787 2444 centum
808 2414 837 2443 iu

160 2468 305 2489 mensem
329 2458 460 2496 triginta
476 2457 599 2487 dierum
625 2467 722 2491 asses,
739 2456 839 2495 equit-

161 2501 234 2531 ibus
252 2500 395 2536 (lucenti,
420 2501 654 2539 pendebantur.
701 2499 836 2538 Triplex

161 2543 242 2574 illud
259 2542 470 2582 stipendium
486 2542 571 2581 quod
589 2552 640 2571 nn.
661 2541 838 2580 354.1.'.('.

160 2596 181 2616 ιι
193 2586 254 2616 Cn.
268 2585 420 2616 Cornelio
433 2586 534 2615 Cosso
550 2583 712 2622 equitibus
728 2584 839 2613 (latum

162 2632 223 2665 eut,
246 2627 284 2657 iis
306 2627 424 2662 solum,
447 2627 501 2665 qui
525 2626 616 2665 cquis
645 2625 710 2655 suis
741 2635 840 2655 mean

163 2671 253 2706 bunt,
279 2670 473 2699 solvebatur.
526 2667 708 2698 Nicbubrio
734 2668 841 2706 placet

162 2712 296 2743 minime
324 2711 383 2741 hoc
416 2711 519 2750 primo
548 2714 695 2749 tempori.
720 2709 838 2748 ntipen-

162 2755 252 2785 dium
289 2753 448 2784 militibus
478 2753 590 2782 «lutum
622 2752 744 2787 suinae:
784 2751 839 2781 ned

161 2802 260 2828 antea
282 2796 412 2835 quidem
439 2804 610 2824 numerum
639 2804 762 2828 comm,
785 2793 839 2832 qui

162 2838 362 2879 stipendiarii
385 2843 502 2871 canent,
519 2836 644 2866 linitum
663 2836 760 2866 suinae
785 2846 841 2875 pro

163 2892 298 2912 numero
322 2890 537 2911 ucrnnonun:
568 2889 652 2908 num·
679 2889 751 2907 vcro
774 2888 839 2907 om-

164 2924 271 2960 nibus,
292 2923 345 2962 qui
371 2922 566 2954 militabunt.
589 2920 750 2960 stipendia
774 2920 840 2951 ‹lnri

883 2000 921 2020 ex
939 2000 1073 2027 aerario,
1083 1994 1182 2030 atque
1197 1991 1229 2021 in
1247 1992 1331 2022 hanc
1347 2001 1414 2022 rem
1427 1993 1566 2031 vecti-qul

883 2032 948 2071 agri
967 2033 1088 2071 publici
1107 2033 1340 2072 possessoribus
1361 2034 1562 2073 impositum,

883 2084 968 2114 supr.
988 2073 1036 2112 36.
1059 2079 1090 2105 et
1107 2075 1131 2104 si
1149 2076 1279 2113 quando
1296 2077 1433 2114 vectiyal
1447 2076 1562 2106 ‹lt-iice-

882 2121 942 2153 rct,
958 2121 1027 2146 tum
1053 2117 1138 2155 plebi
1159 2118 1313 2147 tributum
1340 2117 1497 2147 indictum
1516 2128 1562 2147 cs-

883 2170 926 2189 se.
972 2160 1073 2190 Aliles
1091 2169 1163 2189 vero
1185 2159 1237 2189 hic
1263 2170 1319 2199 pro
1339 2161 1447 2199 pedite
1466 2160 1562 2190 sumi-

884 2206 946 2232 tur.

924 2256 942 2282 4
960 2245 1065 2280 Quum
1079 2245 1279 2274 commoditas
1292 2245 1436 2282 iuvaret]
1448 2244 1561 2280 Quum

884 2286 942 2316 illa
973 2287 1187 2316 commoditas
1219 2287 1358 2316 multum
1401 2287 1562 2325 placebat,

885 2329 971 2368 quod
1000 2339 1048 2359 res
1074 2329 1241 2358 famniliaris
1270 2329 1510 2367 acquiesceret.
1529 2353 1535 2359 .
1554 2353 1562 2360 .

883 2376 952 2401 tum
970 2382 1008 2402 eo
1024 2372 1224 2401 efficiebatur
1247 2371 1433 2410 multiplex,
1449 2371 1480 2401 id
1503 2375 1565 2407 est,

883 2415 988 2444 multo
1015 2414 1120 2444 maius
1145 2413 1311 2451 gaudium,
1332 2414 1417 2452 quod
1446 2424 1564 2443 munus

886 2457 946 2486 boc
964 2457 1049 2486 ultro
1066 2456 1147 2486 sibi«
1154 2457 1202 2485 1ιιΙ;
1207 2461 1285 2486 itum
1304 2467 1337 2485 c:
1339 2461 1397 2486 ,ομ
1422 2457 1449 2485 (
1455 2465 1529 2486 itur.

933 2509 949 2538 5
975 2501 1051 2529 Λυιι
1078 2510 1097 2528 ιι
1123 2500 1262 2529 tribunis
1288 2499 1390 2537 plebis
1418 2508 1562 2538 unquam

883 2543 1059 2580 quitatum]
1090 2541 1194 2576 llucc
1215 2541 1239 2571 si
1263 2551 1280 2570 u
1304 2550 1402 2570 munu
1428 2539 1563 2570 liviana

888 2584 1059 2622 pra-,nuum
1090 2583 1189 2613 mirue
1219 2583 1310 2612 illum
1344 2582 1486 2612 incuriae
1515 2593 1561 2612 ur-

885 2631 999 2663 guunt,
1024 2625 1077 2664 qui
1107 2625 1169 2655 ium
1197 2635 1282 2664 supr.
1310 2625 1358 2664 36.
1382 2635 1400 2654 u
1427 2625 1564 2655 tribunis

886 2680 957 2707 xpc-x
983 2673 1157 2697 «metaurus
1180 2667 1288 2697 scribit
1311 2669 1343 2697 in
1368 2668 1563 2706 stipendium

885 2711 1021 2739 militum
1045 2711 1197 2748 ‹·rnyumli
1222 2711 1308 2740 aeris
1322 2723 1330 2740 :
1355 2709 1440 2748 quod
1459 2709 1482 2739 si
1503 2720 1560 2740 vox

887 2752 942 2781 illu
966 2763 1108 2792 unquam
1141 2753 1227 2781 muln
1260 2751 1458 2782 librariorum
1487 2762 1564 2783 cura

886 2794 1057 2833 irrepsi-rit.
1074 2799 1141 2824 tum
1161 2794 1240 2824 nibil
1259 2794 1289 2824 in
1311 2804 1400 2824 mom
1415 2794 1562 2834 conquiri

887 2841 993 2866 nonu-r
1009 2837 1067 2866 «ihi
1084 2841 1209 2867 countet
1223 2849 1230 2873 ς
1257 2842 1287 2867 ct
1304 2837 1493 2867 vertendum
1510 2837 1563 2873 nit,

887 2888 951 2908 rem
977 2878 1037 2908 boc
1061 2889 1147 2908 imno
1170 2889 1233 2910 non
1261 2884 1358 2910 autea
1383 2889 1402 2909 a
1427 2879 1563 2911 tribunis

886 2921 1039 2958 agitatam
1057 2921 1163 2953 suinae.

1572 281 1615 313 U.
1633 281 1671 313 C.
1690 291 1761 324 349.

1571 325 1610 356 A.
1635 325 1673 356 C.
1690 334 1765 374 403.

1572 1138 1750 1169 Decretum

1570 1180 1730 1211 militibus

1568 1224 1778 1264 stipendium.

1642 1417 1709 1455 60.
