1934 3211
402 219 454 258 62
919 212 1067 255 TITI
1105 212 1284 255 LIVII

400 305 505 363 quid
521 314 725 362 ageretur,
740 303 897 361 proelia
910 319 1036 360 parva
1050 304 1159 345 inter
1174 304 1353 345 Romam
1371 302 1612 359 Gabiosque
1626 301 1788 351 fierent,

400 364 552 420 quibus
572 363 820 419 plerumque
845 362 1012 403 Gabina
1032 377 1096 403 res
1118 361 1305 418 superior
1326 370 1455 410 esset3
1490 370 1578 402 tum
1600 359 1790 401 certatim

400 422 552 463 summi
573 421 792 476 infimique
818 419 1079 461 Gabinorum
1105 419 1200 461 Sex.
1225 419 1506 474 Tarquinium
1529 418 1640 458 dono
1662 417 1790 458 deum

400 479 479 520 sibi
506 479 678 520 missum
706 479 857 519 ducem
886 477 1067 518 credere.
1131 476 1261 532 Apud
1292 476 1444 517 milites
1468 491 1566 516 vero
1594 473 1791 516 obeundo

400 536 587 593 pericula
622 552 668 577 ac
704 536 876 584 labores,
908 535 1064 591 pariter
1099 534 1296 590 praedam
1332 533 1529 574 munifice
1560 531 1789 588 largiendo,

401 604 518 635 tanta
561 594 730 634 caritate
772 608 873 642 esse,
915 601 961 633 ut
1002 607 1086 632 non
1126 600 1245 647 pater
1285 590 1541 646 Tarquinius
1580 589 1793 646 potentior

402 652 578 701 Romae,
606 666 730 707 quam
760 651 869 691 filius
899 650 1043 691 Gabiis
1072 659 1188 690 esset.
1252 648 1414 703 Itaque,
1444 656 1666 703 postquam
1695 646 1793 686 satis

400 710 551 750 virium
587 708 809 750 collectum
842 707 895 748 ad
928 722 1073 748 omnes
1109 715 1282 747 conatus
1318 705 1498 754 videbat,
1531 713 1621 745 tum
1652 719 1675 745 e
1709 703 1793 744 suis

401 782 533 808 unum
564 766 816 807 sciscitatum
850 765 1027 805 Romam
1061 764 1113 805 ad
1148 772 1308 819 patrem
1341 762 1482 811 mittit,
1515 761 1718 818 quidnam
1749 775 1792 801 se

400 825 535 866 facere
558 823 712 864 vellet?
744 822 1099 878 quandoquidem,
1123 830 1169 861 ut
1190 821 1330 862 omnia
1351 835 1460 861 unus
1478 819 1625 861 Gabiis
1640 826 1792 875 posset,

402 883 440 923 ei
474 882 533 922 dii
569 881 792 922 dedissent.
857 879 971 920 Huic
1004 879 1164 927 nuntio,
1198 879 1308 934 quia,
1341 877 1479 926 credo,
1512 877 1663 918 dubiae
1693 875 1826 916 fidei3

402 939 635 987 videbatur,
659 938 764 978 nihil
785 952 885 978 voce
908 952 1150 992 responsum
1181 945 1252 977 est.
1318 936 1427 984 Rex,
1450 934 1565 975 velut
1590 933 1795 975 delibera-

402 996 581 1045 bundus,
614 995 657 1035 in
691 995 859 1035 hortum
890 994 1058 1035 aedium
1090 994 1247 1042 transit,
1280 1001 1481 1048 sequente
1513 992 1663 1033 nuntio
1692 990 1791 1032 filii:

403 1054 473 1103 ibi,
507 1052 771 1094 inambulans
802 1052 964 1100 tacitus,
996 1066 1157 1092 summa
1187 1066 1440 1106 papaverum
1473 1050 1611 1106 capita
1641 1049 1796 1090 dicitur

402 1111 551 1153 baculo
568 1110 809 1151 decussisse.
844 1109 1147 1164 Interrogando
1165 1108 1531 1164 exspectandoque
1549 1121 1796 1163 responsum

403 1169 576 1209 nuntius
596 1168 738 1217 fessus,
762 1176 808 1207 ut
825 1182 868 1207 re
891 1166 1147 1222 imperfecta,
1166 1165 1275 1206 redit
1299 1165 1474 1214 Gabios;
1513 1180 1619 1220 quae
1641 1164 1796 1206 dixerit

403 1227 504 1282 ipse,
523 1240 715 1282 quaeque
737 1225 901 1273 viderit,
925 1223 1071 1264 refert:
1106 1238 1180 1263 seu
1202 1223 1273 1272 ira,
1297 1237 1371 1263 seu
1387 1222 1496 1272 odio,
1514 1237 1588 1263 seu
1603 1222 1797 1278 superbia

403 1284 528 1324 insita
562 1283 745 1339 ingenio,
780 1282 939 1322 nullam
974 1296 1071 1322 eum
1102 1295 1248 1321 vocem
1285 1280 1479 1320 emisisse.
1546 1279 1675 1321 Sexto
1709 1279 1794 1329 ubi,

404 1341 508 1397 quid
542 1341 670 1382 vellet
700 1355 862 1396 parens,
897 1339 1052 1395 quidve
1085 1338 1345 1394 praeciperet
1374 1337 1510 1378 tacitis
1540 1337 1795 1393 ambagibus,

403 1399 564 1455 patuit3
598 1399 799 1454 primores
821 1397 1010 1445 civitatis,
1035 1395 1295 1436 criminando
1324 1395 1426 1436 alios
1447 1394 1559 1451 apud
1578 1394 1796 1451 populum,

404 1457 505 1497 alios
527 1471 601 1497 sua
621 1456 730 1511 ipsos
751 1454 908 1495 invidia
924 1463 1180 1510 opportunos
1202 1453 1426 1494 interemit.
1490 1452 1617 1493 Multi
1639 1452 1795 1509 palam3

405 1514 577 1570 quidam
593 1514 638 1554 in
653 1513 803 1569 quibus
820 1512 957 1552 minus
971 1511 1156 1567 speciosa
1173 1510 1408 1551 criminatio
1422 1519 1511 1551 erat
1525 1510 1676 1560 futura,
1691 1509 1798 1551 clam

404 1571 624 1613 interfecti.
688 1570 832 1611 Patuit
855 1569 1105 1625 quibusdam
1130 1568 1368 1609 volentibus
1388 1568 1498 1624 fuga,
1522 1576 1594 1608 aut
1622 1567 1667 1608 in
1688 1567 1799 1609 exsi-

404 1629 508 1670 lium
537 1629 619 1670 acti
647 1637 756 1677 sunt,
787 1627 1107 1682 absentiumque
1129 1627 1240 1666 bona
1263 1625 1382 1667 iuxta
1412 1634 1538 1681 atque
1569 1625 1796 1681 interemp-

405 1696 543 1728 torum
569 1686 721 1727 divisui
748 1685 876 1726 fuere.
940 1683 1195 1739 Largitionis
1223 1683 1321 1723 inde
1350 1683 1614 1738 praedaeque
1643 1691 1685 1724 et
1705 1682 1799 1723 dul-

405 1744 554 1785 cedine
576 1743 726 1800 privati
747 1742 957 1784 commodi
979 1756 1121 1782 sensus
1142 1740 1344 1781 malorum
1365 1740 1630 1796 publicorum
1646 1740 1798 1790 adimi3

406 1802 554 1851 donee,
587 1802 687 1843 orba
716 1800 888 1842 consilio
920 1799 1175 1855 auxilioque,
1209 1797 1374 1839 Gabina
1402 1813 1467 1839 res
1491 1797 1580 1854 regi
1606 1797 1800 1839 Romano

406 1860 495 1900 sine
518 1859 604 1900 ulla
624 1858 893 1900 dimicatione
916 1858 961 1898 111
982 1871 1153 1897 manum
1175 1855 1361 1897 traditur.

258 1920 326 1958 55.
467 1916 615 1958 Gabiis
636 1916 826 1972 receptis,
850 1914 1106 1970 Tarquinius
1118 1928 1266 1969 pacem
1287 1928 1382 1954 cum
1406 1913 1653 1969 Aequorum
1673 1921 1800 1969 gente

188 1975 286 2023 Gabii
302 1986 347 2006 re·
406 1974 528 2023 fecit3
578 1974 723 2015 foedus
764 1988 860 2014 cum
902 1972 1051 2013 Tuscis
1091 1971 1317 2012 renovavit.
1392 1969 1498 2011 Inde
1540 1970 1593 2011 ad
1633 1971 1803 2026 negotia

187 2022 284 2058 cepn.
408 2033 567 2073 urbana
597 2032 784 2072 animum
811 2030 1040 2071 convertit:
1075 2044 1254 2085 quorum
1282 2038 1370 2069 erat
1398 2028 1592 2084 primum,
1619 2036 1666 2069 ut
1691 2023 1835 2072 Iovis4

408 2089 611 2146 templum
634 2090 677 2129 in
699 2097 840 2129 monte
864 2088 1058 2144 Tarpeio,
1082 2095 1400 2128 monumentum
1435 2086 1553 2141 regni
1580 2086 1644 2126 sui
1667 2085 1803 2126 nomi-

189 2153 388 2202 Aedificatur
409 2148 571 2203 nisque,
587 2146 861 2202 relinqueret:
886 2145 1140 2200 Tarquinios
1153 2159 1271 2200 reges
1284 2146 1440 2193 ambos,
1454 2153 1616 2199 patrem
1629 2143 1801 2193 vovisse,

188 2197 387 2270 3³23}thssss
410 2205 544 2245 filium
569 2204 800 2261 perfecisse.
855 2203 924 2253 Et,
947 2212 994 2243 ut
1022 2202 1153 2243 libera
1182 2218 1206 2243 a
1233 2201 1383 2243 ceteris
1411 2201 1681 2257 religionibus
1708 2211 1834 2244 areas

291 2250 517 2304 affla'esset
547 2271 636 2303 tota
666 2261 776 2302 Iovis
808 2261 1038 2317 templique
1071 2260 1171 2309 eius,
1205 2259 1319 2315 quod
1348 2258 1696 2308 inaedificaretur,
1729 2273 1803 2300 ex-

408 2335 610 2376 augurare
638 2319 735 2360 fana
762 2318 996 2374 sacellaque
1024 2317 1182 2366 statuit,
1210 2331 1317 2372 quae
1349 2316 1509 2371 aliquot
1539 2315 1597 2357 ibi
1627 2331 1653 2356 a
1679 2315 1836 2357 Tatio6

453 2476 470 2505 3
494 2467 583 2496 Huic
612 2464 744 2501 nuntio]
785 2464 824 2493 cf.
853 2462 1011 2492 Herodot.
1039 2460 1083 2490 iii.
1128 2459 1208 2490 cisse
1224 2458 1342 2489 scribit.
1368 2457 1452 2489 Plin.
1471 2458 1516 2489 H.
1529 2458 1573 2488 N.
1586 2457 1628 2488 iii.
1645 2467 1675 2498 9.
1699 2457 1803 2488 Strab.

413 2508 482 2549 156,
499 2510 538 2539 de
555 2507 675 2547 Zopyri
696 2507 737 2537 ad
760 2504 958 2545 Babylonios
973 2503 1083 2534 transi·
1130 2513 1156 2532 v.
1176 2513 1206 2541 p.
1224 2512 1296 2541 231,
1313 2506 1345 2531 et
1360 2511 1400 2531 ne
1416 2511 1497 2540 opus
1513 2499 1623 2531 Servio
1640 2505 1804 2540 regnante,

408 2552 506 2589 tione,
523 2556 554 2581 et
571 2562 599 2580 v.
625 2560 675 2591 9²·
701 2549 741 2579 de
765 2546 959 2587 Thrasybuli
984 2545 1083 2576 consi·
1129 2545 1182 2584 qui
1204 2549 1313 2574 tamen
1330 2543 1415 2573 cives
1430 2542 1590 2573 laboribus
1606 2552 1718 2573 vacare
1734 2553 1804 2582 pas-

409 2594 463 2631 lio,
474 2604 537 2633 qua
549 2592 671 2623 ratione
684 2591 859 2622 Periandro
872 2589 1084 2630 significatum
1129 2597 1181 2617 sus
1197 2592 1256 2623 est,
1272 2586 1402 2616 omnino
1425 2585 1578 2616 omissum
1601 2584 1698 2615 fuisse
1719 2585 1804 2615 vide-

408 2637 514 2667 sue-rit.
1129 2634 1225 2666 retur,
1238 2629 1365 2659 Servius
1376 2628 1409 2659 id
1431 2628 1617 2658 “sociorum
1633 2627 1738 2658 studio
1750 2637 1803 2658 ex-

452 2691 471 2716 4
494 2679 596 2715 Iovis]
632 2675 766 2708 Iunonis
791 2685 930 2715 quoque,
955 2684 992 2704 a(-
1022 2673 1082 2703 Mi-
1128 2672 1265 2702 truxisse
1292 2671 1442 2701 dicitur.”
1464 2671 1543 2701 Tac.
1572 2670 1659 2701 Hist.
1685 2669 1728 2701 iii.
1755 2677 1803 2710 72.

410 2731 535 2751 nervae.
1129 2715 1168 2745 cf.
1194 2714 1329 2745 Niebhr.
1357 2713 1377 2745 i.
1404 2724 1436 2753 p.
1463 2723 1534 2754 493.
1573 2712 1743 2744 Waehsm.
1770 2722 1802 2752 p.

455 2771 470 2801 5
488 2764 618 2793 Putrem
634 2762 881 2801 vovisse,filium
896 2757 1083 2800 peofecisse]
1136 2767 1146 2787 1
1157 2765 1204 2796 75.

413 2805 465 2834 Ita
482 2805 549 2834 Cic.
567 2806 606 2834 de
624 2805 709 2843 Rep.
729 2804 760 2835 ii.
779 2813 827 2834 20.
846 2813 895 2841 ²4·
941 2802 1003 2833 Sed
1023 2801 1086 2831 Va·
1172 2798 1191 2830 6
1205 2799 1441 2838 Eoeauyurare]
1457 2798 1488 2829 h.
1502 2808 1529 2828 e.
1542 2797 1640 2833 Quod
1653 2795 1805 2836 religione

412 2846 508 2876 lerius
532 2847 655 2883 Antias,
671 2850 691 2862 “
705 2846 755 2876 cui
778 2846 887 2876 nullus
910 2843 1087 2875 mentiendi
1131 2842 1276 2879 liberare,
1292 2841 1351 2871 nisi
1370 2845 1536 2881 augurato,
1558 2850 1622 2870 non
1646 2842 1804 2878 poterant.

411 2889 554 2918 modus”
583 2893 662 2924 crat,
694 2889 764 2918 infr.
795 2888 880 2918 xxvi.
909 2897 958 2928 49.
1010 2887 1088 2916 Tar·
1135 2885 1206 2915 Has
1223 2889 1332 2915 autem
1349 2882 1614 2923 exaugurationes
1627 2880 1803 2920 Tarquinio

413 2930 559 2970 quinium
584 2930 726 2959 Priscum
756 2930 865 2969 spoliis
888 2941 925 2959 cx
954 2929 1088 2967 Apinlis,
1135 2927 1243 2959 Prisco
1259 2926 1404 2958 attribuit
1421 2926 1518 2957 Dion.
1535 2925 1577 2956 iii.
1594 2922 1644 2964 69.

413 2972 534 3014 oppido
552 2971 679 3010 Latino,
696 2972 803 3003 relatis
820 2973 1031 3002 fundamenta
1045 2970 1087 3001 ie-
