1934 3211
605 209 728 251 LIB.
769 209 802 250 Ι.
853 209 998 251 CAP.
1039 214 1074 252 9.
1485 215 1533 253 13

117 307 222 349 4est,
251 298 414 356 asylum
444 300 588 356 aperit.
664 299 728 341 Eo
757 294 810 341 ex
842 300 1029 342 finitimis
1061 300 1225 357 populis
1254 302 1374 342 turba
1400 304 1534 344 omnis
1548 310 1682 349 Asylum

145 357 236 399 sine
255 356 509 406 discrimine,
530 356 635 398 liber
655 373 708 398 an
729 373 870 399 servus
890 366 1010 408 esset,
1032 358 1154 399 avida
1174 373 1374 400 novarum
1394 374 1533 400 rerum
1547 354 1660 391 aperit.

145 414 346 472 perfugit:
377 413 505 471 idque
526 415 707 471 primum
729 415 782 456 ad
807 425 999 472 coeptam
1020 416 1355 472 magnitudinem
1376 417 1534 458 roboris

145 471 236 514 fuit.
292 471 437 521 Quum
458 472 540 513 iam
561 472 713 514 virium
734 473 849 514 haud
868 474 1117 530 poeniteret,
1137 474 1357 515 consilium
1378 474 1533 516 deinde

115 529 301 576 sviribus
339 538 467 587 parat.
551 529 738 572 Centum
778 541 892 572 creat
938 540 1172 573 senatores:
1226 532 1313 573 sive
1354 532 1454 589 quia
1500 532 1534 573 is
1547 539 1701 588 'Senatum

145 602 345 629 numerus
364 588 461 630 satis
481 597 587 637 erat3
620 588 704 630 sive
730 589 830 645 quia
859 589 935 630 soli
957 597 1127 630 centum
1148 599 1279 640 erant,
1308 590 1382 647 qui
1403 590 1534 631 creari
1547 584 1694 614 msmujt.

113 645 291 689 6Patres
322 656 502 702 possent.
565 646 710 688 Patres
737 656 848 689 certe
877 647 928 689 ab
958 647 1131 697 honore,
1158 647 1406 704 patriciique
1439 663 1535 706 pro·
1549 659 1661 688 Patres
1677 662 1709 688 et

143 703 290 761 genies
309 718 454 746 eorum
474 704 683 760 appellati.
1550 701 1691 732 Patricii.

203 760 295 803 Iam
325 776 390 803 res
427 761 621 804 Romana
655 762 760 804 adeo
800 771 889 804 erat
919 762 1070 813 valida,
1110 771 1159 804 ut
1192 763 1366 805 cuilibet
1405 763 1534 805 finiti·
1632 762 1667 800 9-

145 834 308 861 mamm
332 819 561 861 civitatium
586 819 698 862 bello
724 835 800 877 par
827 830 951 862 esset:
981 821 1068 871 sed,
1094 822 1271 877 penuria
1297 821 1533 872 mulierum,

144 876 327 919 hominis
354 886 534 919 aetatem
558 877 757 920 duratura
781 878 1028 935 magnitudo
1058 888 1170 928 erat3
1203 879 1361 936 quippe
1383 880 1535 936 quibus

144 950 225 977 nec
254 934 369 977 domi
399 950 493 992 spes
522 935 663 992 prolis,
694 951 773 977 nec
804 951 900 977 cum
931 936 1121 978 finitimis
1150 937 1361 979 connubia
1385 947 1532 979 essent.
1548 945 1738 994 connubia

146 992 260 1034 Tum
295 1008 349 1035 ex
384 993 558 1035 consilio
593 993 768 1035 Patrum
802 994 1009 1036 Romulus
1044 993 1201 1050 legatos
1236 995 1346 1037 cirea
1380 995 1536 1036 vicinas
1549 993 1630 1037 petit
1649 989 1751 1019 ³⁶⁰¹*

144 1059 293 1108 gentes
323 1051 448 1102 misit,
482 1051 556 1108 qui
587 1052 829 1094 societatem
865 1048 1207 1108 connubiumque
1240 1068 1349 1095 novo
1379 1053 1536 1110 populo
1549 1036 1645 1062 tmus.

144 1117 348 1166 peterent.
412 1109 578 1151 ‘Urbes
614 1125 797 1166 quoque,
835 1120 882 1151 ut
921 1120 1071 1160 cetera,
1113 1125 1166 1152 ex
1206 1111 1352 1152 infimo
1392 1111 1532 1153 nasci:

147 1165 344 1217 ‘deinde‚
375 1183 478 1223 quas
508 1182 582 1208 sua
608 1168 739 1209 virtus
766 1183 813 1209 ac
842 1168 902 1208 dii
930 1168 1089 1217 iuvent,
1122 1184 1293 1224 magnas
1328 1184 1428 1225 opes
1458 1169 1535 1210 sibi

147 1229 216 1265 ‘m
302 1240 459 1280 umque
480 1240 636 1266 nomen
655 1225 804 1267 facere.
869 1225 978 1268 Satis
1001 1227 1119 1275 scire,
1142 1226 1294 1283 origini
1317 1226 1534 1268 Romanae

146 1287 160 1307 ⁶
174 1291 219 1324 et
268 1297 338 1324 eos
359 1283 536 1332 affuisse,
565 1292 608 1324 et
628 1298 714 1324 non
739 1283 977 1325 defuturam
998 1283 1207 1325 virtutem.
1269 1284 1453 1326 Proinde
1482 1300 1535 1326 ne

148 1345 161 1365 ‘
175 1349 447 1396 gravarentur
469 1340 662 1382 homines
685 1356 782 1382 cum
807 1341 1047 1382 hominibus
1071 1342 1319 1398 sanguinem
1341 1351 1383 1383 et
1403 1357 1537 1398 genus

149 1403 162 1422 ‘
177 1398 378 1440 miscere.'
438 1398 660 1454 Nusquam
703 1399 886 1455 benigne
933 1398 1087 1455 legatio
1127 1398 1271 1440 audita
1309 1407 1388 1440 est:
1432 1399 1537 1441 adeo

145 1455 270 1497 simul
285 1456 548 1512 spernebant,
566 1455 689 1496 simul
710 1465 868 1497 tantam
889 1456 934 1497 in
955 1455 1095 1498 medio
1111 1466 1367 1498 crescentem
1383 1457 1537 1498 molem

145 1512 224 1555 sibi
253 1528 302 1554 ac
330 1513 506 1569 posteris
529 1513 613 1554 suis
637 1514 893 1555 metuebant.
957 1513 999 1554 A
1026 1514 1236 1571 plerisque
1261 1514 1538 1571 rogitantibus

145 1570 318 1621 dimissi,
352 1575 365 1594 ‘
381 1569 560 1626 Ecquod
589 1570 756 1613 feminis
785 1587 956 1628 quoque
984 1571 1146 1629 asylum
1177 1573 1463 1629 aperuissent?
1493 1573 1538 1614 id

147 1633 162 1653 ‘
174 1627 289 1670 enim
309 1627 481 1670 demum
501 1643 672 1686 compar
691 1629 950 1671 connubium
970 1629 1085 1671 fore.’
1123 1630 1263 1686 Aegre
1281 1630 1325 1672 id
1343 1630 1538 1672 Romana

144 1686 277 1743 pubes
297 1701 427 1743 passa,
445 1695 488 1728 et
508 1686 622 1728 haud
642 1686 770 1729 dubie
791 1687 845 1729 ad
865 1687 950 1729 vim
971 1697 1159 1744 spectare
1180 1703 1245 1730 res
1261 1689 1410 1745 coepit.
1453 1688 1538 1731 Cui

145 1753 312 1801 tempus
340 1743 565 1802 locumque
596 1754 742 1802 aptum
772 1755 818 1787 ut
846 1745 964 1788 daret
986 1745 1206 1797 Romulus,
1229 1746 1537 1803 aegritudinem

145 1868 252 1906 verba,
267 1878 362 1908 quae,
380 1868 586 1900 distinctione
602 1870 654 1900 vel
676 1873 752 1900 ante
768 1869 819 1900 vel

145 1915 218 1952 post
239 1912 498 1944 descendentibus
520 1912 636 1952 posita,
658 1912 744 1943 varie
766 1922 819 1943 ex-

145 1954 258 1995 plicari
277 1965 370 1995 posse
392 1954 455 1985 iam
479 1955 604 1985 monuit
619 1955 752 1992 Stroth„
769 1956 819 1986 vel

143 1997 190 2028 nic
204 2009 212 2028 :
235 1997 290 2037 qui
306 2008 392 2028 nunc
407 2002 538 2037 saeptus
549 2002 608 2034 est,
620 1996 712 2038 (nam
732 2009 820 2029 nunc

145 2050 209 2071 non
224 2040 284 2071 nisi
299 2040 340 2071 ad
355 2045 486 2081 saeptus
500 2040 718 2081 referendum)
731 2045 763 2072 et
776 2041 821 2071 ita

143 2082 235 2120 situs,
250 2087 297 2120 ut,
312 2083 366 2123 qui
389 2094 409 2114 a
427 2083 592 2123 Capitolio
613 2083 646 2114 in
669 2094 742 2114 eum
766 2084 819 2114 de-

145 2126 298 2157 scendere
315 2126 425 2162 velint,
437 2125 528 2165 (nam
544 2127 669 2166 asylum
687 2126 719 2156 in
737 2127 821 2157 valle

145 2168 254 2206 filinae,
275 2169 393 2200 docent
415 2169 519 2200 Strab.
536 2180 564 2200 v.
581 2173 613 2200 et
629 2169 763 2209 Dionys.
788 2168 820 2200 ii.

151 2210 215 2253 15.)
241 2212 282 2242 ad
310 2217 482 2252 utrumque
512 2212 597 2242 latus
626 2213 734 2242 lucum
765 2211 819 2242 ha-

146 2254 263 2286 beant:
290 2255 338 2286 vel
356 2255 421 2286 ita:
446 2254 500 2294 qui
516 2265 601 2286 nunc
617 2259 747 2295 saeptus
762 2259 821 2293 est,

145 2307 188 2328 ne
202 2296 273 2337 quis
287 2297 318 2328 in
335 2308 410 2329 eum
429 2298 614 2335 descendat,
630 2296 748 2337 (Gron.
765 2298 818 2328 de-

145 2340 372 2371 scendentibus
401 2341 483 2372 inter
505 2341 586 2371 duos
616 2341 705 2372 lucos
734 2351 820 2371 nunc

144 2387 258 2424 saepto
273 2383 401 2415 clausus
412 2385 517 2414 obstat
529 2388 561 2414 et
573 2383 822 2415 circumeundus

146 2429 215 2463 θοις
236 2426 291 2457 sed
310 2430 379 2457 tum
393 2428 591 2459 descensurus
610 2427 668 2465 leg.
685 2428 821 2467 putabat

148 2467 264 2510 Doer.)
281 2473 312 2501 et
327 2471 414 2501 inter
427 2471 505 2501 duos
519 2471 605 2500 lucos
627 2469 820 2510 adpellatur.

146 2511 199 2585 gt
215 2511 291 2544 Dio.
307 2512 396 2544 xlvii.
420 2523 450 2553 p.
474 2514 544 2553 338.
569 2512 705 2552 Dionys.
722 2513 752 2543 ii.
775 2522 820 2552 ¹5·

184 2563 234 2586 ur.

190 2608 210 2635 4
232 2599 384 2637 Asylum]
424 2598 580 2629 Fabulam
605 2598 687 2629 hanc
711 2610 728 2629 c
748 2600 820 2629 iure

147 2640 373 2680 applicationis
401 2646 505 2671 ortum
535 2641 683 2672 hahuisse
712 2647 821 2672 censet.

150 2681 286 2714 Niebhr.
301 2682 322 2714 i.
339 2693 369 2723 p.
387 2684 459 2722 318,
473 2694 537 2723 quo
553 2684 601 2721 iis,
617 2684 670 2723 qui
687 2694 726 2715 ex
750 2684 822 2714 aliis

148 2724 280 2755 urbibus
306 2725 336 2755 in
359 2725 491 2756 exilium
519 2727 657 2757 Romam
681 2737 714 2757 se
738 2737 820 2757 rece-

150 2767 281 2808 piment.
307 2767 338 2798 in
367 2768 461 2799 fidem
491 2773 524 2799 et
553 2769 737 2801 clientelam
767 2780 818 2808 pa-

147 2816 246 2847 trum,
259 2815 293 2840 ut
311 2815 527 2850 patronorum,
539 2822 573 2842 fle
587 2813 730 2842 conferre
747 2812 818 2842 licc-

150 2853 214 2885 bat.
259 2853 328 2884 Cic.
345 2854 385 2884 ‹lc
400 2855 490 2885 Orut.
507 2854 525 2885 i.
545 2863 593 2893 39.
618 2864 674 2893 pro
690 2853 820 2885 Caecin.

150 2905 202 2936 339
219 2906 268 2936 34·

194 2947 212 2978 5
227 2939 401 2970 Consilium
416 2963 423 2970 .
435 2963 442 2970 .
454 2963 461 2970 .
474 2939 594 2969 viribm
604 2940 718 2979 purat]
736 2941 820 2970 Con-

150 2981 255 3013 silium
273 2982 418 3021 regendis
435 2982 550 3012 viribus
565 2982 665 3013 addit.
689 2983 795 3015 Cum.

906 1867 926 1901 6
944 1870 1079 1908 Patres]
1110 1871 1228 1901 Patres
1245 1873 1277 1900 et
1293 1874 1454 1901 senatores
1474 1880 1537 1900 non

863 1916 930 1943 tam
960 1913 999 1943 ab
1032 1913 1150 1944 honore
1179 1913 1333 1952 adpelloei
1363 1923 1460 1952 quam
1497 1914 1539 1943 ab

863 1959 969 1986 aetate
987 1959 1019 1986 et
1043 1955 1213 1995 prudentia
1236 1955 1368 1992 maiore,
1391 1954 1463 1995 (inf.
1488 1965 1536 1995 3²-

863 2000 997 2029 maiores
1033 2003 1116 2029 naeu
1152 1999 1361 2033 consulemus,
1400 1999 1512 2029 Patres
1530 2010 1536 2029 ε

863 2041 950 2071 unde
961 2045 993 2072 et
1008 2041 1107 2072 Poeni
1122 2042 1261 2073 seniores
1277 2042 1433 2072 vocabant
1448 2052 1539 2073 sena-

864 2088 954 2121 tum,·
978 2083 1049 2114 infr.
1069 2084 1178 2115 xxxiv.
1194 2082 1262 2123 61.)
1281 2085 1330 2114 vel
1346 2084 1496 2123 quoniam
1519 2095 1539 2114 a

865 2127 960 2166 plebe
986 2131 1150 2166 tamquam
1176 2131 1282 2166 patres
1304 2131 1378 2156 sunt
1400 2127 1539 2162 colendi,

865 2174 897 2199 et
913 2169 968 2199 illa
986 2170 1027 2199 ab
1043 2169 1080 2200 iis
1095 2173 1260 2208 tamquam
1284 2179 1303 2199 a
1327 2169 1470 2209 patribus
1486 2169 1540 2200 de-

865 2212 1046 2249 fendenda;
1069 2212 1154 2242 unde
1177 2213 1392 2252 patrocinium
1415 2212 1538 2242 dictum

864 2259 895 2285 et
916 2256 1126 2295 patrocinari.
1172 2255 1222 2287 Cf.
1244 2254 1314 2286 infr.
1336 2254 1355 2285 i.
1376 2264 1425 2294 32.
1452 2255 1539 2285 Plut.

865 2298 960 2329 Rom.
988 2307 1033 2338 ¹3-
1057 2302 1088 2329 et
1105 2298 1174 2329 Cic.
1191 2298 1231 2328 de
1247 2298 1320 2329 Sen.
1343 2296 1374 2329 6.
1418 2297 1486 2329 Cur
1507 2303 1540 2328 et

863 2341 1026 2380 quomodo
1054 2346 1180 2372 centum
1212 2341 1312 2372 creati
1339 2341 1416 2376 sint.
1444 2341 1539 2371 docet

866 2383 1001 2424 Dionys.
1018 2383 1049 2414 ii.
1072 2393 1117 2415 ιε.
1162 2383 1314 2423 Singulae
1334 2388 1367 2414 et
1387 2383 1487 2414 tribus
1507 2388 1539 2414 et

865 2427 972 2457 curiae
1002 2432 1109 2457 ternos
1135 2427 1279 2466 legerunt
1307 2426 1399 2461 viros,
1425 2426 1540 2465 quibus

865 2469 1039 2509 nonaginta
1058 2479 1173 2500 novem
1193 2469 1353 2499 Romulus
1368 2478 1467 2498 unum
1484 2468 1538 2499 ud-

866 2512 949 2544 iecit.
1005 2514 1158 2543 Ceterum
1195 2512 1342 2549 Sigonius
1371 2511 1452 2542 coni.
1482 2513 1539 2552 qui

865 2557 948 2586 ciere
968 2561 1078 2595 patres
1094 2554 1133 2593 (s.
1148 2554 1290 2594 [mli-em)
1310 2559 1447 2594 pum-sent,
1463 2553 1493 2585 h.
1509 2564 1538 2584 e.

864 2598 918 2637 qui
946 2603 1050 2628 esseut
1076 2597 1215 2635 ingenui.
1262 2597 1312 2628 Cf.
1341 2597 1474 2637 Dionys.
1499 2607 1538 2627 ac

867 2641 967 2678 Plut„
992 2640 1046 2680 qui
1076 2640 1222 2671 eumdem
1259 2643 1437 2670 memor-unt
1465 2650 1540 2670 cau-

865 2693 952 2714 mm:
977 2682 1024 2713 ὅτι
1046 2682 1178 2721 πατέρας
1201 2681 1289 2721 εἶχον
1311 2681 1462 2720 ἀποδεῖξαι
1486 2682 1538 2719 μό-

866 2738 919 2756 νοι.
973 2726 1145 2756 Enimvero
1171 2735 1233 2755 non
1261 2735 1318 2756 cur
1343 2725 1446 2756 vocati
1474 2726 1537 2756 Po-

864 2774 927 2799 tres
943 2768 1017 2804 nint,
1031 2769 1098 2802 sed.
1114 2778 1170 2798 cur
1189 2774 1318 2799 centum
1343 2768 1453 2808 utique
1473 2778 1537 2799 cre-

863 2811 920 2846 ati,
941 2811 1084 2851 disputat
1104 2811 1220 2842 Livius.
1251 2810 1378 2842 Bursa.
1424 2811 1539 2842 Festus

867 2859 972 2893 patron
994 2854 1097 2884 dictos
1119 2864 1188 2884 eme
1212 2854 1331 2890 scribit,
1353 2854 1427 2893 quin
1449 2864 1537 2892 agro-

867 2907 935 2927 rum
968 2902 1072 2936 purten
1101 2896 1307 2933 tenuioribus,
1340 2896 1470 2937 perinde
1499 2907 1538 2927 nc

867 2939 972 2970 liberis
988 2939 1133 2980 propriis,
1145 2939 1372 2972 attribuebant.
1396 2940 1447 2972 Cf.
1459 2939 1537 2971 Sall.

867 2982 896 3012 iu
914 2982 986 3014 Cat.
1005 2992 1053 3014 το.
