1934 3211
390 199 475 238 444
911 197 1060 239 ΤΙΤΙ
1101 195 1283 239 LIVII

172 294 218 325 U.
235 293 274 325 C.
292 302 366 333 413·
391 287 552 328 nedum
588 287 786 329 adversus
821 289 1025 345 patriam3
1077 289 1253 338 Corvus,
1291 303 1437 329 omnes
1467 287 1638 329 caritate
1669 286 1792 336 cives,

170 338 212 368 A.
236 337 275 369 C.
292 345 366 376 339·
393 345 619 401 praecipue
642 345 810 396 milites,
826 355 869 387 et
890 354 986 387 ante
1009 346 1110 387 alios
1131 361 1254 387 suum
1271 346 1517 394 exercitum,
1535 343 1794 409 complexus,

392 402 446 443 ad
467 402 726 468 colloquium
746 403 958 459 processit.
1007 403 1193 459 Cognito
1210 404 1248 444 ei
1265 402 1479 458 extemplo
1501 402 1616 443 haud
1632 401 1794 442 minore

392 460 444 501 ab
472 459 715 501 adversariis
735 460 1003 510 verecundia,
1027 476 1155 516 quam
1179 461 1230 501 ab
1259 461 1355 510 suis,
1378 460 1593 501 silentium
1618 458 1790 500 datum:

172 530 353 563 Dictatoris
394 517 566 567 ‘Deos,’
606 518 759 573 inquit,
813 523 825 541 ‘
845 518 1112 567 immortales,
1164 517 1330 566 milites,
1382 525 1539 558 vestros
1588 516 1793 581 publicos,

172 575 215 605 ad
231 574 361 622 sedit-io·
395 579 407 598 6
422 590 637 630 meosque,
675 575 726 615 ab
768 575 870 615 urbe
911 575 1180 630 pioficiscens
1221 575 1280 616 ita
1319 574 1499 624 adoravi,
1541 574 1793 629 veniamque

170 627 223 648 ⁵⁰³
239 621 352 648 oratio.
394 631 601 688 ‘supplex
630 632 817 696 poposci,
839 639 886 672 ut
914 631 1018 672 mihi
1039 631 1092 672 de
1114 631 1230 672 vobis
1257 631 1504 672 concordiae
1534 639 1677 688 partae
1704 630 1794 687 glo-

396 694 408 713 ‘
424 690 541 738 riam,
565 704 652 729 non
673 689 903 738 victoriam,
926 689 1087 729 darent.
1133 688 1242 729 Satis
1262 688 1343 729 fuit
1363 689 1540 744 eritque,
1558 688 1672 730 unde
1693 687 1795 729 belli

394 747 551 787 ‘decus
581 746 792 801 pariatur:
826 745 926 786 hinc
956 761 1039 801 pax
1069 745 1256 802 petenda
1287 753 1359 787 est.
1426 745 1556 794 Quod
1585 745 1686 787 deos
1716 745 1795 786 im-

394 809 406 828 ‘
422 802 618 844 mortales
639 803 749 844 inter
773 803 1060 858 nuncupanda
1079 810 1176 844 vota
1204 802 1444 858 expoposci,
1467 803 1557 844 eius
1585 818 1651 844 me
1679 817 1795 844 com-

394 865 565 916 ‘potem
592 860 680 901 voti
707 875 780 901 vos
807 860 944 901 facere
972 860 1173 916 potestis3
1206 860 1239 901 si
1271 860 1510 901 meminisse
1538 860 1675 910 vultis,
1707 875 1795 901 non

394 923 406 940 ‘
421 932 494 958 vos
521 917 566 957 in
591 916 775 967 Samnio,
798 932 877 958 nec
904 917 950 958 in
971 917 1148 967 Volscis,
1172 917 1246 958 sed
1267 917 1312 958 in
1335 917 1530 958 Romano
1551 916 1638 958 solo
1662 925 1796 958 665116

395 975 604 1016 ‘haberez
639 975 673 1016 si
700 974 793 1016 illos
821 974 960 1040 601165,
984 990 1090 1031 quos
1115 975 1296 1024 cernitis,
1319 975 1478 1040 patriae
1502 982 1664 1015 vestrae
1693 989 1794 1024 esse,

395 1032 457 1073 ‘si
492 1032 607 1073 1111116
643 1033 877 1074 exercitum
914 1033 1069 1073 civium
1105 1040 1363 1074 vestrorum:
1408 1032 1443 1073 si
1479 1047 1546 1073 me
1580 1031 1796 1073 consulem

396 1095 407 1113 ‘
423 1098 622 1139 vestrum,
645 1090 764 1131 cuius
785 1090 917 1131 ductu
938 1090 1208 1155 auspicioque
1230 1090 1379 1155 priore
1395 1105 1506 1131 anno
1527 1089 1590 1131 bis
1609 1089 1797 1145 legiones

396 1153 407 1170 6
427 1147 679 1188 Samnitium
707 1147 886 1197 fudistis,
911 1148 975 1189 bis
1008 1156 1141 1189 castra
1166 1147 1207 1189 111
1235 1147 1414 1203 cepistis.
1479 1147 1572 1203 Ego
1604 1161 1697 1187 sum
1730 1145 1794 1188 M.

396 1210 407 1229 6
425 1204 620 1246 Valerius
649 1204 825 1255 Corvus,
848 1205 1014 1254 milites,
1038 1205 1157 1246 611165
1184 1220 1256 1247 vos
1286 1205 1550 1246 nobilitatem
1580 1203 1797 1245 beneficiis

396 1268 523 1319 ‘erga
552 1278 637 1312 vos,
664 1278 751 1304 non
782 1263 957 1313 iniuriis,
984 1263 1194 1312 sensistis3
1227 1262 1383 1303 nullius
1413 1262 1616 1318 superbae
1649 1261 1695 1302 in
1725 1276 1798 1302 vos

395 1325 406 1343 ‘
397 1320 540 1400 legis,
562 1320 719 1361 nullius
743 1320 925 1362 eludelis
954 1320 1304 1361 senatusconsulti
1332 1328 1503 1362 auctor:
1537 1319 1581 1359 in
1603 1318 1798 1360 omnibus

397 1378 529 1418 ‘meis
559 1378 746 1434 imperiis
777 1378 822 1418 in
855 1393 922 1419 me
955 1378 1150 1427 severior,
1183 1393 1311 1442 quam
1343 1377 1387 1418 in
1418 1392 1501 1418 vos.
1565 1376 1632 1418 Ac
1663 1376 1698 1417 si
1727 1375 1798 1417 cui
1933 1379 1934 1418 1

396 1440 407 1458 6
423 1450 569 1490 genus,
592 1436 626 1476 si
655 1436 723 1476 cui
753 1451 828 1477 sua
852 1436 995 1485 virtus,
1019 1435 1052 1476 si
1081 1435 1149 1476 661
1177 1435 1305 1476 etiam
1333 1435 1537 1484 maiestas,
1560 1434 1594 1475 51
1622 1434 1691 1475 cui
1720 1433 1798 1474 ho-

396 1497 545 1533 ‘nores
573 1493 751 1534 subdere
778 1493 947 1549 spiritus
968 1501 1224 1549 potuerunt3
1258 1493 1308 1533 iis
1336 1507 1449 1533 61616
1478 1500 1615 1541 66165,
1637 1491 1682 1532 1(1
1702 1506 1798 1547 spe-

396 1553 408 1571 ‘
424 1549 563 1589 cimcn
584 1550 668 1590 mei
690 1550 902 1599 dederam,
926 1566 976 1591 ea
1003 1559 1137 1592 aetate
1168 1549 1433 1592 consulatum
1462 1549 1640 1605 adeptus
1669 1563 1796 1598 eram,

397 1611 409 1629 ‘
425 1614 473 1646 ut
502 1606 725 1661 potuerim,
749 1615 831 1647 tres
862 1616 904 1647 et
929 1608 1077 1662 viginti
1107 1623 1239 1649 annos
1270 1616 1405 1656 natus,
1432 1606 1578 1648 consul
1602 1606 1798 1648 Patribus

397 1668 408 1686 ‘
425 1678 595 1719 quoque
616 1663 735 1704 ferox
758 1679 859 1712 esse,
882 1679 968 1705 11011
990 1664 1125 1704 501661
1146 1665 1271 1720 plebi.
1325 1664 1456 1712 Quod
1477 1679 1619 1705 meum
1639 1663 1797 1704 factum

397 1725 408 1743 6
424 1720 636 1761 dictumve
659 1721 841 1761 consulis
857 1721 1034 1776 gravius,
1053 1736 1181 1776 quam
1204 1721 1374 1770 tribuni,
1393 1721 1597 1762 audistis?
1632 1720 1797 1761 Eodem

397 1783 407 1801 ‘
424 1786 568 1818 tenore
591 1777 676 1818 duo
698 1778 968 1833 insequentes
989 1778 1230 1819 consulatus
1250 1778 1384 1833 gessi3
1418 1777 1568 1819 eodem
1592 1777 1728 1819 haec
1718 1792 1798 1818 lm-

396 1835 587 1890 ‘pcriosa
603 1834 811 1876 dictatura
830 1844 1024 1890 geretur:
1050 1844 1098 1876 ut
1118 1850 1258 1891 neque
1280 1836 1324 1875 in
1346 1835 1421 1876 hos
1443 1850 1559 1876 meos
1580 1843 1623 1876 et
1638 1835 1798 1891 patriae

396 1897 541 1933 ‘meae
575 1891 728 1933 milites
761 1892 913 1941 6111101,
941 1907 1069 1947 quam
1101 1892 1146 1932 in
1175 1907 1260 1942 vos,
1287 1892 1437 1934 horreo
1467 1892 1620 1957 dicere,
1642 1892 1793 1933 hostes.
1814 1909 1832 1941 3

397 1954 407 1972 ‘
426 1948 539 2004 Ergo
560 1964 633 1989 105
654 1964 703 2005 pi
707 1964 769 1989 1115
790 1949 834 1989 in
852 1964 918 1990 me
941 1949 1191 1990 strinxeritis
1211 1950 1380 1999 ferrum,
1400 1965 1527 2014 quam
1544 1950 1588 1990 in
1608 1964 1682 1990 vos
1702 1964 1794 2005 ego.

396 2012 407 2029 ‘
423 2005 554 2047 Istinc
576 2006 695 2062 signa
715 2014 880 2055 canent,
903 2006 1026 2047 istinc
1048 2006 1205 2048 clamor
1230 2007 1346 2063 prius
1371 2006 1546 2063 incipiet
1571 2016 1697 2062 atque
1718 2006 1799 2047 im-

396 2069 558 2119 ‘petus,
582 2063 615 2103 si
611 2038 926 2104 Udimicandiim
947 2072 1020 2105 est.
1069 2063 1298 2105 Inducite
1288 2080 1333 2105 16
1354 2079 1555 2113 6611111116,
1574 2064 1690 2120 quod
1710 2079 1798 2105 non

395 2126 409 2144 6
424 2120 686 2162 induxerunt
713 2130 852 2177 patres
880 2121 1031 2177 avique
1052 2121 1203 2162 vestri:
1238 2137 1325 2163 non
1352 2121 1426 2171 illi,
1448 2121 1523 2177 qui
1550 2121 1595 2162 in
1624 2120 1798 2186 Sacrum

396 2184 612 2219 ‘montem
643 2187 931 2228 secesserunt3
964 2194 1051 2219 non
1083 2178 1140 2228 hi,
1168 2179 1241 2244 qui
1271 2187 1417 2235 postea
1438 2179 1702 2220 Aventinum
1732 2178 1798 2219 in-

396 2235 636 2277 ‘sederunt.
701 2235 969 2291 Exspectate,
999 2235 1102 2276 dum
1129 2236 1247 2277 vobis
1280 2236 1467 2292 singulis,
1497 2245 1545 2277 ut
1578 2235 1681 2277 olim
1711 2235 1803 2277 Co-

396 2298 407 2316 ‘
423 2292 597 2342 riolano,
616 2301 769 2333 matres
790 2293 1075 2349 coniugesque
1097 2293 1282 2334 crinibus
1302 2294 1432 2358 passis
1453 2293 1599 2334 obviae
1621 2294 1673 2334 ab
1693 2293 1796 2334 urbe

396 2350 607 2391 ‘veniant.
671 2350 711 2390 T
713 2365 784 2390 um
807 2326 1058 2391 Volscorum
1089 2350 1290 2406 legiones,
1320 2350 1420 2406 quia
1448 2349 1692 2391 Romanuin
1722 2349 1798 2391 ha-

396 2408 581 2448 ‘bebant
611 2407 777 2457 ducem,
807 2408 1088 2462 quieverunt3
1120 2423 1206 2457 vos,
1238 2407 1457 2448 Romanus
1488 2407 1710 2456 exercitus,
1742 2422 1796 2449 ne

395 2471 408 2489 ‘
423 2464 696 2505 destiteritis
686 2465 817 2529 impio
838 2464 979 2505 bello?
1026 2464 1077 2505 Τ.
1098 2464 1288 2514 Quincti,
1307 2479 1562 2520 quocunque
1579 2464 1672 2505 istic
1688 2463 1794 2515 loco,

395 2528 407 2546 ‘
421 2536 496 2563 seu
516 2521 674 2571 volens,
697 2537 771 2562 seu
791 2521 960 2572 invitus,
980 2521 1213 2570 constitisti,
1231 2521 1265 2562 51
1281 2521 1571 2563 dimicandum
1593 2522 1686 2571 erit,
1705 2530 1796 2563 tum

395 2585 407 2603 ‘
423 2586 469 2619 tu
489 2579 534 2619 in
555 2578 803 2620 novissimos
824 2586 864 2619 te
889 2579 1091 2635 recipito:
1125 2578 1281 2634 fugeris
1307 2579 1434 2620 etiam
1459 2579 1689 2628 honestius,
1713 2587 1796 2620 ter-

394 2643 608 2692 ‘gumque
646 2636 728 2676 civi
763 2635 944 2686 dederis,
979 2651 1106 2692 quam
1138 2636 1390 2693 pugnaveris
1423 2644 1570 2677 contra
1603 2636 1793 2692 patriam.

395 2692 553 2734 ‘Nunc
582 2693 635 2734 ad
661 2693 971 2749 pacificandum
1002 2693 1110 2735 bene
1142 2702 1268 2749 atque
1297 2693 1474 2734 honeste
1502 2693 1613 2734 inter
1639 2693 1796 2750 primos

395 2750 560 2800 ‘stabis,
593 2758 636 2792 et
666 2750 867 2806 colloquii
898 2750 1024 2791 huius
1054 2750 1244 2792 salutaiis
1274 2750 1480 2807 interpres
1509 2750 1648 2792 fueris.
1711 2750 1795 2792 Po-

399 2902 460 2965 ῐ63
484 2894 611 2926 Horreo
633 2896 755 2933 dicero]
787 2896 826 2928 cf.
845 2895 987 2928 Dobraei
1004 2896 1137 2928 Advers.
1162 2895 1181 2927 i.
1206 2905 1237 2935 p.
1255 2903 1326 2936 350.
1360 2895 1531 2926 Demosth.
1554 2892 1690 2934 Olynth.
1714 2892 1734 2924 i.
1758 2903 1790 2934 p.
