1934 3211
200 244 239 275 U.
257 244 294 274 C.
312 253 383 284 449.

194 289 233 318 A.
258 287 295 317 C.
313 295 383 326 303.

272 1447 338 1485 46.

205 1504 243 1534 C.
257 1502 388 1533 Flavius

204 1545 317 1576 aedilis
333 1556 384 1575 cu-

206 1588 291 1618 rulis.

414 149 496 188 554
925 144 1073 187 ΤΙΤΙ
1115 143 1290 187 LIVII

413 251 625 293 quemque
655 251 794 278 rerum
818 237 1018 286 vertisset,
1040 236 1206 286 audita3
1240 244 1287 277 ut
1315 235 1450 292 prima
1475 234 1616 291 vigilia
1641 233 1792 276 diversi

412 311 435 336 e
457 295 598 335 castris
619 294 673 336 ad
693 294 951 350 deportanda
966 294 1106 335 omnia
1121 294 1360 349 tuendaque
1377 292 1595 334 moenibus
1609 292 1654 333 in
1669 292 1794 334 urbes

412 353 601 401 abirent3
634 352 775 393 cuncti
799 367 890 393 eam
918 352 1168 393 sententiam
1196 351 1357 408 ingenti
1386 365 1553 392 assensu
1580 365 1789 406 accepere.

411 410 568 452 Palatis
588 409 774 451 hostibus
801 424 876 465 per
899 425 1029 466 agros,
1051 409 1185 465 prima
1210 409 1302 450 luce
1325 408 1520 457 Romani,
1543 407 1670 464 signis
1697 422 1793 463 pro-

411 467 517 517 latis,
538 468 583 508 in
615 467 702 508 acie
735 467 993 516 consistunt3
1026 476 1080 516 et,
1107 467 1179 507 ubi
1211 482 1335 507 nemo
1368 466 1513 507 obvius
1543 465 1642 515 ibat,
1666 465 1793 521 pleno

412 525 544 582 gradu
565 525 617 566 ad
639 533 770 565 castra
790 524 971 565 hostium
996 524 1187 565 tendunt.
1252 523 1466 572 Ceterum,
1487 531 1707 579 postquam
1733 522 1794 564 ibi

412 598 551 639 neque
587 583 782 623 stationes
816 597 891 637 pro
926 581 1067 637 portis,
1098 596 1177 622 nec
1208 595 1462 636 quemquam
1491 581 1536 620 in
1563 580 1683 630 vallo,
1714 595 1793 622 nec

412 641 624 682 fremitum
655 648 899 680 consuetum
930 647 1157 679 castrorum
1189 637 1595 687 animadverterunt3
1627 637 1794 679 insolito

413 698 577 739 silentio
618 697 733 746 moti,
775 705 891 737 metu
930 695 1174 736 insidiarum
1214 695 1454 736 subsistunt.
1531 694 1794 751 Transgressi

415 755 567 796 deinde
600 753 766 803 vallum,
794 769 924 809 quum
955 753 1118 794 deserta
1148 752 1288 793 omnia
1317 751 1585 802 invenissent,
1615 760 1796 809 pergunt

414 813 577 853 hostem
610 811 794 867 vestigiis
826 811 969 867 sequi:
1004 810 1078 851 sed
1106 810 1291 866 vestigia,
1323 810 1368 850 in
1398 824 1542 851 omnes
1572 824 1704 865 aeque
1734 809 1796 852 fe-

414 870 549 911 rentia
577 878 726 925 partes,
758 876 805 909 ut
834 868 878 908 in
908 868 1075 925 dilapsis
1104 868 1268 924 passim,
1298 867 1432 924 primo
1463 882 1645 908 errorem
1672 866 1796 908 facie-

415 928 542 976 bant3
577 935 682 983 post,
714 941 789 983 per
820 926 1100 982 exploratores
1132 925 1355 981 compertis
1387 924 1571 966 hostium
1602 924 1796 974 consiliis,

416 985 469 1026 ad
501 984 683 1041 singulas
716 984 839 1025 urbes
870 983 1199 1025 circumferendo
1231 982 1353 1032 bello,
1385 998 1518 1023 unum
1549 991 1592 1023 et
1621 969 1829 1038 quadra-⁸

416 1043 533 1099 ginta
562 1042 717 1098 oppida
747 1041 854 1083 intra
887 1041 975 1082 dies
1007 1041 1312 1097 quinquaginta
1343 1040 1483 1082 omnia
1514 1039 1798 1096 oppugnando

416 1109 618 1156 ceperunt
633 1116 643 1149 3
677 1115 855 1155 quorum
882 1099 1078 1156 pleraque
1105 1099 1243 1140 diruta
1269 1107 1394 1154 atque
1421 1097 1603 1148 incensa,
1624 1112 1799 1139 nomen-

418 1173 499 1214 que
540 1158 788 1214 Aequorum
827 1172 956 1213 prope
997 1157 1050 1198 ad
1089 1156 1419 1198 internecionem
1459 1155 1656 1196 deletum.
1729 1154 1798 1196 De

418 1216 580 1272 Aequis
613 1215 939 1270 triumphatum:
974 1214 1251 1271 exemploque
1284 1228 1428 1254 eorum
1461 1212 1597 1254 clades
1627 1212 1719 1262 fuit,
1753 1221 1800 1254 ut

417 1273 663 1323 BIarrucini,
706 1272 851 1323 Marsi,
893 1272 1070 1328 Peligni,
1113 1271 1311 1313 Frentani
1360 1271 1575 1312 mitterent
1619 1270 1800 1312 Romam

418 1340 598 1372 oratores
629 1331 742 1387 pacis
772 1330 977 1387 petendae
1009 1330 1309 1386 amicitiaeque.
1372 1328 1429 1370 Iis
1460 1327 1625 1385 populis
1655 1327 1801 1369 foedus

417 1389 660 1445 petentibus
680 1388 836 1430 datum.

478 1446 640 1487 Eodem
671 1462 780 1487 anno
815 1445 894 1487 Cn.
919 1445 1083 1486 Flavius
1114 1444 1193 1486 Cn.
1215 1445 1326 1486 filius
1357 1444 1501 1494 scriba,
1529 1451 1646 1500 patre
1676 1443 1834 1495 liber-7

420 1504 521 1552 tino,
544 1504 693 1544 humili
712 1504 877 1545 fortuna
897 1512 1022 1553 ortus,
1041 1511 1226 1544 ceterum
1247 1502 1420 1543 callidus
1440 1502 1504 1543 vir
1523 1510 1566 1543 et
1585 1500 1800 1552 facunduS‚

422 1560 565 1602 aedilis
586 1561 740 1601 curulis
760 1561 850 1602 fuit.
893 1561 1068 1601 Invenio
1089 1561 1133 1600 in
1154 1560 1404 1616 quibusdam
1424 1559 1653 1609 annalibus,
1671 1573 1802 1615 quum
1815 1570 1834 1601 8

421 1626 637 1674 appareret
667 1617 882 1667 aedilibus,
908 1618 1082 1673 fierique
1113 1633 1155 1658 se
1186 1633 1261 1673 pro
1292 1617 1404 1658 tribu
1431 1617 1609 1658 aedilem
1628 1617 1834 1665 videret,9

420 1691 559 1732 neque
591 1675 723 1731 accipi
752 1690 920 1724 nomen,
948 1676 1046 1730 quia
1076 1675 1275 1730 scriptum
1304 1674 1483 1723 faceret3
1516 1673 1699 1715 tabulam
1728 1674 1834 1736 Ρο-ἑ

422 1734 563 1782 suisse,
592 1741 635 1774 et
667 1733 832 1781 iurasse,
862 1747 904 1773 se
938 1732 1137 1788 scriptum
1164 1747 1248 1772 non
1275 1731 1492 1772 facturum.
1558 1730 1698 1779 Quem
1730 1730 1805 1771 ali-

423 1800 580 1847 quanto
602 1799 696 1831 ante
718 1790 871 1831 desisse
893 1790 1091 1845 scriptum
1111 1789 1258 1838 facere,
1277 1788 1410 1844 arguit
1433 1788 1580 1829 Macer
1600 1788 1802 1838 Licinius,

423 1849 636 1889 tribunatu
677 1857 772 1888 ante
807 1856 924 1903 gesto
960 1847 1384 1901 triumviratibusque,
1420 1854 1626 1887 nocturno
1662 1845 1834 1896 altero,3

424 1906 552 1947 altero
579 1905 764 1946 coloniae
786 1904 1070 1946 deducendae.
1135 1903 1336 1944 Ceterum
1361 1904 1425 1959 (id
1446 1903 1561 1959 quod
1587 1903 1702 1944 haud
1722 1903 1805 1944 dis-

423 1963 585 2019 crepat)
626 1962 887 2004 contumacia
931 1961 1124 2002 adversus
1169 1969 1486 2002 contemnentes
1526 1960 1806 2002 humilitatem

424 2036 539 2062 suam
560 2020 722 2062 nobiles
742 2019 940 2061 certavit:
974 2019 1093 2061 civile
1114 2019 1191 2069 ius,
1213 2018 1440 2074 repositum
1461 2018 1506 2059 in
1524 2017 1839 2074 penetralibus4

471 2183 486 2215 7
510 2177 612 2206 Patre
627 2176 790 2214 libertino]
819 2175 1002 2206 Libertinus
1017 2179 1095 2205 tunc

426 2218 579 2258 temporis
608 2218 784 2254 dicebatur,
815 2222 947 2258 parente
981 2218 1095 2248 liberto

428 2265 528 2292 natus.
554 2262 695 2292 STROTH.
757 2261 885 2297 Errant,
921 2265 957 2291 ut
1001 2261 1095 2291 docet

1138 2175 1257 2205 tionem
1280 2175 1327 2206 sui
1351 2175 1460 2206 haberi
1483 2176 1523 2205 ab
1541 2185 1579 2205 eo
1595 2174 1649 2213 qui
1670 2173 1809 2205 comitiis

1139 2222 1295 2257 praeerat,
1311 2222 1465 2258 tanquam
1484 2216 1619 2257 legitimi
1635 2216 1807 2249 candidati.

1140 2261 1245 2291 CRssv.

428 2304 553 2334 Ernest.
580 2304 671 2334 Clav.
696 2303 763 2334 Cic.
788 2303 841 2342 qui
867 2303 1031 2333 libertinos
1058 2303 1093 2332 li-

426 2347 446 2375 b
469 2351 587 2376 rtorum
603 2346 686 2376 filios
710 2350 835 2385 putant,
852 2356 925 2376 cum
942 2347 1094 2383 libertini,

428 2371 501 2426 ξῙΕξ.
529 2389 675 2418 homines
707 2399 724 2418 e
754 2389 850 2418 servis
887 2388 977 2418 liberi
1007 2388 1095 2425 facti,

428 2443 482 2461 su..
520 2431 617 2461 iidem
640 2431 693 2470 qui
720 2432 836 2468 liberti,
858 2430 917 2461 nisi
940 2431 1024 2470 quod
1050 2441 1094 2460 re-

427 2485 517 2513 spect
531 2485 537 2491 ·
560 2475 601 2504 ad
622 2478 792 2513 patronum
814 2474 917 2505 liberti
939 2473 1094 2504 dicantur.

428 2517 537 2546 Dor-m.

463 2560 481 2589 8
498 2561 601 2596 Quum
613 2564 786 2599 appareret
796 2560 966 2596 aedilibus]
982 2559 1093 2594 Quum

427 2601 510 2631 inter
520 2602 717 2641 apparitores
728 2601 880 2631 aedilium
894 2605 984 2631 esset.
1013 2601 1093 2631 Scri-

428 2645 487 2674 bac
511 2644 594 2674 enim
618 2648 707 2674 erant
730 2654 769 2674 cx
793 2644 1011 2683 apparitorum
1039 2654 1095 2673 nn-

429 2697 524 2717 mero.
559 2687 753 2716 Plutarchus
768 2696 821 2716 eos
838 2684 988 2725 ὑπηρέτας
1004 2689 1097 2715 vocat.

430 2729 460 2757 in
478 2730 549 2759 Cat.
568 2729 648 2760 Min.
675 2730 779 2760 chv.

471 2782 490 2810 9
513 2773 580 2801 Pro
595 2773 697 2809 tribu]
724 2772 742 2801 i.
757 2782 783 2802 e.
801 2771 918 2801 Tribus
934 2781 1096 2810 praeroga-

430 2811 514 2842 tivae
530 2813 686 2851 suffragio.
705 2814 743 2844 cf.
761 2813 829 2845 Cic.
846 2814 877 2843 in
890 2814 980 2844 Verr.
998 2814 1029 2844 ii.
1048 2823 1096 2852 51.

427 2855 669 2893 prosam-(1950.
694 2856 833 2887 Sruorn.

478 2905 486 2925 1
511 2898 623 2936 Neque
637 2899 738 2936 accipi
755 2899 883 2936 nomen]
912 2898 1027 2937 Neque
1051 2908 1095 2928 ra-

1183 2313 1198 2333 2
1225 2304 1309 2340 Quia
1342 2304 1497 2342 scriptum
1521 2303 1666 2342 faceret]
1708 2302 1809 2338 Quod

1138 2345 1259 2376 scribae
1282 2345 1456 2376 ministerio
1482 2346 1675 2385 fungeretur.
1723 2345 1808 2375 Scri-

1135 2393 1228 2427 ptum
1243 2388 1296 2418 hic
1312 2399 1331 2418 a
1347 2388 1492 2427 scriptus,
1502 2387 1547 2419 ΐιε.
1571 2388 1676 2418 CRssv.
1706 2387 1808 2418 Tabu-

1139 2432 1202 2460 lam
1215 2432 1369 2470 posuisse,
1385 2430 1506 2470 quippe
1522 2440 1603 2469 quae
1623 2432 1704 2461 esset
1720 2430 1809 2460 velut

1139 2473 1264 2513 insigne
1279 2473 1446 2503 ministerii
1462 2472 1519 2504 sui.

1182 2526 1198 2555 3
1222 2518 1390 2546 Nocturno
1413 2516 1528 2553 altero]
1556 2514 1728 2545 Triumviri
1752 2524 1808 2544 no-

1139 2558 1242 2588 cturni
1265 2557 1420 2588 incendiis
1443 2568 1499 2596 per
1520 2558 1631 2587 urbem
1655 2556 1810 2594 arcendis,

1138 2605 1236 2639 atque
1266 2601 1352 2630 urbis
1384 2600 1497 2639 vigiliis
1530 2600 1686 2630 obeundis
1718 2609 1807 2639 prae-

1140 2647 1238 2674 erant.
1264 2643 1302 2673 cf.
1322 2643 1402 2682 Lyd.
1420 2643 1459 2672 de
1476 2642 1619 2682 Magistra
1636 2642 1656 2673 i.
1675 2651 1724 2682 50.

1183 2696 1202 2723 4
1225 2686 1327 2717 Civile
1351 2686 1418 2722 ius]
1446 2685 1541 2724 Legis
1563 2684 1723 2715 actiones:
1747 2683 1767 2716 i.
1781 2694 1809 2716 e.

1141 2728 1301 2758 sollennes
1324 2728 1477 2766 quasdam
1502 2727 1655 2757 formulas
1677 2737 1698 2757 a
1720 2726 1809 2757 iuris-

1142 2770 1295 2800 consultis
1318 2769 1520 2809 compositas,
1537 2769 1651 2809 quibus
1673 2769 1756 2799 inter
1777 2778 1810 2799 se

1141 2813 1287 2843 homines
1316 2813 1349 2842 in
1375 2813 1443 2842 iure
1473 2811 1697 2851 disceptarent.
1741 2809 1809 2842 Hie

1141 2855 1303 2886 actionum
1326 2855 1406 2886 liber
1423 2864 1443 2885 a
1459 2854 1572 2885 Flavio
1591 2855 1743 2893 prolatus,
1756 2853 1809 2882 ius

1141 2899 1233 2929 civile
1243 2898 1439 2928 Flavianum
1451 2897 1685 2936 appellabatur.
1713 2895 1807 2925 Pom-
