1934 3211
382 171 468 209 440
895 167 1043 210 ΤΙΤΙ
1085 168 1265 210 LIVII

168 264 214 296 U.
231 264 269 296 C.
286 273 358 303 412.
386 265 559 299 centum
578 258 728 308 bubus,
750 258 992 315 eximioque
1014 274 1099 300 uno
1120 259 1214 300 albo
1235 259 1376 315 opimo
1398 258 1550 299 auratis
1570 257 1779 307 cornibus,

167 308 208 339 A·
233 308 360 346 0340·
387 316 529 357 donat.
591 315 765 365 Milites,
803 316 876 371 qui
917 317 960 356 in
1001 316 1209 372 praesidio
1249 315 1372 356 simul
1406 315 1585 364 fuerant,
1622 314 1809 371 duplici1

387 374 599 414 frumento
620 373 666 413 in
685 382 951 429 perpetuum,
974 374 1018 414 in
1043 373 1279 429 praesentia
1303 373 1476 428 singulis
1495 373 1632 414 bubus
1652 371 1782 413 binis-

387 446 470 486 que
492 430 619 487 privis
645 431 797 471 tunicis
817 431 974 472 donati.
1040 430 1283 472 Secundum
1308 429 1489 471 consulis
1510 430 1782 470 donationem
1796 446 1813 467 2

387 488 574 544 legiones
595 488 851 543 gramineam
874 503 1070 529 coronam
1092 487 1407 536 obsidionalem,
1426 486 1605 528 clamore
1622 487 1782 527 donum
1797 502 1815 532 3

389 545 679 601 approbantes,
718 545 853 585 Decio
893 546 1129 600 imponunt.
1206 544 1355 584 Altera
1394 559 1559 594 corona,
1594 543 1784 585 eiusdem

389 602 560 643 honoris
581 602 723 650 index,
747 617 770 642 a
789 601 996 656 praesidio
1017 616 1092 641 suo
1113 601 1307 656 imposita
1327 609 1399 641 est.
1463 600 1544 641 His
1564 601 1785 642 decoratus

389 660 622 715 insignibus
642 660 793 699 bovem
814 658 1017 698 eximium
1036 657 1167 698 Marti
1187 657 1442 705 immolavit3
1466 665 1637 698 centum
1657 658 1786 698 boves

390 716 591 757 militibus
625 715 737 756 dono
770 714 901 764 dedit,
937 714 1011 770 qui
1046 729 1188 755 secum
1224 714 1269 754 in
1302 713 1572 770 expeditione
1604 714 1783 755 fuerant.

390 773 547 814 Iisdem
572 772 774 812 militibus
798 771 985 827 legiones
1006 771 1130 812 libras
1150 771 1269 811 farris
1290 780 1333 812 et
1352 771 1553 812 sextarios
1573 770 1662 812 vini
1685 786 1819 819 con-4

390 829 602 870 tulerunt:
649 829 874 884 omniaque
911 844 961 869 ea
996 828 1161 885 ingenti
1202 828 1414 869 alacritate
1451 843 1526 884 per
1561 828 1786 870 clamorem

390 886 626 936 militarem,
649 886 834 927 indicem
856 886 1045 927 omnium
1066 901 1267 935 assensus,
1289 887 1553 942 gerebantur.

448 943 594 985 Tertia
613 959 757 1000 pugna
777 943 830 984 ad
855 943 1094 985 Suessulam
1115 943 1335 985 commissa
1355 952 1442 985 est:
1474 959 1558 999 qua
1577 943 1743 999 fugatus
1763 957 1789 983 a

392 1000 454 1043 M.
475 1001 645 1043 Valerio
680 1000 933 1042 Samnitium
969 1001 1190 1050 exercitus,
1223 1001 1338 1042 omni
1373 1001 1521 1042 robore
1557 1000 1788 1042 iuventutis

392 1059 518 1100 domo
549 1059 695 1108 accito,
727 1059 954 1100 certamine
986 1059 1135 1100 ultimo
1165 1058 1377 1099 fortunam
1413 1058 1595 1114 experiri
1629 1057 1785 1099 statuit.

392 1117 463 1158 Ab
488 1116 685 1157 Suessula
711 1117 851 1157 nuntii
878 1116 1028 1172 trepidi
1054 1116 1259 1172 Capuam,
1282 1116 1380 1156 inde
1407 1116 1569 1172 equites
1596 1115 1710 1157 citati
1735 1113 1790 1156 ad

391 1174 611 1215 Valerium
652 1173 880 1224 consulem,
919 1189 1043 1230 opem
1084 1183 1260 1223 oratum,
1297 1174 1485 1215 veniunt.
1551 1172 1789 1214 Confestim

391 1232 510 1288 signa
551 1240 690 1272 mota:
743 1231 982 1287 relictisque
1025 1231 1338 1287 impedimentis
1380 1239 1608 1272 castrorum
1649 1228 1789 1270 valido

391 1289 612 1345 praesidio,
635 1289 786 1345 raptim
808 1290 945 1345 agitur
965 1304 1139 1345 agmen:
1170 1304 1249 1329 nee
1270 1288 1417 1344 procul
1439 1289 1489 1329 ab
1509 1288 1628 1329 hoste
1649 1287 1790 1328 locum

391 1347 671 1402 perexiguum
702 1346 769 1402 (ut
796 1347 961 1402 quibus,
990 1355 1156 1403 praeter
1186 1361 1329 1402 equOS,
1361 1354 1595 1387 ceterorum
1625 1344 1791 1385 iumen-

393 1413 531 1444 torum
553 1403 833 1459 calonumque
856 1405 979 1445 turba
999 1403 1181 1459 abesset)
1202 1404 1345 1444 castris
1362 1403 1485 1459 cepit.
1537 1401 1790 1444 Samnitium

394 1461 616 1511 exercitus,
639 1461 754 1502 velut
774 1461 889 1502 haud
914 1461 999 1502 ulla
1023 1477 1140 1502 mora
1163 1477 1329 1517 pugnae
1350 1461 1491 1502 futura
1515 1468 1634 1510 esset,
1657 1460 1791 1501 aciem

394 1518 585 1559 instruit:
617 1518 785 1567 deinde,
808 1528 1030 1574 postquam
1051 1534 1176 1560 nemo
1197 1519 1342 1559 obvius
1363 1519 1462 1568 ibat,
1483 1517 1643 1559 infestis
1663 1517 1791 1573 signis

396 1574 450 1614 ad
475 1583 607 1615 castra
631 1575 815 1615 hostium
840 1576 1038 1617 succedit.
1102 1576 1167 1616 Ibi
1196 1585 1243 1616 ut
1271 1576 1448 1617 militem
1476 1576 1521 1616 in
1541 1575 1649 1616 vallo
1669 1574 1789 1624 vidit,

395 1631 593 1687 missique
630 1632 681 1672 ab
718 1632 833 1672 omni
868 1642 984 1688 parte
1022 1633 1298 1688 exploratum,
1337 1649 1463 1688 quam
1504 1633 1549 1673 in
1590 1633 1791 1688 exiguum

397 1688 541 1729 orbem
577 1697 790 1729 contracta
825 1698 958 1730 castra
992 1698 1142 1738 essent,
1177 1690 1433 1744 paucitatem
1468 1690 1569 1731 inde
1605 1690 1822 1735 hostiums

397 1745 655 1801 colligentes,
698 1746 960 1795 retulerunt3
1007 1746 1183 1787 fremere
1228 1747 1364 1787 omnis
1409 1747 1531 1795 acies,
1575 1746 1791 1802 complen-

398 1802 471 1843 das
512 1818 598 1843 esse
635 1803 762 1844 fossas
802 1803 1166 1858 scindendumque
1207 1803 1375 1853 vallum,
1413 1812 1456 1844 et
1488 1804 1533 1844 in
1569 1812 1702 1845 castra
1735 1804 1791 1844 ir-

397 1860 707 1915 rumpendum:
753 1868 1093 1916 transactumque
1128 1875 1177 1900 ea
1212 1861 1446 1901 temeritate
1480 1860 1637 1902 bellum
1672 1860 1790 1911 foret,

396 1917 442 1957 ni
470 1917 599 1957 duces
627 1917 932 1958 continuissent
959 1918 1163 1973 impetum
1195 1917 1388 1959 militum.
1454 1917 1669 1968 Ceterum,
1692 1918 1793 1974 quia

398 1974 625 2015 multitudo
662 1990 737 2015 sua
771 1975 1072 2015 commeatibus
1111 1975 1259 2030 gravis,
1293 1983 1336 2015 et
1369 1975 1485 2031 prius
1519 1975 1706 2017 sedendo
1738 1975 1825 2016 ad6

400 2030 653 2080 Suessulam,
676 2040 718 2072 et
741 2040 829 2072 tum
851 2031 1090 2072 certaminis
1114 2046 1242 2081 mora,
1264 2031 1379 2072 haud
1403 2032 1549 2088 procul
1576 2033 1628 2074 ab
1652 2048 1793 2074 rerum

398 2088 588 2129 omnium
609 2088 752 2144 inopia
772 2097 879 2129 esset
895 2104 905 2137 3
938 2088 1107 2144 placuit,
1130 2088 1232 2129 dum
1253 2089 1438 2130 inclusus
1458 2098 1629 2145 paveret
1648 2090 1792 2140 hostis,

397 2145 698 2186 frumentatum
724 2161 800 2201 per
823 2160 942 2201 agros
971 2145 1147 2186 militem
1169 2146 1294 2187 duci:
1328 2147 1497 2187 interim
1519 2155 1562 2187 et
1583 2147 1792 2198 Romano,

399 2203 473 2259 qui
508 2202 744 2259 expeditus,
779 2211 985 2259 quantum
1020 2203 1207 2244 humeris
1242 2203 1353 2244 inter
1384 2219 1500 2245 arma
1533 2204 1623 2260 geri
1653 2214 1794 2262 posset

173 956 284 988 Tertia
299 966 376 996 pug-

171 1010 214 1030 na
230 1010 302 1030 cum

171 1042 380 1073 Samnitibus.

445 2326 456 2346 1
483 2317 619 2356 Duplici
633 2317 820 2355 frumento]
858 2315 948 2346 Hine
969 2317 1074 2357 dupli-

400 2360 494 2396 carii,
510 2369 595 2398 supr.
612 2359 643 2389 ii.
662 2367 710 2401 59.

443 2412 461 2432 ¹2
488 2403 598 2431 Privis
621 2402 756 2438 tunicis]
797 2400 909 2431 Potest
933 2400 1073 2439 exponi:

401 2454 483 2483 quae
496 2453 572 2473 suae
584 2443 738 2482 cuiusque
751 2454 788 2473 ac
802 2442 949 2482 propriae
961 2444 1075 2473 forent.

400 2487 454 2518 Sic
472 2486 553 2516 Hor.
571 2485 676 2525 Epist.
694 2485 713 2516 i.
731 2495 756 2516 1.
792 2487 892 2522 Quem
907 2486 995 2515 ducit
1007 2487 1075 2524 pri-

399 2539 441 2559 va
457 2530 605 2559 triremis.
652 2528 715 2558 Sed
731 2537 831 2566 quum
847 2527 928 2557 haee
944 2537 1006 2557 vox
1022 2537 1074 2557 ne-

400 2570 535 2601 cessaria
556 2581 622 2600 non
639 2570 678 2600 sit
695 2570 756 2600 hoc
772 2570 855 2607 loeo,
872 2579 1008 2608 eamque
1031 2570 1074 2608 ig-

399 2616 514 2643 norent
529 2613 672 2652 quinque
688 2622 705 2642 e
721 2612 836 2642 nostris
851 2611 987 2651 scriptis,
1003 2622 1074 2642 eam

399 2655 537 2685 libenter
553 2656 741 2685 deleremus.
767 2655 873 2685 CREv.

450 2707 467 2737 3
491 2699 699 2728 Gramineam
727 2708 875 2728 coronam
901 2698 1075 2727 obsidiona-

400 2740 476 2777 lem]
511 2741 725 2770 Obsidionalis
750 2749 868 2769 corona
891 2744 947 2776 est,
970 2738 1076 2777 inquit

400 2781 439 2810 A.
458 2782 545 2812 Gell.
563 2792 591 2812 v.
608 2781 636 2812 6.
661 2783 789 2820 “quam
814 2781 848 2819 ii,
869 2781 922 2821 qui
948 2780 1073 2811 liberati

399 2826 473 2851 sunt
497 2824 537 2852 ab
565 2823 740 2861 obsidione,
765 2824 842 2854 dant
869 2824 897 2854 ei
922 2823 995 2854 duci
1019 2822 1072 2862 qui

399 2863 555 2894 liberavit.
602 2865 652 2895 Ea
676 2876 793 2896 corona
816 2865 980 2905 graminea
1004 2870 1071 2896 est:

399 2906 621 2946 observarique
638 2907 780 2946 solitum,
797 2912 832 2938 ut
852 2908 941 2939 fieret
965 2918 982 2938 e
1005 2918 1072 2947 gra-

1118 2316 1217 2353 mine,
1234 2317 1320 2356 quod
1343 2316 1375 2346 in
1397 2327 1435 2347 eo
1450 2317 1522 2347 loco
1543 2321 1732 2357 generatum
1747 2328 1793 2349 es-

1119 2362 1177 2395 set,
1199 2359 1282 2389 intra
1305 2369 1401 2397 quem
1427 2359 1526 2389 clausi
1548 2363 1640 2389 erant
1660 2360 1716 2398 qui
1739 2361 1793 2390 ob-

1119 2400 1339 2431 sidebantur.''
1384 2401 1542 2431 Observat
1566 2401 1651 2433 Plin.
1676 2402 1722 2433 H.
1747 2402 1793 2434 N.

1119 2443 1198 2473 xxii.
1212 2455 1241 2481 4.
1259 2447 1380 2473 ceteras
1397 2453 1529 2474 coronas
1543 2444 1584 2474 ab
1600 2444 1794 2483 imperatore

1120 2485 1278 2516 militibus
1302 2485 1370 2515 dari
1396 2486 1517 2523 solitas,
1539 2486 1623 2516 hanc
1647 2486 1751 2517 solam
1772 2496 1795 2518 a

1119 2527 1276 2557 militibus
1291 2527 1488 2567 imperatori.
1514 2529 1621 2560 CREV.

1162 2581 1181 2607 4
1196 2570 1360 2600 sartarios
1375 2571 1461 2608 vz'm']
1479 2572 1650 2602 Semtarz‘us
1663 2574 1711 2602 est
1724 2581 1793 2602 sex-

1118 2615 1152 2642 ta
1179 2622 1251 2650 pars
1278 2612 1394 2652 congii,
1420 2613 1618 2652 proindeque
1644 2613 1794 2653 capiebat

1118 2655 1193 2693 plus
1209 2655 1372 2684 sexdecim
1389 2655 1453 2685 vini
1469 2655 1591 2687 uncias.
1617 2656 1723 2688 CREv.

1169 2705 1185 2735 5
1216 2697 1388 2727 Contracta
1416 2699 1540 2736 castra]
1586 2697 1690 2729 Simili
1718 2699 1793 2729 dolo

1121 2739 1262 2769 Romani
1285 2740 1327 2769 ad
1346 2740 1535 2770 Metaurum
1551 2740 1792 2771 Hasdrubalem

1117 2781 1310 2812 fefellerunt.
1335 2782 1374 2813 cf.
1390 2782 1461 2813 infr.
1478 2782 1576 2814 xxvii.
1593 2782 1644 2821 46.

1160 2823 1179 2853 6
1197 2824 1428 2855 Commeatibus
1440 2824 1570 2865 gravis]
1596 2825 1692 2860 Quae
1703 2824 1791 2855 oneri

1118 2870 1200 2896 esset
1216 2866 1460 2904 commeatibus,
1475 2867 1495 2897 i.
1513 2877 1538 2897 e.
1557 2877 1639 2906 quae
1657 2865 1791 2897 nimiam

1118 2912 1358 2940 commeatuum
1375 2909 1502 2949 copiam
1517 2910 1709 2940 absumeret.
1729 2908 1791 2941 CR.
