1934 3211
584 214 709 256 LIB.
751 214 783 256 I.
826 214 972 257 CAP.
1006 218 1072 257 56.
1469 219 1522 259 63

134 321 246 364 rege,
263 306 444 363 primurn
465 306 510 346 in
530 305 620 362 ipso
633 305 872 347 discrimine
890 305 1086 346 adversus
1109 304 1339 346 Romulum
1356 321 1522 362 pugnae

135 376 240 429 vota,
262 372 501 405 consecrata
519 364 849 428 inaugurataque
870 372 1015 419 postea
1034 362 1209 404 fueraut.
1272 362 1389 404 Inter
1409 365 1524 419 prin-

105 421 244 478 7cipia
263 421 473 462 condendi
495 421 619 462 huius
640 436 776 478 operis
797 435 971 462 moxusse
1000 435 1158 461 numen
1180 419 1233 461 ad
1254 419 1523 462 indicandam

135 479 240 520 tanti
271 479 436 535 imperii
468 478 620 520 molem
652 478 830 520 traditur
857 477 980 519 deos.
1024 493 1134 527 nam,
1168 493 1299 534 quum
1335 478 1523 519 omniurn

102 535 378 578 Ssacellorum
418 536 766 593 exaugurationes
806 535 1077 577 admitterent
1111 551 1217 584 aves,
1253 550 1297 576 m
1334 535 1525 576 Termini

131 593 229 635 fano
259 609 345 635 non
373 594 585 635 addixere.
649 593 700 635 Id
731 609 855 635 omen
887 593 1192 650 auguriumque
1222 593 1280 634 ita
1307 602 1525 650 acceptum

133 660 222 701 est;
264 667 350 693 non
380 662 536 693 motam
568 651 760 693 Termini
790 651 946 701 sedem,
975 666 1192 707 unumque
1225 666 1320 691 eum
1349 650 1526 692 deorum

133 724 219 750 non
240 718 458 751 evocatum
486 710 654 751 sacratis
675 710 752 751 sibi
773 709 939 759 finibus,
962 709 1081 750 firma
1105 708 1352 764 stabiliaque
1375 716 1526 750 cuncta

133 766 396 823 portendere.
461 767 556 808 Hoc
586 767 877 824 perpetuitatis
907 767 1092 823 auspicio
1120 775 1304 823 accept0,
1335 775 1524 808 secutum

133 824 261 874 aliud,
297 825 632 881 magnitudinem
675 825 839 881 imperii
878 825 1147 881 portendens,
1181 824 1419 881 prodigium
1450 834 1522 865 est.

136 881 279 939 Caput
310 882 541 924 humanum
583 883 746 939 integra
784 883 888 923 facie
931 882 1214 938 aperientibus
1253 882 1527 923 fundamenta

134 939 281 997 templi
312 940 467 982 dicitur
506 941 756 997 apparuisse.
823 940 944 988 Quae
980 941 1077 981 visa
1099 941 1269 996 species,
1303 939 1417 980 haud
1451 955 1527 996 per

133 998 340 1054 ambages,
363 1013 500 1040 arcem
529 1014 620 1040 eam
650 998 814 1055 imperii
845 1007 1054 1055 caputque
1077 1013 1214 1039 rerum
1239 998 1327 1039 fore
1355 1006 1526 1054 porten-

133 1055 286 1098 debat:
330 1056 458 1112 idque
492 1057 551 1098 ita
590 1057 779 1098 cecineie
819 1066 947 1106 vates,
984 1071 1142 1112 quique
1177 1056 1219 1096 in
1256 1056 1357 1097 urbe
1393 1065 1525 1105 erant,

102 1128 322 1170 9quosque
345 1114 398 1156 ad
426 1130 518 1156 eam
544 1129 631 1155 rem
660 1113 978 1155 consultandam
1000 1129 1052 1155 ex
1083 1113 1251 1154 Etruria
1279 1113 1392 1154 accix
1395 1123 1524 1154 erant.

134 1171 385 1228 Augebatur
411 1172 464 1213 ad
492 1173 700 1229 impensas
730 1171 838 1226 regis
866 1172 1040 1213 animus.
1103 1170 1252 1227 Itaque
1279 1171 1526 1212 Pometinae

134 1229 371 1294 manubiae,
405 1245 512 1286 quae
546 1229 818 1286 perducendo
859 1229 912 1271 ad
945 1229 1112 1270 culmen
1147 1229 1262 1285 operi
1296 1229 1526 1270 destinatae

107 1296 266 1337 1erant,
289 1287 359 1328 vix
387 1288 430 1328 in
451 1287 725 1329 fundamenta
744 1287 1076 1344 suppeditavere.
1141 1286 1204 1328 Eo
1225 1287 1355 1342 magis
1384 1286 1526 1337 Fabio,

136 1354 428 1401 praeterquam
460 1345 574 1401 quod
605 1345 816 1401 antiquior
845 1354 920 1394 est,
952 1344 1217 1393 crediderim,
1251 1320 1529 1400 quadraginta

104 1417 186 1444 2ea
205 1402 293 1443 sola
313 1402 467 1444 talenta
486 1403 625 1452 fuisse,
649 1418 774 1458 quam
804 1391 973 1443 Pisoni·
964 1433 974 1450 ,
1007 1401 1079 1457 qui
1102 1401 1377 1457 quadraginta
1399 1401 1529 1443 millia

136 1459 279 1516 pondo
291 1461 451 1515 argenti
468 1461 647 1517 seposita
661 1460 703 1500 in
718 1474 809 1501 eam
825 1474 912 1500 rem
929 1459 1084 1508 scribit,
1100 1473 1305 1499 summam
1322 1459 1527 1515 pecuniae

136 1532 274 1574 neque
295 1533 347 1558 cx
371 1518 493 1559 unius
515 1527 603 1559 tum
625 1517 738 1558 urbis
758 1516 914 1573 praeda
933 1515 1195 1573 sperandam,
1218 1525 1260 1557 et
1281 1516 1449 1566 nullius,
1473 1532 1526 1558 ne

136 1575 284 1616 horum
321 1575 492 1631 quidem
526 1575 862 1631 magnificentiae
903 1589 1090 1631 operum,
1127 1573 1401 1616 fundamenta
1440 1590 1526 1616 non

135 1642 488 1689 exsuperaturam.

194 1689 387 1732 Intentus
414 1690 672 1747 perficiendo
703 1689 872 1747 templo,
901 1690 1026 1731 fabris
1054 1689 1241 1746 undique
1273 1705 1325 1732 ex
1359 1689 1529 1732 Etruria

134 1748 289 1798 accitis,
331 1763 416 1789 non
456 1748 636 1804 pecunia
675 1748 809 1789 solum
845 1748 899 1789 ad
931 1748 975 1788 id
1009 1747 1179 1804 publica
1213 1757 1275 1789 est
1311 1764 1421 1798 usus,
1453 1749 1528 1790 sed

104 1806 272 1863 3operis
306 1806 431 1847 etiam
465 1821 517 1847 ex
553 1805 687 1862 plebe.
753 1806 841 1855 Qui
876 1821 1006 1862 quum
1040 1806 1154 1847 haud
1186 1821 1336 1862 parvus
1366 1816 1409 1847 ct
1440 1807 1528 1863 ipsc

135 1863 306 1905 militiae
329 1863 553 1905 adderetur
573 1863 701 1914 labor,
724 1864 862 1905 minus
892 1873 1031 1905 tamen
1059 1863 1177 1920 plebs
1201 1865 1461 1920 gravabatur,
1483 1880 1526 1906 se

102 1921 292 1978 4templa
321 1921 448 1964 deum
477 1922 752 1963 exaedificare
784 1922 978 1963 manibus
1008 1922 1114 1963 suis:
1149 1937 1256 1978 quae
1284 1922 1456 1979 posthac
1485 1932 1527 1964 ct

180 2050 196 2081 7
220 2043 362 2073 Movisse
378 2042 513 2080 numen]
533 2052 575 2072 sc.
594 2041 808 2072 Voluntatem

135 2084 275 2115 divinam
292 2085 480 2115 declznmw.

183 2128 202 2157 8
234 2128 391 2165 Termr'm']
443 2127 483 2157 Et
516 2128 698 2157 Iuventutis
728 2131 809 2157 teste

136 2169 205 2210 ipso
238 2169 328 2200 Livio
356 2180 383 2200 v.
413 2179 461 2208 54.
513 2169 646 2209 Dionys,
684 2169 725 2199 iii.
757 2168 807 2209 69.

136 2212 257 2253 quippe
272 2212 351 2243 haec
367 2212 600 2250 significabunt,
610 2212 807 2242 iuventutem

138 2260 381 2296 perpetuamaet
396 2255 550 2286 terminos
566 2266 627 2285 non
645 2260 726 2285 retro
744 2264 808 2284 mo-

138 2298 257 2329 vendos
270 2298 396 2329 Romae
409 2297 566 2338 portendi.
582 2297 706 2328 l'rimnn
726 2297 808 2337 lmp.

139 2341 325 2372 Hadrianus
340 2341 419 2371 fines
436 2341 598 2371 Romanos
614 2339 782 2370 contruxit.

178 2394 198 2425 9
222 2385 276 2415 Ea·
314 2385 452 2414 Etruria
490 2385 689 2421 acciverunt]
748 2383 808 2413 Mi-

137 2426 224 2457 nime
261 2427 394 2457 dubium
438 2431 497 2461 est.
534 2427 610 2465 quin
649 2427 809 2456 clementa

138 2470 231 2509 plura
263 2469 400 2500 Etrusca
437 2469 467 2499 in
499 2469 628 2499 civitate
662 2470 810 2500 Romana

136 2517 315 2552 appareant
343 2524 370 2543 c.
393 2523 422 2551 g.
457 2512 685 2551 “Etruriuque
719 2511 809 2542 disci·

140 2554 260 2594 plinnm
276 2555 436 2595 principes
448 2555 598 2591 ‹locetu‚''
610 2555 694 2594 quod
710 2565 810 2594 unque

137 2597 178 2628 ad
208 2597 311 2629 Cicer.
345 2603 484 2628 aetatem
521 2598 551 2627 in
588 2608 644 2627 unu
684 2597 809 2628 inunxit.

138 2649 233 2679 quem
247 2641 285 2671 cf.
299 2641 339 2670 (le
355 2641 462 2671 Divin.
478 2640 495 2670 i.
510 2650 559 2678 41.
574 2641 613 2670 (Ιυ
630 2640 723 2677 Lege.
739 2640 768 2671 ii.
781 2652 810 2680 ι).

137 2682 193 2712 ned
209 2682 341 2714 Niebhn
360 2683 465 2722 placet
483 2694 544 2713 non
563 2683 658 2712 niodo
674 2683 812 2712 artifici-n

141 2724 293 2755 Etrusco„
307 2726 426 2756 accium
447 2725 553 2758 fnium.
569 2731 599 2755 vt
620 2727 740 2765 triplici
763 2727 810 2755 im

139 2769 280 2798 Deorum
298 2769 423 2798 numini
438 2779 477 2798 es·
494 2769 657 2807 reliyimw,
672 2770 810 2798 [cmm-n

138 2811 244 2841 aedem
274 2811 448 2840 ‘Infit-amm
480 2821 556 2845 eane,
586 2811 638 2840 ned
676 2810 705 2839 in
742 2810 810 2848 ipso

139 2853 263 2893 templu
296 2853 484 2892 Capitolino
516 2854 710 2891 pemuiltuni
743 2864 810 2882 mum

138 2896 224 2936 quod
251 2895 417 2926 1·'.·tmn‹un1
440 2895 591 2933 originem
610 2900 744 2934 impert-t
769 2896 808 2926 cf.

141 2938 276 2970 Niebhr.
294 2939 311 2969 i.
331 2949 360 2978 p.
383 2941 449 2977 ¹3⁸·
467 2948 538 2977 ⁴93·

186 2991 197 3013 ι
225 2982 468 3019 Fundamenta]
500 2980 599 3020 Atqui
616 2979 812 3020 ‘'lui-quinium

856 2041 984 2072 Priscus
1016 2052 1101 2081 supr.
1135 2043 1184 2081 38.
1225 2046 1421 2073 memoratur
1460 2053 1526 2073 are-

852 2094 903 2114 am
928 2085 968 2114 ad
991 2085 1102 2114 aedem
1126 2084 1156 2114 in
1174 2085 1337 2125 Capitolio
1358 2085 1442 2115 Iovis
1458 2086 1526 2116 fun-

853 2127 1012 2157 dumentis
1039 2138 1219 2166 occupasse.
1266 2128 1328 2158 Sed
1357 2127 1436 2157 haec
1463 2138 1525 2158 non

853 2170 1025 2199 difficulter
1047 2170 1209 2200 conciliari
1236 2175 1379 2209 possunt,
1402 2170 1426 2199 si
1453 2181 1525 2200 cum

856 2212 952 2243 Dion.
980 2212 1125 2242 dicamus
1150 2213 1252 2242 solum
1280 2214 1527 2252 superstruendo

854 2255 940 2294 operi
949 2261 1134 2294 aequatum,
1143 2260 1174 2285 et
1183 2255 1352 2285 exstructis
1360 2256 1528 2293 aggeribus

854 2298 1094 2337 complanatum
1124 2298 1220 2328 fuisse
1250 2309 1267 2328 u
1300 2298 1426 2334 l‘risc0;
1457 2299 1525 2328 fun-

853 2341 1006 2371 damenta
1032 2341 1131 2380 ipsius
1153 2341 1289 2371 aedificii
1318 2342 1400 2371 iacta
1426 2352 1445 2372 a
1469 2342 1526 2372 Su—

855 2384 962 2423 perbo.
986 2385 1092 2414 Cum.

898 2436 913 2456 ἰ
942 2428 1070 2464 Pisoni]
1099 2426 1342 2466 L.('alpumin.·‹
1359 2426 1431 2456 Piso
1450 2427 1525 2457 Fru-

853 2469 883 2506 gi
911 2470 1041 2509 reliquit
1071 2470 1206 2499 annam
1230 2471 1357 2499 etr-iliter
1382 2471 1526 2509 scriptos,

856 2511 958 2551 inquit
988 2512 1102 2543 Cicero
1134 2512 1163 2541 in
1201 2512 1311 2545 Bruto,
1345 2511 1410 2543 106.
1457 2512 1525 2542 Τή-

855 2555 959 2584 hunus
987 2555 1088 2594 plebis
1114 2560 1180 2584 emt
1210 2555 1311 2594 primo
1334 2566 1418 2585 anno
1442 2555 1525 2585 tertii

861 2597 971 2627 l'unici
987 2597 1075 2631 belli,
1086 2603 1165 2627 test«-
1178 2598 1289 2627 ‹nuh-m
1305 2597 1380 2628 ibid.
1405 2599 1525 2628 (humil

857 2640 915 2669 fuit
932 2651 1016 2670 nnnc·
1038 2641 1077 2671 ll.
1092 2642 1129 2670 (⁸.
1143 2640 1214 2680 (ιιι).
1261 2642 1437 2670 (chsurmn
1457 2646 1525 2680 post

854 2683 976 2721 aliquot
1002 2694 1103 2713 nunna
1128 2683 1234 2720 gin-mit.
1259 2684 1343 2713 unde
1368 2684 1482 2723 prinnini
1507 2695 1527 2714 n.

860 2725 1026 2765 Dionysio,
1059 2726 1173 2759 Plinio.
1197 2726 1372 2757 cenimina
1397 2731 1528 2757 vocatur

858 2768 931 2797 l‘im
948 2768 1116 2798 censorius.
1141 2770 1246 2798 (Ὶικν.

899 2820 916 2848 3
941 2813 1003 2847 Qui
1033 2822 1130 2851 quum
1161 2811 1251 2841 haud
1277 2812 1416 2851 par-mm]
1458 2812 1526 2848 Qui

856 2852 944 2882 lulmr
959 2853 1163 2887 aedificandi,
1175 2858 1206 2883 et
1225 2853 1291 2894 ipw
1303 2854 1385 2885 haud
1402 2865 1528 2894 parvus,

854 2905 925 2925 cum
950 2897 1122 2927 :uideretur
1145 2896 1287 2928 militine.
1322 2898 1347 2928 l.
1376 2898 1411 2929 F.
1438 2898 1526 2928 Gno-

857 2947 929 2969 κον.

898 2994 915 3020 ⁴
940 2984 1031 3020 Quem
1063 2983 1213 3023 posthac]
1256 2982 1307 3014 Iun
1340 2983 1433 3015 codd.
1471 2983 1526 3014 sed

1606 1693 1672 1732 56.
