1934 3211
626 526 885 582 EPITO
908 527 1031 580 ME
1089 527 1338 580 LIBRI
1400 527 1568 581 VIII.

396 894 638 937 LATINI
661 909 750 934 cum
792 894 1013 948 Campanis
1048 895 1288 948 defecerunt,
1321 901 1369 943 et,
1405 895 1536 934 missis
1572 894 1714 948 leqatis
1747 895 1807 934 ad

397 959 591 1001 senatum,
624 953 882 992 conditionem
920 952 1109 1000 tulerunt,
1143 958 1200 1001 ut,
1232 954 1270 991 si
1297 967 1442 1006 pacem
1474 952 1618 991 habere
1648 952 1801 1001 vellent,

397 1011 568 1050 alterum
599 1025 644 1049 ex
674 1010 840 1050 Latinis
871 1010 1067 1049 consulem
1086 1010 1288 1062 facerent.
1362 1010 1456 1060 Qua
1489 1010 1683 1063 leqatione
1705 1024 1804 1064 per-

398 1068 496 1117 lata,
512 1074 682 1122 praetor
704 1082 838 1107 eorum
859 1067 1021 1107 Annius
1042 1067 1089 1106 de
1118 1066 1317 1120 Capitolio
1343 1069 1401 1106 ita
1427 1067 1645 1121 prolapsus
1665 1073 1734 1116 est,
1758 1073 1805 1108 ut

397 1127 705 1166 exanimaretur.
785 1125 834 1164 T.
855 1124 1043 1164 Manlius
1074 1124 1213 1164 consul
1224 1125 1382 1176 filium,
1405 1125 1513 1179 quod
1535 1131 1674 1164 contra
1699 1125 1804 1164 edic-

399 1189 483 1222 tum
523 1183 716 1222 adversus
745 1182 931 1230 Latinos,
963 1183 1145 1236 quamvis
1174 1196 1378 1236 prospere,
1406 1188 1638 1235 puynasset,
1671 1183 1803 1222 securi

391 1242 602 1294 percussit.
664 1240 964 1280 Laborantibus
999 1241 1041 1278 in
1072 1241 1156 1278 acie
1186 1240 1396 1288 Romanis,
1428 1239 1479 1279 P.
1503 1239 1670 1288 Decius,
1705 1245 1802 1279 tunc

398 1298 537 1338 consul
555 1312 644 1337 cum
666 1297 840 1345 Manlio,
864 1297 1018 1336 devovit
1036 1311 1075 1336 se
1089 1311 1169 1350 pro
1190 1299 1360 1336 exercitu
1374 1312 1387 1336 .·
1417 1303 1465 1345 et,
1489 1298 1684 1336 concitato
1704 1311 1801 1351 equo

398 1370 520 1409 quum
542 1357 584 1395 in
605 1355 750 1394 medios
771 1355 897 1394 liostes
917 1369 957 1393 se
977 1354 1185 1403 intulisset,
1209 1355 1452 1407 interjectus,
1475 1360 1598 1393 morte
1618 1368 1694 1393 sua
1716 1354 1802 1394 Ro-

398 1414 529 1452 manis
550 1414 757 1452 victoriam
779 1413 962 1451 restituit.
1010 1412 1157 1451 Latini
1176 1413 1218 1451 in
1239 1412 1471 1451 deditionem
1491 1417 1692 1451 venerunt.
1749 1412 1799 1452 T.

399 1470 562 1509 Manlio
582 1471 624 1509 in
646 1471 780 1509 urbem
806 1483 959 1509 reverso
979 1483 1089 1509 nemo
1120 1485 1165 1508 esc
1194 1471 1393 1509 iuventute
1417 1469 1571 1508 obviam
1594 1470 1798 1523 processit.

399 1527 588 1566 Minucia
620 1528 731 1580 viryo
763 1527 932 1567 Vestalis
962 1528 1101 1566 incesti
1129 1527 1323 1566 damnata
1353 1532 1420 1566 est.
1482 1526 1713 1567 Ausonibus
1742 1527 1802 1566 vi-

400 1585 484 1631 ctis,
501 1585 541 1622 in
559 1584 748 1636 oppidum
769 1598 815 1622 ex
835 1585 884 1622 iis
905 1590 1067 1636 captum
1089 1583 1204 1624 Cales
1225 1584 1377 1624 colonia
1399 1584 1567 1624 deducta
1589 1590 1655 1624 est.
1699 1583 1802 1624 Item

400 1641 607 1694 Freyellae
628 1640 780 1680 colonia
802 1641 991 1679 deductae
1011 1647 1114 1680 sunt.
1174 1641 1411 1693 Vencficium
1430 1641 1693 1695 complurium
1713 1656 1801 1681 ma-

400 1704 609 1737 tronarum
642 1698 923 1750 deprehensum
956 1703 1037 1737 est:
1075 1712 1249 1751 quarum
1275 1699 1480 1751 plurimae
1510 1699 1646 1738 statim
1677 1699 1801 1751 epotis

400 1755 724 1794 medicaminibus
738 1756 958 1808 perierunt.
1020 1754 1107 1793 Leoe
1127 1755 1174 1793 de
1194 1756 1378 1806 veneficio
1399 1761 1492 1794 tunc
1505 1756 1686 1808 primum
1708 1769 1801 1795 con-

399 1814 538 1852 stituta
555 1818 621 1852 est.
665 1812 985 1860 Privernatibus,
1003 1826 1125 1865 quum
1142 1812 1401 1860 rebellassent,
1416 1813 1530 1851 victis
1546 1813 1685 1851 civitas
1700 1813 1801 1852 data

399 1876 467 1909 est.
523 1869 834 1922 Palaepolitani,
857 1869 953 1908 bello
973 1875 1011 1908 et
1029 1869 1224 1908 obsidione
1244 1870 1348 1917 victi,
1371 1871 1413 1908 in
1433 1869 1666 1909 deditionem
1686 1883 1798 1909 vene-

399 1933 505 1966 runt.
578 1925 627 1976 Q.
646 1926 835 1974 Publilio,
859 1927 930 1979 qui
949 1940 1010 1965 eos
1031 1927 1244 1975 obsederat,
1260 1928 1395 1980 primo
1416 1932 1454 1966 et
1472 1928 1680 1980 imperium
1699 1941 1800 1981 pro-

401 1985 540 2032 latum,
563 1990 600 2023 et
612 1998 692 2037 pro
714 1983 869 2022 consule
889 1984 1066 2022 decretus
1088 1984 1325 2037 triumphus.
1369 1984 1488 2023 Plebs
1509 1998 1609 2023 nexu
1631 1984 1800 2024 liberata

399 2048 457 2081 est
476 2047 642 2095 propter
662 2041 714 2080 L.
737 2040 904 2094 Papirii
923 2041 1127 2080 creditoris
1148 2041 1358 2089 libidinem,
1381 2042 1452 2095 qui
1473 2040 1516 2081 C'.
1535 2041 1713 2081 Publilio
1733 2042 1801 2081 de-

399 2099 518 2138 bitori
535 2113 606 2138 suo
626 2104 811 2151 stuprum
832 2098 982 2151 inferre
996 2098 1185 2138 voluerat.
1242 2098 1378 2148 Quum
1390 2098 1442 2138 L.
1457 2098 1656 2152 Papirius
1671 2099 1799 2138 dicta-

399 2162 462 2196 tor
482 2170 660 2196 reversus
685 2157 726 2195 in
757 2156 890 2195 urbem
912 2155 962 2194 ab
983 2157 1153 2195 exercitu
1174 2162 1272 2195 esset
1291 2161 1460 2209 propter
1479 2156 1662 2210 auspicia
1689 2171 1800 2210 repe-

400 2214 530 2262 tenda,
562 2213 611 2262 Q.
630 2213 786 2253 Fabius
811 2214 1000 2266 mayz'ster
1023 2214 1211 2267 equitum,
1234 2215 1433 2253 occasione
1461 2215 1520 2253 rei
1542 2214 1634 2253 bene
1657 2228 1800 2268 yeren-

399 2271 474 2310 dae
494 2272 699 2319 invitatus,
722 2275 861 2309 contra
881 2270 1051 2309 edictum
1071 2272 1154 2309 eius
1171 2285 1363 2324 prospere
1383 2271 1573 2310 adversus
1598 2269 1800 2311 Samnites

392 2329 604 2382 puynavit.
675 2327 736 2368 Ob
757 2342 843 2366 eam
868 2341 1032 2366 causam
1063 2341 1185 2381 quum
1213 2328 1385 2367 dictator
1405 2328 1452 2366 de
1478 2329 1670 2381 mayistro
1689 2329 1800 2382 equi-

399 2392 482 2425 tum
503 2385 742 2439 supplicium
758 2390 990 2438 sumpturus
1006 2385 1216 2433 videretur,
1232 2385 1387 2424 Fabius
1400 2385 1573 2424 Romam
1586 2385 1797 2440 profuyit:

398 2449 447 2491 et,
469 2457 591 2497 quum
613 2456 736 2482 causa
753 2455 906 2495 parum
930 2441 1156 2495 proficeret,
1172 2442 1318 2495 populi
1329 2442 1516 2495 precibus
1536 2441 1708 2491 donatus
1727 2448 1795 2483 est.

399 2500 481 2540 Res
493 2506 706 2555 praeterea
727 2505 866 2539 contra
892 2498 1092 2539 Samnites
1104 2513 1297 2553 prospere
1312 2505 1447 2553 qestas
1468 2499 1648 2540 continet.
