1934 3211
506 197 632 240 LIB.
672 197 728 239 ΙΙ.
779 197 924 240 CAP.
957 202 1024 240 32.
1383 200 1461 241 107

79 284 268 327 ‘cordiae
289 283 523 333 intestinae,
545 283 702 325 bellum
723 292 946 325 externum
973 283 1122 333 fecere,
1145 291 1193 325 ut
1212 284 1292 325 hoc
1314 286 1465 341 magis·
1479 292 1522 324 U.
1539 292 1578 324 c.
1597 291 1669 323 260.

79 349 214 385 ‘tratu
240 349 383 397 egeret
400 341 646 397 respublica.
709 341 800 382 Pax
830 340 925 382 foris
948 350 1067 397 parta
1093 349 1168 390 est,
1190 341 1306 382 domi
1333 342 1466 398 impe·
1479 337 1516 367 A.
1541 337 1579 368 C.
1596 345 1668 375 49²·

79 401 227 442 ‘ditun
289 398 482 439 Privatus
503 399 654 455 potius,
678 414 805 456 quam
826 399 1016 448 dictator,
1038 398 1236 440 seditioni
1259 399 1466 440 interer0.’

77 457 154 507 Ita,
177 456 293 499 curia
312 471 514 513 egressus,
537 456 744 498 dictatura
764 472 807 499 se
829 456 1048 498 abdicavit.
1113 456 1325 513 Apparuit
1345 472 1469 497 causa

47 515 202 572 3plebi,
223 529 340 556 suam
361 514 495 555 vicem
517 515 809 572 indignantem
830 515 1074 571 magistratu
1094 514 1239 555 abisse.
1302 512 1466 570 Itaque,

44 572 192 616 4velut
221 571 432 629 persoluta
458 572 555 622 fide,
579 573 779 629 quoniam
808 588 884 629 per
904 587 1001 614 eum
1030 587 1116 613 non
1148 573 1340 622 stetisset,
1364 571 1469 627 quin

75 638 365 688 praestaretur,
395 629 672 672 decedentem
703 631 877 672 domum
907 646 1004 672 cum
1031 630 1169 671 favore
1201 645 1248 671 ac
1274 629 1469 670 laudibus

75 688 286 746 prosecuti
307 697 416 729 sunt.

134 746 283 788 Timor
298 746 396 787 inde
414 746 560 789 Patres
576 746 758 797 incessit,
776 762 843 797 ne,
861 747 894 788 si
911 746 1106 787 dimissus
1122 745 1332 788 exercitus
1347 744 1468 794 foret,
1547 747 1614 786 32.

76 819 217 846 rursus
256 813 400 845 coetus
436 804 589 846 occulti
629 805 1025 861 coniurationesque
1066 804 1229 845 fierent.
1306 802 1469 859 Itaque,

77 876 320 919 quanquam
349 877 426 918 per
455 862 702 904 dictatorem
735 862 923 904 delectus
958 861 1126 904 habitus
1161 870 1282 911 esset,
1314 869 1470 909 tamen,

77 920 277 977 quoniam
313 920 357 960 in
390 920 610 962 consulum
641 921 767 962 verba
796 921 1014 970 iurassent,
1047 919 1306 961 sacramento
1337 918 1471 960 teneri

77 977 255 1019 militem
276 977 367 1028 rati,
389 993 466 1035 per
485 994 652 1020 causam
674 979 862 1020 renovati
883 979 934 1020 ab
962 978 1126 1034 Aequis
1147 977 1245 1019 belli
1267 976 1391 1018 educi
1419 990 1472 1017 ex

77 1036 180 1077 urbe
201 1035 386 1092 legiones
414 1036 592 1078 iussere:
627 1052 712 1093 quo
739 1037 850 1078 facto
871 1045 1077 1077 maturata
1105 1045 1166 1077 est
1190 1034 1353 1076 seditio.
1417 1032 1474 1075 Et

76 1093 213 1150 primo
233 1094 436 1150 agitatum
461 1094 616 1136 dicitur
642 1094 695 1136 de
727 1094 947 1136 consulum
975 1094 1117 1144 caede,
1139 1102 1184 1134 ut
1214 1092 1474 1134 solverentur

77 1160 358 1193 sacramento:
391 1152 538 1193 doctos
566 1152 734 1202 deinde,
758 1152 917 1193 nullam
946 1151 1100 1193 scelere
1130 1151 1378 1207 religionem
1399 1164 1473 1190 ex-

46 1223 65 1256 5
78 1208 194 1259 solvi,
219 1208 377 1251 Sicinio
398 1209 582 1266 quodam
604 1220 785 1259 auctore,
808 1210 968 1251 iniussu
989 1208 1208 1251 consulum
1230 1209 1274 1249 in
1299 1207 1471 1250 Sacrum
1485 1215 1628 1264 Secessip

78 1275 265 1308 montem
287 1270 502 1309 secessisse
517 1268 650 1319 (trans
674 1268 886 1309 Anienem
908 1283 1075 1309 amnem
1096 1266 1179 1323 est)
1197 1266 1275 1307 tria
1295 1266 1347 1306 ab
1368 1265 1470 1306 urbe
1485 1259 1588 1321 13¹0P¹⁵
1603 1269 1636 1289 ¹¹¹

78 1323 209 1366 millia
228 1340 437 1382 passuum.
501 1325 565 1367 Ea
580 1326 839 1382 frequentior
859 1325 969 1366 fama
990 1335 1063 1374 est,
1079 1339 1220 1381 quam,
1238 1323 1357 1364 cuius
1372 1322 1472 1363 Piso
1485 1306 1639 1376 ἓξὲξ-Ξ,

47 1390 224 1424 6auctor
239 1393 312 1433 est,
335 1383 378 1424 in
399 1383 659 1425 Aventinum
677 1384 952 1425 secessionem
966 1383 1117 1424 factam
1134 1397 1233 1423 esse.
1296 1380 1362 1422 Ibi
1383 1380 1472 1421 sine

79 1439 164 1481 ullo
187 1439 294 1482 duce
316 1440 424 1483 vallo
439 1441 628 1497 fossaque
647 1440 915 1482 communitis
936 1440 1079 1481 castris
1101 1439 1246 1496 quieti,
1268 1453 1358 1479 rem
1380 1436 1474 1478 nul-

78 1496 175 1548 lam,
197 1498 276 1540 nisi
298 1499 572 1540 necessariam
593 1499 647 1540 ad
667 1499 838 1548 victum,
860 1497 1079 1547 sumendo,
1094 1512 1170 1554 per
1189 1496 1350 1553 aliquot
1370 1495 1473 1545 dies,

80 1569 219 1612 neque
234 1555 409 1598 lacessiti
424 1571 562 1612 neque
577 1556 837 1606 lacessentes,
853 1571 941 1597 sese
956 1564 1142 1597 tenuere.
1176 1555 1313 1596 Pavor
1325 1553 1474 1610 ingens

77 1613 123 1655 in
150 1614 266 1664 urbe,
298 1623 498 1670 metuque
531 1623 677 1656 mutuo
709 1629 908 1670 suspensa
936 1622 1055 1655 erant
1086 1613 1239 1655 omnia.
1302 1611 1473 1653 Timere

78 1671 223 1714 relicta
254 1672 306 1714 ab
338 1672 422 1713 suis
454 1671 598 1728 plebes
633 1671 878 1713 violentiam
911 1671 1102 1722 Patrum,
1136 1671 1283 1712 timere
1324 1669 1474 1711 Patres

77 1728 258 1771 residem
297 1729 340 1771 in
377 1730 479 1771 urbe
515 1729 696 1787 plebem,
734 1730 896 1780 incerti,
929 1744 1096 1771 manere
1131 1744 1237 1778 eam,
1271 1743 1324 1769 an
1359 1727 1473 1769 abire

78 1786 264 1830 mallent.
330 1787 472 1837 Quam
507 1787 582 1829 diu
613 1797 755 1830 autem
786 1787 1068 1844 tranquillam,
1101 1802 1208 1843 quae
1241 1784 1472 1835 secesserit,

79 1845 394 1888 multitudinem
410 1845 529 1887 fore?
559 1845 663 1902 quid
678 1846 865 1887 futurum
882 1845 1049 1895 deinde,
1067 1845 1101 1886 si
1118 1844 1232 1901 quod
1249 1852 1472 1886 externum

79 1902 248 1946 interim
269 1903 426 1946 bellum
447 1903 649 1945 exsistat?
680 1903 839 1945 nullam
860 1903 1059 1960 profecto,
1082 1903 1161 1944 nisi
1183 1903 1227 1943 in
1248 1900 1473 1944 concordia

80 1960 247 2011 civium,
269 1977 386 2019 spem
408 1961 612 2018 reliquam
634 1961 811 2003 ducere:
845 1976 938 2002 eam
955 1977 1030 2018 per
1046 1976 1192 2018 aequa,
1214 1975 1290 2017 per
1311 1960 1470 2016 iniqua,

49 2019 432 2068 vreconciliandam
469 2019 626 2061 civitati
661 2035 762 2061 esse.
824 2019 991 2060 Placuit
1021 2019 1149 2075 igitur
1179 2027 1386 2059 oratorem
1418 2016 1471 2058 ad

127 2153 145 2183 3
182 2144 301 2181 l'icem]
344 2143 419 2173 Hoc
449 2147 495 2173 est
526 2142 756 2179 conditionem,

83 2185 244 2223 iniuriam,
272 2186 319 2216 vel
348 2186 445 2216 etiam
467 2197 540 2221 sua,
563 2185 582 2216 i.
601 2197 629 2216 e.
655 2186 757 2225 plebis

82 2239 190 2260 causa.
208 2230 349 2260 Sraorn.

126 2284 146 2311 4
168 2273 235 2303 I'er
249 2282 320 2303 eum
337 2282 402 2302 non
417 2272 567 2309 stetisset]
599 2272 676 2307 Quo
700 2271 755 2301 nii-

84 2324 144 2346 nuu
158 2314 216 2346 illa
238 2320 462 2355 praestaretur,
479 2314 545 2354 ipse
562 2324 624 2344 non
643 2315 672 2344 in
691 2315 756 2344 cul—

84 2367 127 2398 pa
142 2357 262 2388 fuisset.
308 2358 370 2388 Per
383 2369 453 2389 eum
470 2362 557 2388 stare
573 2368 614 2387 sc.
632 2358 672 2387 al)
689 2357 758 2387 eius

83 2399 212 2431 arbitrio
230 2401 380 2441 pendere,
393 2400 424 2430 in
441 2400 509 2431 eius
526 2405 684 2440 potestate
702 2411 754 2440 po-

84 2442 180 2474 situm
196 2443 301 2475 fuisse.
328 2444 436 2474 Dona.

129 2493 147 2525 5
169 2487 303 2517 Sacrum
320 2487 469 2524 montem]
492 2486 529 2516 ln
547 2485 755 2516 Crustumino

86 2536 162 2567 agro
177 2527 222 2559 ita
235 2530 449 2569 appellatum,
465 2531 486 2545 “
497 2530 581 2568 quod
599 2539 672 2559 cum
691 2529 755 2568 plc-

169 2580 241 2601 cum
264 2572 440 2602 secessim-t
460 2583 479 2602 n
503 2572 655 2611 putribus,
671 2582 755 2601 erea-

88 2612 129 2642 tis
143 2612 277 2643 tribunis
292 2614 405 2654 plebi»,
417 2614 470 2654 qui
487 2614 544 2644 sibi
558 2620 663 2645 efflent
679 2625 755 2644 nux-

88 2654 155 2692 ilio.
165 2656 364 2687 discedentes
377 2657 445 2687 lovi
459 2659 757 2687 conuecnuemnt.”

88 2698 116 2730 F
117 2705 212 2729 estun.
238 2699 266 2729 ll
275 2698 324 2729 inc
337 2699 470 2729 secennio
483 2699 561 2729 lutee
575 2701 756 2730 Criutnme-

86 2743 162 2772 n'na
173 2742 348 2781 appellata.
360 2742 400 2772 cs.
410 2742 500 2772 Vnrr.
511 2743 551 2772 de
565 2742 599 2772 L.
611 2742 645 2773 L.
658 2743 697 2772 iv.
712 2752 756 2780 14.

129 2784 150 2814 6
173 2786 212 2815 In
232 2785 446 2821 Aventinum]
467 2787 487 2800 ⁸⁶
505 2784 600 2814 l'lelm
616 2790 757 2814 monton·

86 2828 218 2860 Sacmm
246 2827 342 2867 prius.
358 2826 473 2857 deinde
496 2827 691 2857 Auentinum
709 2837 758 2856 nc-

87 2870 252 2911 cupavit.”
275 2870 343 2901 Cic.
357 2870 396 2900 ‹le
414 2870 494 2909 ltcp.
510 2870 538 2900 ii.
554 2879 603 2908 33.
628 2869 759 2900 Sallust.

88 2913 215 2952 Fragm.
242 2913 326 2944 nint.
350 2913 369 2943 i.
395 2923 424 2953 p.
444 2922 517 2953 935.
565 2912 761 2942 Niebuhriun

88 2956 228 2996 legiones
250 2957 382 2987 Sacrum
420 2962 574 2991 montem,
605 2955 759 2994 reliquam

800 2143 927 2182 plebem
940 2142 1136 2173 Aventinum
1151 2140 1356 2181 occupavisse
1369 2144 1472 2180 putat.

801 2196 819 2216 ι.
839 2196 868 2224 p.
888 2195 957 2226 593.
1437 2225 1443 2231 ⁶

848 2238 862 2267 7
887 2229 1035 2266 Placuit]
1075 2227 1182 2258 liuius
1205 2226 1390 2257 seces-aionis
1413 2225 1473 2256 his-

802 2271 913 2301 toriam
939 2271 1032 2301 nimis
1057 2271 1198 2310 profecto
1220 2270 1250 2299 in
1273 2275 1378 2299 artum
1401 2279 1473 2299 con-

801 2314 897 2344 traxit
926 2319 1040 2344 noster.
1090 2313 1170 2343 Eam
1196 2313 1264 2343 fuse
1288 2317 1319 2342 et
1343 2313 1475 2342 tbi-tasse

802 2357 1171 2396 pr‹›lixepersecutusest
1188 2355 1283 2386 Dion.
1294 2354 1331 2385 vi.
1344 2364 1392 2393 42.
1407 2364 1474 2394 sqq.

802 2400 850 2430 Ex
869 2411 907 2430 cn
923 2400 1074 2430 discimus
1092 2409 1156 2429 rein
1175 2399 1258 2428 ultra
1274 2397 1368 2427 trium
1387 2407 1474 2427 inen-

799 2443 880 2473 sium
895 2442 1032 2482 spatium
1047 2447 1241 2472 extractam:
1263 2439 1473 2470 secessionem

801 2486 921 2525 quippe
934 2487 1050 2515 tiletum
1069 2490 1144 2514 ante
1161 2484 1235 2514 Kal.
1249 2483 1475 2522 ὃνμῑοιιὼιϊες

803 2529 928 2568 plebem
947 2534 1054 2558 nutem
1081 2538 1142 2557 nnn
1166 2526 1305 2561 rediisse,
1321 2525 1379 2555 nisi
1395 2536 1424 2556 a.
1441 2526 1473 2556 d.

803 2581 845 2601 lv.
879 2572 956 2601 ldua
986 2571 1202 2601 Decembres:
1241 2568 1332 2598 initio
1364 2568 1475 2598 misma

803 2614 896 2644 fuisse
919 2625 938 2643 ιι
961 2619 1073 2643 senatu
1096 2617 1246 2647 ‹initui-es,
1262 2611 1314 2650 qui
1336 2610 1474 2650 impuni-

801 2662 900 2687 tutem
925 2656 1010 2696 plebi
1028 2656 1190 2690 offerrent,
1206 2664 1323 2693 eosque
1343 2653 1476 2684 reiectos

802 2699 917 2729 fuisse:
951 2699 1078 2733 deinde,
1103 2708 1201 2737 quum
1229 2697 1302 2727 novi
1329 2697 1476 2727 consules

808 2743 892 2773 l‘ost.
910 2741 1079 2772 (minimus
1093 2746 1124 2770 et
1141 2742 1196 2779 Sp.
1213 2739 1343 2771 Cnmius
1363 2739 1475 2779 magis-

803 2789 920 2814 tratum
942 2784 1095 2817 iniiment,
1113 2788 1183 2823 punt
1201 2782 1300 2813 varius
1315 2782 1346 2812 in
1363 2787 1476 2813 senatu

803 2827 1039 2861 altereationes,
1065 2826 1195 2856 tandem
1226 2825 1410 2856 convenisse
1440 2830 1476 2857 ut

803 2870 914 2900 decem
939 2869 1032 2906 legati
1058 2869 1260 2899 mitterentur
1279 2868 1320 2899 ad
1347 2868 1475 2908 plebem

804 2923 876 2943 cum
901 2911 1099 2952 amplissima
1124 2916 1301 2952 potestate:
1327 2911 1413 2942 iniis
1429 2912 1476 2943 fu-

805 2955 863 2986 ime
882 2955 1057 2995 Agrippam
1077 2954 1276 2986 Menenium.
1299 2955 1407 2987 Cnnv.
