1934 3211
530 191 657 233 LIB.
691 190 793 233 VII.
836 190 983 233 CAP.
1018 194 1086 234 26.
1423 198 1509 237 425

110 280 360 338 populorum
393 280 643 321 Latinorum
679 279 733 320 ad
768 278 912 320 lucum
945 279 1196 321 Ferentinae
1229 281 1397 323 habita:
1443 298 1509 324 re·
1523 293 1568 324 U.
1585 293 1624 324 C.
1641 291 1715 332 406.

110 352 394 394 sponsumque
416 336 531 377 haud
552 336 798 392 ambiguum
814 336 1119 392 imperantibus
1135 336 1289 378 milites
1306 338 1511 381 Romanis
1523 337 1563 367 A.
1587 336 1626 367 C.
1644 334 1716 375 3⁴⁶·

111 394 269 444 datum,
303 394 578 435 ‘absisterent
605 393 812 449 imperare
840 393 904 443 iis,
926 408 1107 450 quorum
1136 394 1294 436 auxilio
1324 405 1509 451 egerent.

114 456 127 475 ‘
140 450 315 492 Latinos
334 465 411 507 pro
432 465 507 491 sua
525 450 717 491 libertate
738 450 890 506 potius,
914 465 1042 506 quam
1062 466 1140 507 pro
1160 451 1298 492 alieno
1319 452 1510 508 imperio,

112 507 294 549 ‘laturos
320 509 461 549 arma!
520 507 639 549 Inter
662 507 748 548 duo
775 507 900 548 simul
923 507 1034 549 bella
1061 516 1250 558 externa,
1272 508 1511 551 defectione

110 565 236 606 etiam
268 565 476 607 sociorum
509 573 678 606 senatus
710 565 873 615 anxius,
908 580 1041 621 quum
1074 574 1264 606 cerneret
1299 575 1417 607 metu
1449 575 1512 608 te-

108 621 284 671 nendos,
306 638 414 678 quos
433 622 540 663 fides
567 637 654 663 non
683 622 898 672 tenuisset,
920 622 1152 664 extendere
1174 638 1320 664 omnes
1344 623 1511 680 imperii

82 698 94 720 1
109 679 216 721 vires
235 679 428 721 consules
449 679 619 721 delectu
642 678 839 720 habendo
865 679 995 721 iussit.
1061 679 1190 721 Civili
1211 681 1370 737 quippe
1398 689 1511 722 stan-

109 736 212 778 dum
236 737 427 778 exercitu
451 752 554 786 esse,
577 737 748 792 quando
777 736 941 778 socialis
965 746 1110 779 coetus
1130 737 1352 779 desereret.
1417 738 1512 779 Un-
1524 747 1716 778 Scribuntur

108 794 251 850 dique,
286 810 372 836 non
408 795 568 835 urbana
603 802 780 843 tantum,
815 794 890 835 sed
925 795 1053 836 etiarn
1089 795 1240 851 agresti
1276 795 1510 846 iuventute,
1523 791 1636 852 decern
1655 790 1698 820 ¹²·

77 851 258 893 adecem
293 852 479 908 legiones
514 851 691 907 scriptae
727 851 928 892 dicuntur
962 861 1216 908 quaternum
1252 852 1433 894 millium
1469 843 1642 895 etg¹⁰¹¹ffi

78 908 370 955 3ducenorum
419 909 625 966 peditum,
672 909 952 965 equitumque
1003 918 1281 951 trecenorum.
1369 910 1512 959 Quem

108 981 223 1008 nunc
259 982 417 1008 novum
448 967 695 1016 exercitum,
727 966 761 1007 si
798 981 883 1022 qua
917 975 1092 1008 externa
1121 967 1182 1008 vis
1214 967 1395 1023 ingruat,
1432 967 1512 1009 hae

109 1024 218 1065 vires
247 1023 393 1081 populi
427 1024 623 1073 Romani,
646 1039 750 1080 quas
777 1024 847 1065 vix
879 1035 1084 1065 terrarum
1115 1025 1228 1081 capit
1258 1025 1381 1075 orbis,
1412 1041 1513 1067 con-

109 1090 265 1123 tractae
296 1082 341 1122 in
372 1097 503 1122 unum
535 1081 649 1122 haud
673 1081 793 1123 facile
815 1082 1023 1123 efficiant:
1058 1081 1164 1123 adeo
1192 1082 1237 1122 in
1259 1098 1368 1138 quae
1396 1082 1513 1124 labo-

108 1154 248 1180 ramus
280 1139 367 1180 sola
396 1139 615 1188 crevimus,
644 1138 822 1188 divitias,
851 1139 1159 1195 luxuriamque.
1223 1139 1341 1181 Inter
1373 1149 1512 1182 cetera
1525 1152 1618 1182 Alter
1633 1162 1707 1181 con-

109 1196 243 1238 tristia
275 1197 365 1238 eius
396 1197 508 1246 anni,
541 1196 686 1237 consul
720 1196 824 1237 alter
857 1197 941 1252 Ap.
963 1196 1169 1238 Claudius
1204 1197 1248 1237 in
1286 1197 1376 1253 ipso
1412 1195 1573 1239 bellisul
1587 1193 1733 1224 moritur.

108 1263 311 1319 apparatu
353 1254 554 1295 moritur:
603 1253 899 1309 redieruntque
941 1269 1006 1295 res
1046 1253 1099 1294 ad
1138 1253 1395 1304 Camillum3
1443 1256 1509 1296 eui

109 1326 236 1353 unlco
257 1311 432 1360 consuli,
450 1311 513 1352 vel
538 1312 591 1352 ob
612 1311 734 1352 aliam
757 1310 1047 1366 dignationem
1070 1311 1185 1352 haud
1206 1312 1511 1353 subiiciendam

109 1368 355 1419 dictaturae,
385 1368 449 1410 vel
481 1369 535 1410 ob
568 1383 693 1409 omen
730 1368 911 1409 faustum
947 1368 1000 1410 ad
1035 1368 1249 1410 Gallicum
1281 1369 1511 1410 tumultum

109 1427 385 1483 cognominis,
407 1426 655 1467 dictatorem
684 1426 864 1481 arrogari
894 1426 1008 1467 haud
1036 1426 1133 1466 satis
1154 1426 1355 1467 decorum
1376 1427 1512 1467 visum

77 1493 172 1528 4est
193 1484 399 1525 Patribus.
465 1483 640 1533 Consul,
664 1483 826 1524 duabus
858 1483 1095 1538 legionibus
1126 1483 1220 1524 urbi
1250 1484 1511 1539 praepositis,

109 1550 205 1584 octo
231 1557 328 1583 cum
359 1542 407 1582 L.
429 1541 597 1582 Pinario
626 1549 815 1596 praetore
840 1540 994 1590 divisis,
1018 1555 1179 1581 memor
1203 1549 1404 1596 paternae
1429 1541 1511 1581 vir-

110 1599 223 1649 tutis,
249 1599 461 1640 Gallicum
482 1599 560 1639 sibi
586 1597 742 1639 bellum
765 1607 883 1638 extra
907 1607 1059 1638 sortem
1085 1597 1238 1638 sumit:
1272 1607 1510 1653 praetorem
1524 1609 1656 1639 Bellum

109 1657 358 1698 maritimam
388 1671 501 1697 oram
531 1655 668 1704 tutari,
696 1654 966 1710 Graecosque
993 1670 1133 1696 arcere
1162 1654 1353 1696 litoribus
1378 1656 1508 1697 iussit.
1525 1651 1702 1683 Gallicum.

111 1713 180 1764 Et,
203 1729 335 1770 quum
367 1714 411 1754 in
442 1728 588 1768 agrum
614 1712 890 1767 Pomptinum
917 1712 1215 1762 descendisset,
1238 1713 1339 1768 quia
1370 1728 1510 1769 neque

108 1771 153 1812 in
174 1771 332 1827 campis
352 1770 552 1826 congredi
574 1769 689 1810 nulla
709 1779 886 1825 cogente
914 1785 956 1810 re
979 1769 1157 1819 volebat,
1181 1779 1223 1811 et
1244 1770 1511 1826 prohibendo

108 1828 463 1885 populationibus,
498 1842 604 1883 quos
636 1836 754 1883 rapto
785 1827 924 1868 vivere
954 1827 1179 1868 necessitas
1207 1837 1389 1881 cogeret,
1412 1827 1512 1869 satis

108 1885 270 1927 domari
303 1885 500 1927 credebat
533 1885 709 1934 hostem,
739 1884 878 1925 locum
913 1884 1114 1925 idoneum
1147 1882 1308 1926 stativis
1339 1885 1509 1940 delegit.

111 1942 197 1984 Ubi
226 1958 358 1999 quum
386 1942 635 1983 stationibus
657 1942 789 1997 quieti
819 1951 985 1997 tempus
1014 1951 1209 1992 tererent,
1235 1942 1384 1983 Gallus
1414 1958 1511 1998 pro·
1591 1940 1659 1978 26·

109 2001 246 2050 cessit,
288 1999 580 2054 magnitudine
627 2008 754 2054 atquc
801 1999 925 2039 armis
976 1999 1175 2052 insignis:
1230 2000 1510 2055 quatiensque

110 2067 274 2098 scutum
303 2057 432 2104 hasta,
456 2071 588 2111 quum
617 2055 829 2095 silentium
852 2055 1027 2102 fecisset,
1051 2065 1248 2110 provocat
1278 2071 1354 2111 per
1381 2057 1512 2097 inter-

111 2123 271 2170 pretem
299 2128 430 2153 unum
456 2127 508 2153 cx
535 2112 748 2156 Romanis,
771 2111 843 2166 qui
873 2126 1014 2151 secum
1041 2112 1149 2152 ferro
1170 2111 1381 2153 decernat.
1446 2112 1508 2153 M.
1527 2122 1571 2151 M.
1589 2122 1711 2153 Valerii

111 2180 199 2212 crat
222 2170 414 2211 Valerius
448 2169 639 2210 tribunus
673 2168 867 2217 militum,
902 2168 1158 2217 adolescens,
1193 2169 1265 2224 qui
1300 2169 1412 2210 haud
1448 2166 1713 2210 ill-munuum»

112 2228 346 2284 digniorem
381 2243 431 2268 co
463 2226 614 2267 decore
648 2242 704 2275 se,
739 2241 866 2282 quam
901 2225 951 2266 T.
977 2225 1201 2276 Manlium,
1236 2235 1361 2276 ratus,
1396 2207 1684 2282 prius⁵¹¹¹w¹¹³m

1523 2254 1698 2282 certamen.

159 2390 168 2411 ι
196 2381 352 2410 Simulum
376 2380 537 2416 ‹nrcrcitul
581 2379 621 2408 l‘i
648 2389 732 2418 supr.
758 2378 787 2409 6.
835 2380 1043 2408 (msa-nanda
1068 2379 1180 2408 sedulo
1197 2384 1243 2408 ost
1264 2389 1321 2408 vox
1343 2390 1471 2415 novum,
1487 2380 1512 2410 ni

111 2433 154 2454 sc.
185 2423 466 2461 acquiescendum.
512 2423 647 2450 suu—iulis
682 2426 788 2451 coelus
833 2421 904 2459 quis
921 2427 1062 2450 mentem
1084 2421 1162 2451 Lixii
1180 2421 1306 2459 assequi
1326 2421 1410 2451 uelit.
1449 2424 1512 2452 Au-

112 2465 285 2495 concilium
310 2464 481 2498 sociorum,
498 2464 565 2503 ipm
590 2474 707 2502 nempe
732 2464 787 2493 Ln-
833 2470 925 2499 gustu
950 2464 1080 2502 quidem
1111 2464 1301 2502 imperante,
1329 2463 1397 2502 ipso
1427 2464 1514 2502 pacis

113 2507 251 2537 tinorum
270 2506 467 2541 cmnitin,=.1›
493 2506 540 2536 his
563 2506 648 2535 enim
671 2506 786 2536 Roma·
834 2513 991 2544 tempore,
1021 2516 1059 2544 23
1090 2506 1137 2535 xel
1166 2506 1262 2535 etium
1295 2515 1331 2543 25
1362 2506 1513 2543 legiones,

114 2560 171 2579 non
191 2549 304 2579 «lem-ri.
333 2548 474 2579 Dormr.
510 2551 624 2579 (hctus
652 2547 789 2578 uncialis
835 2554 914 2578 leste
932 2549 1049 2581 niuno.
1062 2549 1101 2578 lx.
1118 2558 1173 2587 per
1190 2548 1370 2587 proxim-ins
1384 2559 1512 2587 spumae

113 2590 243 2621 inclusit
262 2591 401 2621 Bekker.
833 2596 933 2620 erunt.
983 2592 1022 2620 At
1044 2592 1110 2620 xult
1131 2590 1251 2626 Lisiun,
1267 2589 1292 2619 si
1318 2601 1400 2619 mun
1423 2601 1511 2621 exer-

158 2643 173 2663 2
203 2636 403 2670 Qmulernmn
436 2634 569 2662 millium
597 2638 627 2662 ct
653 2635 787 2663 ulcu-em»-
833 2633 898 2662 citu
924 2633 954 2662 in
980 2633 1085 2662 mihim
1103 2632 1400 2671 re‹›1·us.·⁴it,luuul
1419 2633 1513 2664 sucile

114 2676 203 2712 rum]
230 2675 365 2714 Quippe
389 2674 450 2704 inm
474 2675 582 2711 viginti
607 2682 638 2704 et
664 2681 786 2713 neptem

115 2719 215 2748 tribus
239 2723 341 2752 crunt,
362 2729 379 2746 e
403 2717 519 2754 quibua
547 2726 604 2754 150
627 2717 790 2746 centuriae

115 2769 199 2798 4050
231 2759 354 2798 pedites
385 2758 588 2788 efficiebant:
629 2759 790 2788 nulium-tis

113 2809 221 2832 mitem
248 2811 305 2839 ¹50
328 2801 569 2831 centurionatum
585 2806 615 2829 et
636 2808 671 2838 75
694 2801 788 2829 vexil-

116 2845 211 2879 lariis,
229 2853 309 2882 4275
335 2843 479 2872 hominos
502 2843 635 2881 ⁸*iugulis
660 2843 787 2879 legioni·

115 2888 173 2917 bus
188 2887 218 2916 in
237 2887 305 2916 acic
322 2887 459 2916 ntulnmt.

158 2939 175 2968 3
204 2932 302 2966 Quem
332 2939 419 2958 num·
449 2939 562 2958 mavum
594 2929 786 2965 cscrciluml

834 2680 958 2704 tuntum
986 2674 1125 2704 militum
1149 2675 1264 2704 armari
1293 2686 1396 2713 posse„
1412 2686 1512 2714 ‹linun-

835 2722 904 2746 tum
933 2722 1010 2747 tunc
1038 2717 1187 2747 consules
1214 2717 1320 2746 »ubit«.
1347 2718 1512 2757 neripwre.

835 2761 943 2788 (Ὶιιιν.

884 2814 899 2838 ⁴
933 2802 1068 2831 [malm-v
1089 2802 1284 2840 lryiunibuxl
1311 2801 1440 2832 Scilicet
1464 2814 1508 2833 se-

835 2843 969 2873 niumm.
989 2848 1121 2876 Hermu
1135 2843 1510 2883 hinquattuol-meinaim

837 2885 975 2922 legit-nen
986 2885 1081 2917 fnium
1096 2886 1297 2917 scrisimiliun
1306 2892 1364 2918 est.
1376 2886 1483 2918 Niehh
1490 2898 1511 2918 r.

836 2937 876 2958 ιιι.
898 2938 926 2966 1».
943 2937 994 2966 «10.
