1934 3211
388 187 472 226 464
909 182 1057 225 TITI
1095 181 1271 223 LIVII

168 284 211 316 U.
230 284 359 323 0415·
387 282 504 315 catus
535 282 610 323 est,
643 274 806 315 hostem
842 274 980 330 potiri,
1011 274 1071 315 fas
1107 289 1190 314 non
1228 281 1314 313 est:
1354 273 1387 312 si
1423 272 1618 328 potiatur,
1652 270 1783 313 Marti

167 327 206 358 A.
231 327 269 358 C.
288 335 359 366 337·
386 330 734 372 suovetaurilibus
770 331 982 387 piaculum
1018 331 1120 373 fieri.
1196 330 1328 380 Haec,
1366 330 1442 370 etsi
1478 329 1613 370 omnis
1650 328 1781 369 divini

240 372 304 410 11·
386 388 645 444 humanique
686 389 813 430 moris
853 388 1055 430 memoria
1094 387 1288 436 abolevit,
1330 401 1438 427 nova
1476 385 1781 442 peregrinaque

386 446 528 487 omnia
547 446 694 502 priscis
716 461 763 487 ac
784 446 929 502 patriis
949 445 1236 501 praeferendo,
1254 444 1368 485 haud
1384 444 1435 485 ab
1451 458 1495 485 re
1512 443 1629 493 duxi,
1646 443 1784 483 verbis

386 518 556 560 quoque
578 503 690 558 ipsis,
714 510 761 543 ut
782 502 936 543 tradita
956 510 1283 558 nuncupataque
1304 510 1414 550 sunt,
1436 500 1601 542 referre.

446 560 650 602 Romanis
670 568 766 615 post
785 559 994 615 proelium
1015 559 1188 599 demum
1208 559 1366 599 factum
1390 557 1599 599 Samnites
1618 556 1782 598 venisse

386 617 585 666 subsidio,
603 624 844 672 exspectato
866 624 1020 656 eventu
1041 630 1221 670 pugnae,
1240 614 1354 670 apud
1370 614 1575 670 quosdam
1592 622 1783 655 auctores

387 674 568 715 invenio.
631 673 794 713 Latinis
825 687 994 727 quoque
1029 672 1079 712 ab
1114 672 1291 712 Lavinio
1324 671 1541 720 auxilium,
1575 671 1678 712 dum
1709 670 1784 712 de-

386 730 602 773 liberando
624 738 765 770 terunt
787 738 966 784 tempus,
988 729 1109 769 victis
1129 728 1303 769 demum
1323 728 1422 768 ferri
1443 736 1654 784 coeptum.
1711 727 1782 777 Et,

387 803 519 843 quum
541 787 624 827 iam
646 786 776 842 portis
801 786 937 842 prima
961 786 1079 841 signa
1100 793 1142 826 et
1161 800 1256 841 pars
1277 784 1456 841 agminis
1477 793 1586 826 esset
1604 799 1782 841 egressa,

386 845 536 885 nuntio
565 843 690 884 allato
724 843 776 884 de
810 843 928 884 clade
958 842 1222 892 Latinorum,
1252 856 1384 898 quum
1417 842 1626 883 conversis
1655 842 1785 897 signis

387 910 498 942 retro
534 901 579 941 in
612 901 760 941 urbem
791 900 1012 949 rediretur,
1044 908 1279 956 praetorem
1315 913 1459 940 eorum
1492 899 1663 940 nomine
1697 898 1784 939 Mi-

386 958 563 999 lionium
580 957 733 998 dixisse
750 957 904 1006 ferunt,
929 963 941 981 ⁶
953 972 1028 1013 pro
1049 956 1236 1013 paullula
1250 957 1317 997 via
1332 971 1527 1012 magnam
1544 955 1785 997 mercedem

388 1023 398 1039 ‘
418 1015 621 1057 Romanis
643 1030 730 1056 esse
753 1014 1022 1056 solvendam’
1072 1014 1159 1063 Qui
1182 1014 1431 1055 Latinorum
1452 1028 1620 1070 pugnae
1641 1027 1785 1069 super-

385 1073 564 1123 fuerant,
588 1072 730 1113 multis
758 1072 978 1113 itineribus
1006 1071 1207 1127 dissipati,
1231 1086 1363 1127 quum
1393 1086 1435 1112 se
1464 1071 1507 1111 in
1530 1085 1663 1111 unum
1684 1085 1787 1111 con-

385 1130 635 1186 globassent,
658 1128 813 1171 Vescia
840 1130 939 1170 urbs
966 1129 1016 1170 iis
1043 1128 1356 1185 receptaculum
1376 1128 1468 1169 fuit.
1530 1127 1598 1169 Ibi
1618 1128 1664 1168 in
1685 1140 1817 1169 con-4

387 1188 488 1229 siliis
514 1187 735 1229 Numisius
765 1187 992 1243 imperator
1022 1194 1180 1235 eorum,
1210 1185 1455 1227 affirmando
1487 1190 1499 1209 ‘
1514 1193 1816 1226 communem5

389 1251 399 1268 ‘
416 1260 511 1286 vere
531 1244 716 1286 Martem
736 1244 837 1286 belli
857 1252 1079 1300 utramque
1102 1243 1235 1285 aciem
1251 1243 1341 1300 pari
1357 1242 1485 1284 caede
1503 1241 1784 1298 prostravisse,

389 1308 400 1325 ‘
417 1303 700 1358 victoriaeque
723 1317 880 1343 nomen
901 1310 1064 1342 tantum
1086 1316 1216 1357 penes
1238 1301 1454 1342 Romanos
1475 1314 1578 1349 esse,
1601 1307 1785 1340 ceteram
1798 1304 1819 1336 6

386 1364 401 1383 ἴ
416 1375 492 1416 pro
513 1360 633 1400 victis
654 1359 863 1400 fortunam
885 1368 927 1400 ct
948 1358 1040 1400 illos
1064 1373 1208 1415 gerere
1227 1374 1236 1399 ε
1269 1358 1436 1399 funesta
1456 1357 1541 1398 duo
1566 1356 1786 1398 consulum

390 1422 401 1440 ‘
417 1417 635 1473 praetoria,
658 1416 836 1457 alterum
867 1416 1091 1472 parricidio
1116 1416 1206 1465 filii,
1233 1415 1411 1456 alterum
1439 1413 1622 1456 consulis
1643 1413 1786 1455 devoti

390 1480 401 1497 ‘
417 1474 572 1523 caede3
621 1473 878 1515 trucidatum
915 1473 1147 1515 exercitum
1183 1487 1381 1522 omnem3
1429 1486 1569 1513 caesos
1603 1471 1788 1512 hastatos

390 1536 402 1554 ⁶
417 1531 736 1586 principesque3
770 1539 949 1587 stragem
971 1539 1014 1572 et
1035 1539 1132 1572 ante
1154 1530 1273 1586 signa
1293 1538 1336 1571 et
1355 1538 1449 1586 post
1470 1529 1590 1586 signa
1608 1528 1785 1577 factam3

391 1593 403 1611 ‘
419 1587 580 1628 triarios
604 1596 814 1642 postremo
840 1603 928 1628 rem
954 1588 1195 1629 restituisse.
1258 1587 1509 1628 Latinorum
1530 1586 1608 1628 etsi
1632 1585 1789 1642 pariter

392 1650 403 1668 ‘
419 1644 576 1685 accisae
608 1644 752 1699 copiae
785 1644 880 1693 sint,
904 1654 1045 1685 tamen
1076 1645 1370 1700 supplemento
1397 1644 1465 1685 vel
1490 1644 1662 1685 Latium
1691 1657 1791 1699 pro-

392 1707 403 1725 ‘
419 1702 512 1757 pius
534 1716 635 1750 esse,
657 1700 724 1742 vel
746 1700 933 1750 Volscos,
957 1716 1084 1756 quam
1109 1701 1300 1742 Romam.
1355 1701 1518 1756 Itaque,
1541 1700 1576 1740 si
1595 1699 1789 1741 videatur

392 1764 404 1782 ‘
420 1759 483 1809 iis,
506 1774 562 1808 se,
586 1773 639 1799 ex
660 1757 825 1798 Latinis
847 1766 889 1798 et
914 1773 967 1798 ex
989 1757 1151 1798 Volscis
1176 1757 1343 1813 populis
1367 1757 1585 1798 iuventute
1610 1770 1788 1812 propere

393 1816 571 1865 ‘excita,
594 1815 828 1856 rediturum
858 1815 1009 1856 infesto
1040 1815 1230 1855 exercitu
1257 1814 1449 1870 Capuam
1481 1829 1596 1863 esse3
1631 1813 1790 1855 Roma-

394 1879 406 1897 ‘
422 1888 596 1929 nosque,
614 1872 720 1912 nihil
736 1880 826 1912 tum
843 1872 981 1912 minus
998 1887 1124 1927 quam
1140 1871 1348 1928 proelium
1365 1879 1668 1927 exspectantes,
1690 1885 1790 1911 nec-

175 1940 309 1971 Novum
329 1935 407 1969 ex-‘
424 1930 594 1986 opinato
630 1929 815 1970 adventu
849 1929 1164 1985 pemulsurum?
1243 1928 1476 1970 Fallacibus
1512 1928 1643 1969 literis
1680 1927 1792 1968 circa

175 1983 320 2054 ereitunzo
397 1987 568 2029 Latium
603 2001 845 2042 nomenque
874 1985 1076 2027 Volscum
1105 1986 1252 2035 missis,
1283 1986 1394 2041 quia,
1431 1985 1505 2041 qui
1539 2000 1627 2026 non
1661 1985 1791 2025 inter-

176 2035 297 2098 ἷᾞῗξῗ
322 2027 379 2055 unt
395 2045 561 2086 fuerant
588 2058 769 2100 pugnae,
793 2043 845 2083 ad
874 2043 1132 2084 credendum
1161 2051 1317 2084 temere
1342 2042 1547 2084 faciliores
1571 2050 1703 2092 erant,
1724 2049 1792 2083 tu-

396 2101 645 2142 multuarius
667 2100 856 2156 undique
879 2100 1088 2141 exercitus
1109 2100 1261 2157 raptim
1289 2100 1549 2156 conscriptus
1581 2099 1790 2141 convenit.

397 2158 513 2200 Huic
544 2158 701 2215 agmini
727 2158 967 2214 Torquatus
998 2157 1144 2199 consul
1174 2157 1227 2199 ad
1255 2157 1476 2199 Trifanum
1506 2157 1638 2213 (inter
1667 2156 1791 2198 Sinu-

397 2231 529 2257 essam
552 2216 878 2270 Minturnasque
908 2215 942 2255 is
973 2215 1088 2256 locus
1124 2214 1206 2270 est)
1242 2215 1432 2256 occurrit.
1495 2214 1632 2264 Prius,
1664 2228 1793 2270 quam

397 2274 538 2315 castris
566 2273 682 2314 locus
710 2281 941 2329 caperetur,
963 2272 1133 2313 sarcinis
1158 2272 1370 2328 utrimque
1399 2272 1444 2312 in
1472 2286 1668 2313 acervum
1693 2285 1794 2312 con-

399 2331 530 2381 iectis,
551 2338 787 2387 pugnatum
809 2329 1150 2385 debellatumque
1173 2338 1260 2371 est:
1284 2330 1390 2371 adeo
1411 2329 1525 2370 enim
1545 2329 1703 2370 accisae
1727 2342 1794 2369 res

180 2391 305 2438 Rursus
396 2396 506 2438 sunt,
529 2397 576 2429 ut
597 2387 770 2437 consuli,
788 2387 990 2428 victorem
1011 2387 1244 2428 exercitum
1266 2387 1318 2428 ad
1335 2385 1654 2443 depopulandos
1674 2399 1794 2441 agros

180 2437 260 2505 ὲΐζζ
272 2434 324 2505 (ἐξ
397 2454 543 2487 eorum
574 2445 760 2494 ducenti,
786 2444 993 2485 dederent
1023 2459 1065 2484 se
1097 2459 1242 2485 omnes
1268 2444 1424 2493 Latini,
1447 2443 1793 2498 deditionemque

313 2497 323 2507 ’
398 2518 491 2543 eam
515 2501 723 2557 Campani
752 2509 1040 2557 sequerentur.
1103 2501 1275 2542 Latium
1299 2500 1531 2556 Capuaque
1560 2515 1659 2556 agro
1686 2498 1795 2540 mul-

400 2560 485 2601 tati.
548 2559 727 2600 Latinus
757 2573 868 2614 ager,
900 2558 1137 2599 Privernati
1173 2557 1316 2598 addito
1352 2572 1465 2613 agro,
1498 2566 1542 2598 et
1578 2556 1794 2606 Falernus,

443 2722 461 2749 4
492 2711 601 2742 Vescia
617 2710 710 2747 urbs]
739 2709 828 2739 Hod.
844 2710 947 2739 Sama
964 2709 1073 2747 Ayattz
1118 2707 1158 2738 rit
1174 2707 1245 2738 infr.
1263 2707 1350 2738 xxvi.
1372 2717 1418 2739 12.
1442 2708 1549 2739 szv.

399 2754 431 2782 ‹Iz'
449 2754 532 2783 Goti.
559 2752 694 2782 Niebhr.
712 2751 755 2781 iii.
772 2762 803 2782 n.
818 2761 833 2781 2
839 2759 855 2790 5
861 2760 888 2790 3.
1161 2749 1180 2781 6
1204 2751 1349 2782 Ceteram
1372 2761 1435 2790 pro
1460 2752 1552 2782 victis
1568 2751 1742 2790 fortunam
1763 2752 1794 2780 et

451 2803 466 2832 5
495 2795 683 2832 Numisius]
740 2793 970 2824 Nominativus
999 2803 1075 2832 quo·
1119 2793 1189 2824 illos
1208 2794 1337 2833 yerere]
1368 2793 1518 2824 Ceteram
1544 2793 1675 2823 illorum
1697 2792 1797 2822 fortu-

402 2836 575 2865 dammodo
614 2837 769 2875 pendens,
801 2845 906 2874 neque
944 2836 1075 2865 verbum
1120 2845 1195 2866 nam
1217 2836 1316 2866 talem
1339 2845 1418 2872 esse,
1434 2839 1469 2866 ut
1491 2839 1523 2867 et
1541 2835 1602 2876 ipsi
1623 2844 1681 2874 pro
1705 2831 1796 2864 victis

403 2877 486 2906 finiti
523 2878 622 2913 modi,
660 2878 711 2908 cui
750 2878 916 2913 innitatur,
945 2878 1076 2908 habens.
1121 2877 1231 2908 haberi
1248 2878 1397 2909 debeant.

402 2918 515 2948 Simile
531 2919 627 2956 plane
644 2920 831 2957 exemplum
848 2930 954 2950 rursus
969 2930 1075 2949 occur·
