1934 3211
183 294 228 368 pp:

246 294 285 369 φφ

301 305 340 377 01,

345 294 374 369 9151

401 195 484 237 476
916 195 1065 237 ΤΙΤΙ
1102 195 1283 237 LIVII

403 284 604 350 quodque
630 287 735 327 aeris
756 302 810 328 ex
831 287 880 327 iis
911 287 1129 328 redactum
1151 296 1225 337 est,
1249 302 1302 328 ex
1324 302 1374 328 eo
1396 286 1516 328 aenei
1545 286 1666 327 orbes
1685 286 1800 336 facti,

401 343 527 398 positi
558 358 603 384 111
623 343 773 385 sacello
807 344 932 385 Sanci
952 360 1094 386 velsus
1125 345 1274 386 aedem
1309 344 1490 393 Quirini.
1554 343 1622 385 De
1653 352 1802 385 senatu

402 400 646 441 Privernate
688 402 747 442 ita
787 402 1017 451 decretum,
1060 410 1118 451 ut,
1162 402 1236 466 qui
1276 410 1441 443 senator
1480 401 1674 442 Piiverni
1708 410 1803 456 post

401 457 681 499 defectionem
722 460 773 499 ab
818 459 1022 500 Romanis
1058 460 1288 509 mansisset,
1327 468 1440 500 trans
1477 459 1668 500 Tiberim
1707 457 1801 514 lege

402 515 563 564 eadem,
580 531 664 571 qua
676 514 899 566 Veliterni,
923 516 1142 557 habitaret.
1207 516 1287 556 His
1303 517 1361 557 ita
1382 516 1573 565 decretis,
1592 530 1725 571 usque
1748 514 1803 555 ad

402 572 666 628 triumphum
697 572 851 613 Plautii
890 572 1104 613 silentium
1135 574 1187 613 de
1219 573 1534 614 Privernatibus
1563 573 1665 614 fuit:
1709 580 1803 628 post

404 630 666 686 triumphum
697 629 854 679 00115111,
887 638 1037 670 necato
1072 630 1263 670 Vitruvio
1291 630 1497 686 sociisque
1532 631 1620 671 eius
1651 645 1801 680 noxae,

404 687 517 742 apud
538 687 705 727 satiatos
720 687 803 727 iam
824 687 1038 742 suppliciis
1055 687 1300 727 nocentium
1322 695 1456 727 tutam
1471 687 1731 728 mentionem
1748 687 1801 727 de

186 754 261 784 Cos.
279 753 374 782 refert
404 743 718 785 Privernatibus
731 758 751 783 1
752 753 861 792 atus3
897 749 908 766 ⁶
928 744 1141 791 Quoniam
1156 752 1345 785 auctores
1362 744 1634 793 defectionis,’
1650 744 1801 799 inquit,

185 796 226 825 ad
244 799 391 825 senatum
406 801 597 841 ‘meiitas
625 815 782 856 poenas
805 809 847 841 et
877 801 928 842 ab
951 801 1030 841 diis
1052 801 1355 842 immortalibus
1377 809 1419 842 et
1450 816 1474 842 a
1493 801 1610 842 vobis
1631 801 1801 850 habent,

187 839 227 868 de
245 838 318 868 Ρ111
323 848 368 868 01-

185 881 324 911 natibus,

258 1155 324 1192 21.

190 1210 384 1240 Privernatis

187 1253 284 1293 legati
301 1264 347 1284 re-

189 1307 306 1336 sponsa
320 1297 363 1327 fe-

188 1340 283 1371 rocia.

405 864 416 881 ⁶
430 858 576 898 Patres
593 858 832 914 conscripti,
848 858 952 914 quid
972 858 1014 915 pl
1019 867 1110 900 acet
1126 859 1206 900 (10
1196 859 1371 900 innoxia
1392 858 1664 899 multitudine
1681 858 1794 900 fieri.
1784 859 1803 889 ‘³

405 920 416 938 ⁶
431 914 656 971 Equidem,
680 916 757 956 etsi
779 931 897 957 meae
919 924 1057 972 partes
1082 916 1369 972 exquirendae
1392 916 1524 972 magis
1554 916 1801 966 sententiae,

405 978 557 1053 ‘quam
599 973 762 1014 dandae
797 982 921 1022 sunt3
967 983 1120 1023 tamen,
1154 989 1286 1029 quum
1318 974 1498 1039 videam,
1536 973 1804 1014 Privernates

405 1030 588 1070 ‘vicinos
613 1030 871 1071 Samnitibus
892 1046 993 1096 csse,
1013 1031 1126 1072 unde
1148 1047 1262 1073 1111110
1284 1031 1403 1072 nobis
1425 1031 1700 1072 incertissima
1719 1045 1803 1087 pax

405 1093 517 1136 ‘est3
551 1103 679 1143 quam
707 1088 931 1129 minimum
968 1089 1122 1129 ilarum
1156 1089 1266 1130 inter
1295 1104 1371 1130 nos
1400 1088 1590 1145 illosque,
1619 1088 1804 1144 relinqui

406 1151 417 1168 ⁶
433 1145 586 1186 velim?
649 1145 828 1194 Quum
818 1161 907 1202 lpsa
919 1161 995 1202 per
1015 1161 1057 1187 se
1072 1161 1136 1187 res
1152 1161 1305 1202 anceps
1326 1154 1446 1195 esset,
1461 1154 1585 1202 prout
1598 1146 1802 1201 cuiusque

406 1202 624 1258 ingenium
657 1212 757 1253 erat,
785 1204 965 1245 atrocius
996 1204 1188 1245 mitiusve
1218 1203 1513 1252 suadentibus3
1546 1211 1637 1244 tum
1667 1203 1804 1244 incer-

408 1260 512 1301 tiora
532 1260 674 1302 omnia
694 1276 803 1301 unus
834 1277 887 1302 ex
909 1260 1223 1302 Privernatibus
1251 1261 1396 1317 legatis
1416 1261 1529 1310 fecit,
1552 1260 1683 1316 magis
1703 1275 1835 1310 con-4

406 1318 590 1368 ditionis,
620 1318 665 1358 in
696 1334 780 1373 qua
810 1326 931 1359 natus
960 1327 1080 1368 esset,
1114 1334 1239 1374 quam
1271 1318 1501 1374 praesentis
1532 1317 1802 1368 necessitatis,

405 1390 587 1416 memor:
632 1375 718 1431 qui,
751 1375 1030 1431 interrogatus
1067 1391 1090 1416 a
1120 1376 1305 1431 quodam
1342 1375 1533 1416 tristioris
1568 1374 1803 1416 sententiae

406 1438 617 1482 auctore,⁶
626 1447 751 1488 quam
766 1447 946 1488 poenam
962 1433 1132 1474 meritos
1146 1433 1412 1474 Privernates
1426 1432 1644 1473 censeret?
1671 1432 1805 1482 Eam,’

406 1489 557 1543 inquit,
586 1496 740 1545 ‘quam
772 1499 999 1540 merentur,
1031 1491 1103 1546 qui
1135 1505 1178 1531 se
1209 1490 1400 1531 libertate
1429 1490 1580 1546 dignos
1605 1490 1806 1531 censent.'

410 1545 545 1586 Cuius
567 1562 699 1601 quum
711 1547 839 1587 feroci
861 1562 1060 1603 iesponso
1082 1548 1315 1588 infestiores
1329 1547 1458 1588 factos
1480 1547 1642 1588 videret
1657 1547 1804 1588 consul

406 1617 490 1651 005,
514 1603 587 1657 qui
618 1612 713 1643 ante
745 1603 1055 1645 Privernatium
1078 1620 1245 1645 causam
1275 1605 1603 1660 impugnabantj.
1637 1613 1684 1645 ut
1714 1604 1802 1660 ipse

406 1660 590 1725 beniona
610 1660 935 1714 interrogatione
958 1662 1101 1702 mitius
1123 1677 1368 1717 responsum
1389 1662 1571 1710 eliceret,
1592 1667 1604 1685 ⁶
1620 1661 1750 1711 Quid,
1769 1661 1804 1702 si

407 1717 1146 1772 δ’1)001101111ξ11101111,(101111111111115
1175 1719 1305 1767 vobis,
1339 1718 1507 1773 qualem
1544 1733 1620 1758 nos
1654 1733 1802 1773 pacem

407 1779 419 1797 ⁶
434 1774 650 1815 vobiscum
663 1773 877 1815 habituros
894 1776 1137 1830 speremus?
1172 1774 1215 1816 Si
1232 1776 1385 1815 bonam
1407 1775 1633 1823 dede1·itis,’
1649 1775 1801 1830 inquit,

408 1836 419 1854 ⁶
433 1839 475 1871 et
490 1831 632 1880 fidam,
651 1840 694 1872 et
709 1840 978 1887 perpetuam:
1007 1832 1040 1872 si
1057 1831 1221 1881 malam,
1238 1832 1353 1872 haud
1369 1832 1638 1873 diutumam.’
1689 1832 1802 1872 Tum
1816 1848 1834 1880 5

407 1903 506 1929 vero
537 1889 699 1938 minari,
722 1904 801 1929 nec
832 1889 873 1929 id
904 1889 1112 1944 ambigue,
1135 1889 1423 1930 Privernatem
1446 1889 1631 1945 quidam,
1654 1898 1696 1930 et
1721 1889 1804 1930 illis

406 1946 577 1986 vocibus
618 1945 671 1986 ad
710 1945 1000 1986 rebellandum
1042 1946 1207 1986 incitari
1247 1955 1414 2002 pacatos
1453 1945 1655 2002 populos:
1708 1961 1803 2002 pars

407 2002 556 2043 melior
587 2010 755 2043 senatus
788 2002 841 2042 ad
874 2002 1048 2043 meliora
1082 2018 1328 2058 responsum
1362 2003 1540 2051 trahere,
1572 2012 1615 2044 et
1647 2003 1802 2053 dicere,

408 2065 420 2082 ⁶
441 2058 542 2108 Viri,
575 2068 618 2100 et
648 2059 782 2109 liberi,
814 2075 959 2100 vocem
991 2059 1189 2100 auditam.
1254 2060 1327 2100 An
1358 2060 1473 2101 credi
1503 2075 1636 2116 posse,
1669 2060 1803 2101 ullum

409 2122 419 2139 ⁶
436 2116 652 2172 populum,
676 2125 748 2157 aut
777 2116 992 2157 hominem
1024 2117 1222 2172 denique,
1251 2117 1296 2157 in
1327 2133 1376 2158 ea
1407 2117 1661 2167 conditione,
1684 2117 1804 2158 cuius

408 2180 419 2197 ⁶
436 2188 533 2214 eum
554 2174 782 2230 poeniteat,
805 2173 976 2223 diutius,
1000 2189 1127 2230 quam
1155 2190 1323 2215 necesse
1345 2175 1410 2223 sit,
1433 2175 1706 2215 mansurum?
1737 2174 1803 2215 Ibi

408 2237 582 2286 ‘pacem
613 2246 700 2272 esse
732 2231 874 2281 fidam,
906 2231 979 2272 ubi
1009 2231 1234 2272 voluntarii
1263 2232 1401 2287 pacati
1431 2232 1538 2280 sint3
1580 2246 1720 2287 neque
1752 2246 1803 2272 eo

407 2294 418 2311 ⁶
434 2288 538 2337 1000,
557 2288 630 2328 ubi
646 2289 890 2329 servitutem
911 2303 999 2329 0550
1016 2288 1159 2337 velint,
1178 2288 1307 2329 fidem
1321 2288 1568 2344 sperandam
1589 2289 1708 2329 esse?
1749 2288 1803 2329 In

406 2345 514 2385 hanc
551 2346 802 2385 sententiam
843 2345 1025 2385 maxime
1061 2345 1206 2385 00115111
1247 2345 1335 2401 ipse
1371 2345 1587 2386 inclinavit
1627 2345 1801 2394 animos,

406 2401 639 2442 identidem
653 2401 707 2442 ad
723 2400 933 2457 principes
946 2402 1248 2442 sententiarum
1265 2402 1515 2452 consulares,
1532 2401 1595 2443 uti
1611 2401 1801 2443 exaudiri
1814 2407 1836 2440 6

407 2505 512 2535 Sanco
536 2504 604 2535 iure
627 2504 751 2544 optimo
774 2503 937 2535 vindicata
955 2508 1013 2541 est,
1029 2515 1081 2544 ap.
1127 2505 1232 2544 priore
1255 2506 1341 2535 bello
1368 2505 1504 2535 liberum
1527 2504 1610 2534 illud
1636 2503 1732 2543 legati
1755 2514 1802 2535 re-

408 2546 531 2577 Venut.
547 2547 680 2577 Antich.
698 2546 730 2576 di
747 2547 855 2577 Roma
870 2546 901 2577 ii.
919 2557 950 2586 p.
972 2547 1039 2585 178.
1127 2557 1279 2586 sponsum
1295 2551 1411 2577 narrat.
1435 2548 1475 2576 A.
1492 2547 1616 2576 ΜΑΙΟΞ.

450 2601 469 2627 4
490 2590 581 2620 Unus
596 2600 636 2620 ea·
650 2589 919 2626 Privernatibus]
948 2589 1082 2627 Duplex
1170 2597 1186 2628 5
1215 2590 1293 2619 Tum
1309 2590 1399 2626 vero]
1427 2588 1513 2618 Tota
1535 2588 1595 2618 hac
1619 2587 1802 2618 narratione

406 2631 531 2661 bellum
548 2631 717 2661 Privernas
740 2635 845 2661 exstat
865 2641 918 2670 ap.
941 2631 1082 2669 Livium,
1127 2631 1305 2670 Dionysius
1320 2630 1485 2669 insigniter
1496 2640 1515 2660 a
1528 2629 1620 2660 Livio
1631 2630 1801 2669 discrepat,

408 2683 509 2703 unum
526 2683 611 2712 supr.
628 2673 680 2704 vii.
701 2672 747 2704 16.
761 2674 899 2703 alterum
915 2673 947 2703 h.
964 2674 984 2703 1.
1003 2683 1083 2712 19-
1127 2673 1165 2703 cf.
1181 2673 1261 2703 Exc.
1275 2673 1349 2702 Vat.
1361 2672 1416 2703 xii.
1431 2682 1480 2712 33.
1497 2672 1619 2711 quippe
1635 2672 1690 2711 qui
1705 2676 1800 2712 neget

409 2724 459 2746 21.
485 2715 557 2745 Iam
569 2725 642 2745 vero
658 2715 818 2746 consentit
832 2715 897 2745 Dio
912 2715 993 2746 Exc.
1005 2715 1082 2745 vat.
1129 2715 1319 2745 Privernum
1341 2725 1360 2745 a
1379 2715 1510 2745 consule
1526 2714 1650 2745 Marcio
1667 2718 1800 2753 captum

411 2766 459 2794 31.
477 2767 550 2787 cum
570 2757 673 2795 Livio,
691 2757 746 2796 qui
769 2758 802 2787 in
824 2757 887 2787 hoc
909 2757 1084 2796 posteriore
1128 2757 1236 2795 fuisse,
1251 2761 1287 2787 ut
1306 2767 1392 2797 supr.
1411 2756 1463 2789 vii.
1483 2755 1530 2788 16.
1554 2756 1594 2788 cf.
1612 2756 1688 2788 Val.
1707 2756 1801 2787 Max.

410 2798 494 2828 bello
513 2809 585 2829 eam
607 2799 779 2830 lectionem
796 2799 900 2839 ponit,
915 2810 1011 2838 quam
1027 2810 1081 2829 au-
1126 2799 1167 2830 vi.
1186 2810 1212 2831 2.

409 2839 518 2869 dacter
533 2842 621 2880 apud
637 2842 804 2872 Romanos
820 2843 947 2872 locutus
967 2846 1014 2872 est
1038 2842 1082 2872 10-
1169 2840 1188 2872 6
1211 2843 1385 2881 Principes
1405 2842 1655 2879 sententiarum]
1684 2849 1725 2870 sc.
1743 2839 1798 2869 Se-

407 2884 501 2917 gatus
511 2882 689 2914 Privernas.
720 2884 880 2914 Dissentit
896 2894 970 2914 vero
983 2884 1083 2914 Dion.
1126 2887 1252 2914 natores
1270 2884 1464 2920 consulares,
1478 2883 1532 2922 qm·
1555 2882 1649 2922 primi
1671 2884 1798 2912 senten-

409 2921 442 2950 in
469 2922 615 2955 Ambros.
644 2925 770 2964 Fragm.
798 2926 862 2957 xiv.
891 2936 941 2965 23,
969 2926 1023 2965 qui
1049 2926 1081 2956 in
1126 2926 1204 2956 tiam
1220 2925 1320 2964 rogati
1337 2929 1369 2955 ct
1384 2926 1544 2956 dicebant.
