1934 3211
151 253 196 284 U.
215 254 252 285 C.
271 265 343 293 444.

153 297 190 327 Α.
215 297 252 328 C.
272 299 345 337 308.

151 366 272 406 Ingens
290 366 332 396 E-

149 412 329 438 truscorum

151 451 312 481 exercitus

150 493 322 533 colligitur.

151 1973 278 2004 Etrusci
294 1984 349 2014 op-

151 2027 249 2056 press1
266 2027 296 2047 m

152 2060 270 2091 castris.

374 157 458 196 542
899 153 1050 197 TITI
1084 154 1267 197 LIVII

370 245 575 301 fiigatum,
591 244 762 287 bellum.
825 244 1119 287 Vastationem
1133 261 1317 302 namque
1331 245 1408 288 sub
1428 244 1606 287 Ciminii
1620 244 1776 287 montis

371 302 582 344 radicibus
612 303 753 344 iacens
786 318 859 344 ora
893 312 1092 354 senserat,
1124 304 1448 360 conciveratque
1482 303 1774 360 indignatione

371 375 457 401 non
473 360 667 402 Etruriae
689 360 816 402 modo
832 360 1023 417 populos,
1039 361 1114 402 sed
1138 361 1341 402 Umbriae
1355 361 1546 402 finitima.
1610 360 1773 416 Itaque,

372 426 555 474 quantus
586 433 672 459 non
702 433 891 474 unquam
922 427 1058 468 antea,
1082 419 1293 460 exercitus
1323 418 1378 459 ad
1412 418 1601 460 Sutrium
1631 418 1772 459 venit:

370 490 510 532 neque
532 491 554 516 e
577 475 689 516 silvis
711 475 1003 516 tantummodo
1025 485 1216 531 promota
1236 484 1380 525 castra,
1399 475 1473 517 sed
1494 475 1621 517 etiam
1643 474 1776 516 avidi-

370 540 456 574 tate
497 532 728 573 dimicandi
769 547 896 588 quam
937 533 1121 587 primum
1161 533 1206 573 in
1247 547 1415 588 campos
1455 533 1595 574 delata
1635 532 1770 574 acies:

370 589 525 630 deinde
552 591 756 630 instructa
785 590 922 645 primo
951 604 1026 630 suo
1058 598 1165 630 stare
1196 589 1302 639 loco,
1331 589 1475 631 relicto
1498 590 1689 631 hostibus
1720 589 1774 630 ad

370 647 665 688 instruendum
714 655 860 687 contra
903 647 1061 702 spatio:
1114 646 1228 696 dein,
1269 655 1493 702 postquam
1541 647 1773 688 detrectare

369 704 534 745 hostem
548 718 713 744 sensere
730 718 931 759 pugnam,
950 703 1004 744 ad
1019 703 1173 744 vallum
1189 704 1383 744 subeunt.
1447 703 1534 745 Ubi
1550 712 1774 760 postquam

369 762 568 802 stationes
591 776 760 816 quoque
782 769 971 816 receptas
993 761 1103 801 intra
1124 761 1388 802 munimenta
1417 775 1596 811 sensere,
1618 761 1779 802 clamor*

369 826 543 873 repente
566 818 677 858 circa
697 818 825 858 duces
849 826 976 867 ortus,
1000 826 1048 858 ut
1080 824 1091 841 ⁶
1108 833 1157 859 eo
1179 818 1257 859 sibi
1288 833 1311 858 e
1334 817 1478 859 castris
1508 818 1664 859 cibaria
1684 819 1774 860 eius

372 875 485 916 ‘diei
517 875 687 916 deferri'
723 876 940 924 iuberent3
986 881 1231 916 ‘mansuros
1267 890 1310 916 se
1343 876 1420 916 sub
1452 875 1590 925 armis,
1625 883 1670 916 et
1702 884 1775 917 aut

371 938 536 982 ‘nocte,
574 941 647 973 aut
686 941 798 974 certe
841 932 934 973 luce
968 933 1104 989 prima
1144 941 1277 974 castra
1308 932 1494 973 hostium
1534 932 1774 974 invasuros)

371 990 520 1031 Nihilo
535 991 719 1046 quietior
733 990 953 1031 Romanus
967 990 1177 1031 exercitus
1194 990 1370 1046 imperio
1384 990 1503 1031 ducis
1517 991 1771 1032 continetur.

369 1047 551 1088 Decima
586 1057 675 1088 erat
710 1047 795 1089 fere
832 1047 917 1088 diei
950 1047 1063 1097 hora,
1099 1063 1231 1103 quum
1265 1048 1406 1089 cibum
1443 1063 1591 1104 capere
1627 1047 1775 1089 consul

368 1105 522 1146 milites
554 1105 694 1154 iubet3
727 1105 944 1161 praecipit,
967 1114 1015 1146 ut
1046 1105 1090 1145 in
1121 1105 1245 1146 armis
1276 1105 1371 1154 sint,
1403 1120 1656 1161 quacunque
1687 1105 1774 1146 diei

368 1163 554 1203 noctisve
586 1163 689 1203 hora
721 1163 888 1219 signum
922 1162 1098 1203 dederit.
1161 1162 1312 1203 Paucis
1345 1162 1499 1203 milites
1532 1162 1770 1218 alloquitur,

372 1219 626 1261 Samnitium
662 1220 773 1261 bella
807 1220 984 1270 extollit,
1018 1220 1153 1261 elevat
1190 1220 1415 1261 Etruscos:
1462 1225 1568 1261 ‘nec
1608 1219 1805 1267 hostem9

370 1277 518 1327 ‘hosti,
553 1293 631 1319 nec
673 1278 990 1319 multitudinem
1033 1277 1296 1318 multitudini
1336 1276 1680 1334 comparandam’
1715 1277 1774 1319 ait

370 1340 382 1358 ‘
398 1350 498 1377 esse.
562 1335 788 1376 Praeterea
802 1335 933 1376 telum
950 1335 1065 1376 aliud
1082 1335 1295 1376 occultum
1311 1335 1486 1376 scituros
1499 1335 1544 1376 in
1561 1343 1769 1391 tempore:

371 1392 559 1434 ‘interea
581 1393 709 1434 taceri
732 1408 836 1449 opus
857 1394 972 1434 esse.'
1034 1392 1115 1433 His
1144 1393 1388 1449 ambagibus
1408 1392 1531 1449 prodi
1551 1392 1773 1434 simulabat

368 1449 521 1500 hostes,
546 1466 630 1506 quo
653 1451 817 1492 animus
838 1451 1021 1492 militum
1042 1450 1314 1505 multitudine
1341 1450 1510 1492 territus
1530 1450 1773 1491 restituere-

368 1515 459 1548 tur:
503 1517 557 1557 et,
596 1508 712 1563 quod
747 1509 836 1549 sine
874 1509 1139 1549 munimento
1175 1508 1466 1558 consederant,
1503 1507 1772 1549 verisimilius

371 1573 472 1614 erat,
501 1565 616 1620 quod
644 1565 928 1606 simulabatur.
995 1566 1140 1606 Curati
1173 1566 1267 1606 cibo
1295 1580 1469 1622 corpora
1497 1565 1630 1622 quieti
1655 1565 1771 1616 dant,

369 1630 412 1662 ct
442 1630 590 1677 quarta
619 1622 704 1662 fere
727 1622 869 1678 vigilia
899 1623 988 1663 sine
1021 1622 1208 1663 tumultu
1238 1623 1411 1664 excitati
1442 1638 1556 1664 arma
1585 1622 1769 1678 capiunt.

369 1678 579 1720 Dolabrae
609 1679 825 1720 calonibus
853 1679 1101 1720 dividuntur
1125 1679 1178 1720 ad
1199 1680 1354 1720 vallum
1379 1679 1668 1735 proruendum
1689 1679 1772 1720 fos-

369 1751 517 1792 sasque
548 1736 806 1792 implendas:
846 1737 956 1777 intra
986 1736 1251 1777 munimenta
1280 1737 1501 1778 instruitur
1530 1736 1662 1778 acies:
1697 1736 1772 1778 de-

368 1793 500 1834 lectae
542 1793 734 1835 cohortes
775 1794 829 1834 ad
868 1803 1082 1850 portarum
1124 1794 1263 1835 exitus
1304 1794 1572 1835 collocantur.
1655 1793 1770 1836 Dato

369 1850 524 1892 deinde
561 1851 694 1907 signo·
721 1851 863 1907 paullo
900 1860 996 1892 ante
1032 1851 1184 1901 lucem,
1222 1851 1339 1908 quod
1374 1851 1540 1893 aestivis
1575 1851 1770 1893 noctibus

370 1909 529 1964 sopitae
561 1909 743 1949 maxime
780 1909 933 1964 quietis
974 1917 1139 1964 tempus
1175 1917 1249 1959 est,
1283 1917 1456 1964 proruto
1486 1908 1595 1950 vallo
1631 1909 1771 1965 erupit

370 1966 502 2007 acies:
536 1974 684 2006 stratos
703 1966 857 2022 passim
887 1965 1049 2007 invadit
1069 1967 1232 2007 hostes:
1266 1966 1368 2007 alios
1398 1965 1646 2016 immobileS,
1669 1965 1770 2008 alios

370 2023 643 2064 semisomnos
674 2023 717 2063 in
749 2023 955 2064 cubilibus
986 2023 1082 2073 suis,
1115 2023 1343 2064 maximam
1377 2031 1541 2080 partem
1571 2023 1626 2065 ad
1656 2038 1798 2065 arma1

369 2080 641 2137 trepidantes,
676 2081 825 2122 caedes
861 2081 1088 2137 oppressit:
1132 2081 1277 2137 paucis
1313 2081 1503 2123 armandi
1543 2096 1586 2123 se
1622 2080 1770 2123 datum

368 2139 550 2194 spatium
579 2147 653 2179 est.
718 2138 802 2180 Eos
833 2138 956 2194 ipsos,
986 2153 1073 2179 non
1104 2138 1271 2194 signum
1302 2149 1477 2189 certum,
1499 2153 1586 2180 non
1616 2138 1770 2180 ducem

368 2205 605 2252 sequentes,
623 2196 765 2237 fundit
779 2196 1010 2245 Romanus,
1028 2195 1191 2252 fugatos
1209 2211 1338 2251 eques
1353 2196 1631 2252 persequitur.
1695 2196 1770 2238 Ad

369 2263 513 2303 castra,
532 2253 585 2294 ad
606 2253 728 2294 silvas
749 2253 901 2294 diversi
916 2253 1160 2294 tendebant.
1225 2253 1361 2295 Silvae
1383 2254 1515 2295 tutius
1531 2253 1686 2295 dedere
1703 2269 1769 2295 re-

368 2311 555 2367 fugium:
598 2325 696 2352 nam
728 2319 861 2352 castra
892 2311 935 2351 in
961 2311 1118 2367 campis
1149 2311 1228 2352 sita
1258 2311 1407 2352 eodem
1430 2311 1499 2352 die
1530 2311 1777 2367 capiuntur.-

369 2370 538 2409 Aurum
567 2376 874 2424 argentumque
903 2368 1060 2409 iussum
1089 2368 1233 2409 referri
1258 2368 1312 2409 ad
1345 2368 1586 2409 consulem:
1629 2376 1770 2410 cetera

367 2426 524 2481 praeda
544 2426 688 2467 militis
709 2426 799 2467 fuit.
867 2425 1003 2467 Caesa
1029 2435 1101 2466 aut
1123 2435 1245 2482 capta
1265 2441 1315 2466 eo
1337 2426 1406 2467 die
1433 2426 1618 2468 hostium
1638 2425 1770 2468 millia

368 2483 422 2524 ad
450 2483 678 2540 sexaginta.
744 2483 851 2524 Eam
882 2491 968 2523 tam
997 2482 1150 2524 claram
1180 2498 1367 2539 pugnam
1396 2491 1510 2524 trans
1537 2482 1800 2524 Ciminiam2

368 2540 512 2582 silvam
553 2541 607 2582 ad
647 2540 866 2582 Perusiam
906 2549 1149 2596 pugnatam,
1192 2539 1364 2596 quidam
1413 2548 1603 2582 auctores
1643 2548 1765 2591 sunt3
1781 2557 1799 2589 3

410 2696 429 2725 9
445 2688 563 2717 Elevat
574 2687 744 2724 Etruscos]
772 2686 825 2717 Sic
837 2696 922 2726 supr.
936 2686 979 2717 iii.
993 2697 1041 2718 21.
1087 2686 1178 2717 tione
1192 2686 1407 2717 discurrentes
1422 2687 1463 2716 ad
1480 2696 1580 2716 arma.
1605 2686 1712 2717 (ἷκεν.

369 2738 420 2757 vos
435 2730 566 2759 elevatis
581 2740 662 2765 eam,
678 2729 709 2760 h.
724 2739 750 2759 e.
767 2729 891 2768 aliquid
907 2729 947 2759 de
965 2739 1041 2768 pon·
1133 2739 1148 2759 2
1173 2730 1368 2768 Seoeayz'nta]
1405 2729 1570 2759 Numerus
1595 2728 1683 2758 haud
1707 2727 1765 2758 du-

367 2769 442 2799 dere
468 2770 536 2800 cius
562 2771 732 2809 deducitis,
759 2771 804 2801 ita
828 2775 863 2801 ut
890 2771 923 2801 in
951 2772 1043 2802 lance
1088 2771 1139 2801 bic
1166 2772 1262 2801 fictus
1284 2774 1342 2807 est,
1367 2781 1407 2801 ex
1434 2771 1621 2801 funebribus
1645 2769 1766 2800 Fabiae

367 2820 491 2840 sursum
509 2813 638 2843 feratur.
1087 2813 1190 2853 gentis
1208 2813 1448 2844 laudationibus
1464 2814 1589 2844 ductus.

414 2863 425 2882 1
451 2854 505 2883 Ad
523 2865 614 2883 arma
631 2857 844 2894 trepidantes]
879 2856 965 2887 Cum
982 2859 1042 2886 tre·
1130 2865 1147 2894 3
1174 2857 1311 2893 Quidam
1329 2856 1490 2895 auctores]
1525 2855 1618 2891 Quos
1641 2852 1764 2885 Diodo-

367 2894 531 2936 pidatione
555 2900 587 2926 et
609 2897 707 2934 plena
731 2898 891 2928 tumultus
913 2898 1041 2928 festina-
1087 2908 1139 2928 rus
1154 2897 1308 2938 sequitur,
1323 2908 1377 2928 xx.
1396 2905 1446 2938 35.

1890 3177 1922 3211 *⁸⁵-
1893 2727 1930 3145 ’Ὑφ”ὗῖῗῖῑὲὲζὲἒέἒ-ἒεὰῂιτω.
1917 2684 1929 2711 ««.
1912 2651 1919 2661 2
1912 2617 1914 2619 ·
