1934 3211
309 297 325 326 “.
347 305 360 316 0
388 307 415 335 ς.
444 295 455 312 ⁶
471 289 560 329 iure
581 283 768 343 grassari,
789 302 876 328 non
896 286 948 327 vi.

298 1081 366 1119 45.

959 196 1107 238 TITI
1145 195 1324 237 LIVII

953 287 962 303 9

445 203 524 241 194

1008 286 1143 327 Vocat
1163 285 1346 341 puellam
1367 285 1411 325 in
1432 284 1507 325 ius.
1557 282 1828 333 Auctoribus,
1842 295 1862 328 6

391 356 416 377 ί·
444 346 517 401 qui
550 345 733 393 aderant,
762 352 809 384 ut
830 351 1098 399 sequeretur,
1128 343 1181 383 ad
1213 342 1396 383 tribunal
1419 341 1550 397 Appii
1582 348 1831 396 perventum

443 412 516 443 est.
580 401 738 443 Notam
774 401 901 441 iudici
937 399 1118 441 fabulam
1154 400 1320 455 petitor,
1355 399 1510 454 quippe
1547 398 1660 453 apud
1693 397 1831 452 ipsum

443 467 655 500 auctorem
677 457 925 514 argumenti,
948 456 1111 512 peragit
1129 472 1138 504 3
1174 463 1184 479 ⁶
1200 456 1396 511 puellam,
1420 456 1533 496 domi
1555 470 1652 496 suae
1673 462 1830 502 natam,

445 524 455 539 ⁶
471 516 666 571 furtoque
699 515 797 555 inde
827 515 869 554 in
895 514 1067 553 domum
1094 513 1271 567 virginii
1300 512 1552 561 translatam,
1575 511 1832 567 suppositam

447 579 458 596 ⁶
474 573 513 614 ei
534 588 633 613 esse.
695 572 747 612 Id
768 587 810 611 se
833 570 989 610 indicio
1011 578 1271 623 compertum
1293 569 1452 617 afferre,
1475 569 1832 623 probaturumque

447 636 457 654 ‘
474 630 539 670 vel
561 630 650 684 ipso
671 628 864 683 Virginio
886 626 1037 674 iudice,
1061 626 1113 665 ad
1134 640 1261 679 quem
1282 625 1412 665 maior
1432 640 1526 680 pars
1546 624 1721 664 iniuriae
1744 625 1833 664 eius

447 693 459 710 ‘¹
473 687 691 742 pertineat.
771 683 944 723 Interim
986 682 1205 722 dominum
1245 697 1286 722 se
1320 682 1363 721 ui
1404 681 1609 730 ancillam,
1651 695 1834 736 aequum

447 743 589 784 ‘esse’
660 740 869 782 Advocati
908 738 1087 794 puellae,
1130 753 1262 794 quum
1291 697 1540 794 (isirginium
1580 737 1833 794 reipublicae

446 815 568 840 cansa
595 798 799 838 dixissent
831 798 986 845 abesse,
1020 796 1151 836 biduo
1187 796 1427 844 affuturum,
1457 795 1491 835 si
1523 796 1763 836 nuntiatum
1795 794 1835 835 ei

446 857 520 904 sit3
548 855 742 909 iniquum
764 868 866 903 esse,
889 854 1104 894 absentem
1126 853 1178 892 de
1200 852 1340 893 liberis
1361 852 1584 902 dimicare3
1608 851 1833 908 postulant,

446 921 492 953 ut
514 927 599 953 reni
623 912 829 966 integram
850 911 894 950 in
915 910 1042 966 patris
1068 909 1296 950 adventum
1317 909 1507 958 differat3
1544 909 1637 965 lege
1666 910 1718 950 ab
1745 909 1835 964 ipso
1851 926 1867 958 7

446 970 530 1010 lata
568 968 769 1009 vindicias
809 967 882 1008 det
926 967 1157 1007 secundum
1199 966 1460 1015 libertatem3
1513 982 1598 1007 neu
1641 966 1834 1022 patiatur,

446 1027 650 1082 virginem
680 1025 864 1065 adultam
891 1024 1024 1064 famae
1053 1023 1180 1079 prius,
1204 1038 1330 1078 quam
1359 1023 1573 1072 libertatis,
1602 1022 1837 1079 periculum

447 1083 573 1124 adire.
637 1082 804 1138 Appius
825 1081 994 1121 decreto
1016 1080 1236 1135 praefatus,
1271 1086 1281 1103 ‘
1302 1079 1442 1127 Quam
1469 1080 1653 1121 libertati
1676 1080 1835 1129 faverit,
1851 1088 1869 1118 8

449 1146 567 1180 ‘eam
599 1140 731 1195 ipsam
762 1139 897 1194 legem
929 1137 1152 1185 declarare,
1179 1152 1304 1192 quam
1327 1136 1367 1176 V
1370 1137 1510 1192 irginii
1541 1137 1664 1177 amici
1693 1145 1838 1193 postu-

449 1197 622 1237 ‘lationi
644 1211 741 1237 suae
763 1195 1052 1251 praetendant.
1100 1193 1303 1234 Ceterum
1320 1193 1378 1233 ita
1398 1194 1443 1233 in
1464 1209 1513 1234 ea
1528 1194 1697 1234 firmum
1712 1194 1870 1242 liber-9

398 1250 404 1258 ’
449 1255 551 1295 ‘tati
582 1254 670 1294 fore
703 1252 971 1308 praesidium,
1006 1251 1038 1291 si
1072 1266 1150 1291 nec
1183 1251 1328 1299 causis,
1363 1266 1440 1291 nec
1475 1251 1661 1307 personis
1692 1251 1835 1292 variet.

450 1311 529 1351 ‘In
557 1311 621 1351 his
650 1311 776 1358 enim,
807 1324 913 1365 quae
946 1316 1181 1349 asserantur
1213 1308 1257 1347 in
1290 1307 1538 1357 libertatem,
1573 1308 1672 1363 quia
1703 1307 1867 1363 quivis1

450 1374 461 1390 ‘
476 1368 567 1423 lege
590 1382 710 1422 agere
732 1368 873 1422 possit,
897 1366 939 1406 id
961 1365 1061 1405 iuris
1083 1380 1194 1413 esse3
1219 1365 1263 1404 in
1285 1380 1345 1414 ea,
1369 1380 1475 1420 quae
1498 1365 1542 1405 in
1562 1365 1691 1421 patris
1714 1379 1840 1405 manu

450 1430 462 1448 ‘
477 1424 541 1472 sit,
565 1424 777 1464 neminem
808 1438 895 1463 esse
927 1423 1067 1471 alium,
1094 1422 1162 1462 cui
1190 1421 1386 1462 dominus
1418 1422 1674 1477 possessione
1703 1421 1836 1462 cedat.

450 1488 460 1504 ‘
477 1481 649 1521 Placere
671 1481 811 1534 itaque
833 1487 994 1535 patrem
1017 1478 1191 1519 arcessi:
1226 1478 1384 1532 interea
1416 1479 1518 1519 iuris
1547 1479 1610 1519 sui
1638 1478 1839 1519 iacturam

452 1543 463 1561 ⁶
479 1546 723 1578 assertorem
750 1551 835 1575 non
860 1536 1008 1583 facere,
1032 1536 1135 1590 quin
1161 1535 1287 1576 ducat
1319 1535 1502 1591 puellam
1527 1535 1839 1590 sistendamque
1860 1536 1863 1539 ’

452 1595 523 1634 ‘in
546 1594 772 1634 adventum
795 1593 896 1641 eins,
915 1593 987 1646 qui
1010 1601 1129 1647 pater
1149 1592 1324 1641 dicatur,
1342 1593 1583 1647 promittat.’
1625 1592 1840 1633 Adversus

451 1651 645 1690 iniuriam
667 1649 825 1690 decreti
851 1664 982 1704 quum
1011 1648 1131 1688 multi
1161 1649 1292 1703 magis
1316 1649 1555 1698 fremerent,
1578 1664 1705 1704 quam
1726 1648 1840 1704 quis-

451 1722 576 1762 quam
617 1722 726 1747 unus
766 1705 990 1746 reclamare
1033 1705 1232 1753 auderet3
1281 1705 1327 1745 P.
1361 1705 1638 1754 Numitorius,
1674 1704 1871 1760 puellaez

451 1764 693 1811 avunculus,
725 1772 766 1804 et
797 1777 970 1818 sponsus
1001 1761 1144 1802 Icilius
1174 1761 1485 1803 interveniunt:
1521 1761 1702 1817 dataque
1731 1762 1842 1802 inter

494 1905 513 1936 6
536 1907 731 1936 Auctoribus
746 1907 801 1945 qni
817 1907 969 1943 aderant]
1009 1906 1054 1935 Iis
1070 1906 1124 1944 qui

452 1948 585 1978 aderant
605 1949 744 1987 puellae„
761 1948 825 1978 sive
847 1948 1011 1978 advocatis
1034 1949 1124 1986 puel-

453 1990 515 2027 lae,
532 1994 567 2020 ut
582 1990 665 2019 infra
683 1990 901 2029 appellantur,
918 1990 1126 2020 suadentibus

453 2032 482 2062 ei
505 2036 541 2061 ut
564 2036 758 2071 sequeretur.
805 2032 929 2062 Eodem
950 2042 1043 2062 sensu
1060 2043 1125 2062 ver—

453 2075 529 2104 bnm
553 2075 659 2105 adesse
684 2078 871 2113 usurpatum
897 2078 954 2111 est,
974 2085 1057 2113 supr.
1079 2084 1125 2112 14.

453 2120 484 2145 et
501 2117 588 2155 apud
603 2116 683 2146 Hor.
698 2116 763 2147 Sat.
777 2116 796 2146 i.
810 2126 839 2157 9.
856 2118 891 2146 Si
909 2127 954 2147 me
970 2128 1059 2147 (muts
1072 2140 1078 2147 .
1093 2140 1099 2146 .
1115 2141 1122 2147 .

450 2160 585 2197 paulum
603 2160 653 2189 hic
669 2159 752 2189 ades.
777 2159 883 2189 CREV.

500 2209 515 2240 7
541 2202 623 2239 Leye
650 2202 689 2231 ab
716 2202 784 2239 ipso
809 2202 893 2238 lata]
930 2200 969 2231 cf.
993 2200 1124 2231 Gravin.

455 2243 521 2273 Iur.
539 2243 608 2274 Civ.
627 2243 666 2272 de
689 2242 811 2281 legibus
827 2252 890 2272 XII.
909 2242 989 2272 Tab.
1014 2243 1071 2272 ubi
1092 2243 1124 2272 in

454 2284 534 2315 Tah.
557 2289 647 2314 sexta
667 2286 705 2315 (Ie
725 2286 875 2315 Dominio
897 2289 927 2314 et
949 2285 987 2315 de
1006 2295 1125 2323 posses-

453 2328 540 2358 sione
560 2327 687 2366 legitur,
702 2329 763 2356 Ast
780 2328 806 2356 si
822 2328 877 2366 qui
893 2337 984 2365 quem
1002 2327 1125 2357 liberali

453 2379 552 2400 causa
570 2380 670 2399 manu
688 2369 827 2405 adserat,
841 2369 1014 2399 secundum
1032 2369 1123 2399 liher-

454 2415 548 2442 tatem
565 2412 722 2441 vindicias
737 2412 818 2441 dato.

497 2454 516 2483 8
541 2455 644 2490 Quam
659 2454 815 2490 libertati]
842 2463 883 2482 se.
903 2452 1071 2488 Quantum
1090 2453 1124 2482 li-

455 2495 570 2525 bertati
586 2495 709 2525 faverit.

497 2548 516 2577 9
542 2538 687 2568 Ceterum
705 2538 768 2574 ita]
787 2536 938 2567 Ceterum
957 2547 1019 2566 non
1037 2536 1130 2566 aliter

455 2579 487 2608 in
504 2590 542 2609 ea
558 2580 626 2619 lege
643 2580 770 2609 firmum
791 2578 931 2609 libertati
951 2579 1017 2608 fore
1041 2588 1128 2617 prae-

456 2621 583 2658 sidium,
606 2631 703 2660 quam
729 2621 754 2651 si
778 2621 835 2651 illa
859 2621 911 2651 lex
936 2630 999 2650 non
1023 2621 1124 2650 detor-

457 2668 593 2701 queatur
613 2664 653 2693 ad
673 2673 784 2693 causas
807 2666 837 2693 et
862 2672 1011 2702 personas
1027 2662 1125 2693 diver-

457 2714 506 2734 sas
522 2707 561 2734 ab
579 2706 627 2741 iis,
642 2706 682 2735 de
698 2705 813 2744 quibus
827 2704 930 2744 accipi
946 2705 1051 2735 debet.
1084 2706 1127 2734 In

456 2747 506 2775 his
520 2749 602 2777 enim
622 2747 774 2786 personis,
783 2758 865 2787 quae
878 2757 975 2785 quum
989 2746 1021 2776 in
1034 2747 1126 2777 servi-

457 2791 526 2816 tute
547 2789 620 2825 siut,
636 2794 824 2819 asserantur
840 2790 874 2818 in
890 2790 1078 2825 libertatem,
1094 2790 1128 2818 id

456 2829 538 2858 iuris
553 2840 629 2866 esse,
645 2831 663 2860 i.
680 2841 706 2860 e.
724 2831 785 2860 hoc
801 2831 849 2860 ius
866 2831 993 2867 servari,
1009 2841 1126 2870 nempe

457 2874 491 2899 ut
510 2870 664 2900 vindiciae
679 2872 794 2901 dentur
809 2873 983 2902 secundum
1001 2873 1125 2903 liberta-

457 2916 537 2947 tem,
553 2913 628 2950 quia
645 2914 749 2951 quiris
762 2915 860 2951 possit
875 2916 942 2952 [εἶαρ
954 2925 1059 2952 affere,
1073 2915 1124 2945 i.e.

1169 1907 1329 1937 actionem
1353 1906 1384 1936 in
1409 1906 1527 1937 iudicio
1547 1906 1724 1945 intendere,
1739 1911 1771 1938 et
1787 1918 1840 1939 ne-

1168 1949 1289 1989 gotium
1311 1949 1343 1978 in
1361 1959 1393 1979 se
1409 1949 1579 1988 suscipere.
1624 1951 1667 1980 In
1682 1960 1721 1980 ea
1736 1960 1841 1989 perso-

1170 2001 1222 2027 na,
1243 2002 1325 2030 quae
1351 1992 1387 2020 in
1411 1993 1517 2030 patris
1540 2002 1641 2022 manu
1663 1993 1714 2028 sits
1738 1992 1843 2031 qualis

1170 2036 1237 2062 erat
1251 2033 1406 2072 Virginia,
1417 2035 1573 2065 neminem
1588 2044 1654 2065 esse
1665 2035 1778 2071 alium,
1787 2036 1842 2065 oui

1170 2076 1327 2111 dommus,
1344 2074 1363 2105 i.
1380 2086 1406 2105 e.
1423 2075 1449 2105 is
1464 2075 1518 2114 qui
1539 2085 1572 2105 se
1591 2076 1759 2106 dominum
1774 2086 1843 2107 esse

1172 2117 1348 2153 contendit,
1372 2118 1428 2147 lite
1452 2119 1625 2156 pendente,
1647 2119 1843 2157 possessione

1169 2160 1270 2195 cedat,
1283 2159 1357 2197 quia
1373 2161 1459 2189 solus
1475 2163 1576 2199 pater,
1589 2160 1680 2190 cuius
1693 2160 1727 2190 in
1742 2170 1842 2192 manu

1170 2201 1220 2238 sit,
1236 2211 1307 2231 eam
1324 2201 1518 2232 defendendi
1537 2205 1568 2232 et
1587 2201 1771 2233 vindicandi
1792 2202 1842 2234 ius

1169 2243 1295 2274 habeat.
1320 2243 1425 2274 Cnssv.

1216 2295 1227 2315 1
1257 2287 1340 2322 Quia
1357 2287 1461 2325 quivis
1476 2288 1542 2325 leye
1557 2297 1652 2326 ayere
1664 2288 1780 2326 possit]
1807 2287 1842 2317 Is

1170 2327 1237 2365 qni,
1253 2337 1352 2366 quum
1369 2328 1510 2365 serviret,
1525 2339 1592 2359 sese
1610 2329 1643 2358 in
1659 2329 1841 2359 libertatem

1173 2369 1324 2399 vindicari
1345 2371 1540 2408 postulabat,
1555 2381 1620 2400 uon
1643 2373 1770 2409 poterat
1792 2371 1842 2401 ius

1170 2421 1263 2440 snum
1280 2411 1408 2450 proprio
1424 2412 1553 2442 nomine
1572 2412 1727 2452 persequi.
1774 2412 1840 2443 Ne-

1170 2463 1257 2482 cesse
1272 2456 1350 2489 erat,
1366 2457 1401 2482 ut
1417 2453 1513 2483 homo
1529 2454 1609 2484 liber
1625 2454 1768 2493 periculo
1783 2465 1841 2485 suo

1170 2504 1298 2524 causam
1310 2495 1378 2525 eius
1390 2496 1543 2525 tuendam
1557 2497 1740 2536 susciperet.
1765 2497 1839 2528 Cui-

1175 2537 1220 2566 vis
1235 2540 1343 2567 antem
1361 2547 1379 2567 e
1395 2538 1516 2577 populo
1532 2538 1589 2569 illa
1604 2539 1689 2570 actio
1705 2539 1842 2570 dabatur

1174 2579 1278 2609 Cnnv.

1213 2631 1230 2650 2
1254 2623 1295 2651 P.
1325 2623 1541 2661 Numitorius,
1574 2625 1704 2662 puellae
1739 2635 1840 2654 avun-

1170 2664 1278 2701 culus]
1314 2664 1389 2694 Non
1415 2675 1496 2695 avus
1520 2668 1555 2695 ut
1581 2675 1620 2695 ex
1649 2666 1841 2705 compendio

1171 2705 1346 2744 scripturae
1376 2707 1491 2746 legitur
1514 2707 1546 2737 in
1571 2708 1720 2738 omnibus
1744 2708 1839 2739 MSS.

1172 2751 1203 2777 et
1227 2752 1306 2778 antt.
1325 2749 1398 2778 edd.
1416 2750 1455 2779 cf.
1473 2749 1543 2779 infr.
1562 2758 1611 2788 54.
1633 2754 1665 2780 et
1682 2749 1779 2780 Dion.
1795 2749 1839 2780 xi.

1172 2790 1220 2819 28.
1252 2789 1306 2828 qui
1337 2790 1425 2827 dicit,
1457 2791 1676 2822 Numitoriam
1702 2790 1839 2830 Virginii

1170 2841 1301 2861 uxorem
1328 2837 1359 2862 ct
1383 2843 1519 2864 sororem
1545 2833 1640 2863 huius
1665 2833 1838 2863 Numitorii

1171 2873 1275 2903 fuisse.
1294 2874 1378 2905 ΒΗ).

1924 3055 1934 3067 *.
1920 2899 1934 3042 ‘'mam-u..
