1934 3211
180 280 223 311 U.
240 281 278 311 C.
296 290 369 321 409.

176 324 216 353 A.
241 323 280 353 C.
299 333 369 362 343.

176 366 225 395 M.
237 365 370 396 Valerio

394 187 478 224 428
915 184 1063 227 ΤΙΤΙ
1100 184 1279 228 LIVII

396 273 709 315 difficultatibus
760 276 897 330 potior
946 277 999 317 ad
1044 292 1187 318 curam
1233 276 1395 317 senatui
1440 274 1530 315 fuit.

396 331 578 371 maxime
610 346 688 380 res,
710 332 811 386 quia
839 333 994 375 tributo
1022 350 1069 375 ac
1091 334 1258 375 delectu
1285 347 1580 389 supersessum.

1608 271 1791 314 Levatae

1644 330 1792 371 Tertio

177 408 227 438 Π,
245 408 282 439 Ο,
303 409 384 439 Poe-
396 403 507 429 anno
527 397 620 444 post
644 388 851 430 Satricum
876 391 1116 432 restitutum
1142 407 1167 432 a
1187 391 1364 440 Volscis,
1389 389 1450 430 M.
1466 388 1661 429 Valerius
1685 386 1792 428 Cor-

175 450 254 480 telio
271 451 362 482 Coss.

177 564 309 594 Bellum

176 616 250 653 cum
269 607 347 637 Vol-

175 659 245 681 seis.

246 1595 313 1632 28.

179 1649 222 1679 U.
240 1650 277 1680 C.
296 1658 366 1686 410.

176 1694 216 1723 A.
241 1692 279 1722 C.
298 1700 369 1730 34²·

177 1736 225 1765 M.
240 1733 352 1770 Fabio,

176 1778 242 1807 Ser.
256 1775 363 1814 Sulpi—

175 1819 225 1849 cio
241 1819 330 1850 Coss.

177 1861 327 1892 Dictator
344 1860 381 1891 L.

176 1904 303 1934 Furius.

178 1998 322 2030 Aurunci

177 2042 261 2074 victi.

178 2347 262 2377 Iuno
278 2346 349 2376 Mo-

177 2394 260 2420 neta.

395 460 483 494 vus,
515 446 747 486 secundum
783 448 929 488 consul
965 463 1061 489 cum
1098 448 1147 490 C.
1172 448 1361 489 Poetelio
1396 447 1541 495 factus,
1574 459 1706 501 quum
1737 457 1791 484 ex

396 502 521 543 Latio
542 503 783 543 nuntiatum
809 514 929 554 esset,
951 505 1108 560 legatos
1136 507 1187 546 ab
1211 505 1343 545 Antio
1366 503 1585 545 circumire
1613 501 1792 558 populos

397 559 646 601 Latinorum
675 560 729 601 ad
757 561 1056 602 concitandum
1083 562 1268 610 bellum3
1305 562 1548 616 priusquam
1576 560 1670 615 plus
1695 559 1792 599 hos-

396 617 502 657 tium
532 617 665 666 fieret,
688 617 853 657 Volscis
884 633 999 658 arma
1027 618 1180 658 inferre
1217 618 1364 666 iussus,
1399 617 1452 657 ad
1486 617 1691 657 Satricum
1717 631 1792 656 ex—

395 675 527 715 ercitu
559 674 711 714 infesto
744 674 892 728 pergit.
959 675 1058 722 Quo
1084 690 1216 729 quum
1245 674 1439 714 Antiates
1467 673 1623 727 aliique
1646 672 1791 713 Volsci

392 731 647 787 praeparatis
679 731 762 770 iam
795 739 904 779 ante,
935 731 968 771 si
1000 732 1104 787 quid
1135 732 1187 772 ab
1220 731 1359 772 Roma
1389 738 1638 779 moveretur,
1660 729 1792 784 copiis

392 787 681 836 occurrissent,
703 786 819 827 nulla
846 803 963 828 mora
993 789 1103 829 inter
1133 789 1317 829 infensos
1344 787 1510 828 diutino
1541 786 1639 827 odio
1666 786 1793 826 dimi-

392 844 516 885 candi
536 844 646 884 facta
666 852 739 885 est.
801 844 958 894 Volsci,
980 846 1157 886 ferocior
1184 845 1238 886 ad
1265 844 1567 893 rebellandum,
1589 858 1717 899 quam
1739 843 1793 884 ad

391 901 635 942 bellandum
656 917 772 957 gens,
795 903 1023 944 certamine
1045 903 1158 953 victi,
1179 905 1279 959 fuga
1300 903 1431 944 effusa
1455 901 1604 943 Satrici
1624 901 1794 942 moenia

390 967 567 1014 petunt:
602 967 656 1008 et,
680 974 733 1000 ne
762 959 807 999 in
836 960 965 1001 muris
985 960 1158 1016 quidem
1186 961 1284 1001 satis
1305 960 1426 1000 firma
1455 975 1541 1015 spe,
1564 974 1697 1015 quum
1722 973 1792 999 co-

391 1032 495 1057 rona
516 1016 697 1057 militum
719 1016 857 1058 cincta
884 1017 967 1058 iam
996 1018 1116 1059 scalis
1143 1027 1361 1074 caperetur
1385 1017 1496 1067 urbs,
1519 1016 1573 1057 ad
1594 1024 1794 1072 quattuor

392 1074 522 1114 millia
549 1074 745 1123 militum,
767 1084 934 1130 praeter
961 1075 1279 1116 multitudinem
1306 1074 1532 1124 imbellem,
1555 1089 1644 1115 sese
1672 1073 1794 1114 dedi-

392 1131 503 1172 dere.
570 1130 790 1187 Oppidum
821 1132 1009 1173 dirutum
1039 1142 1166 1189 atque
1198 1133 1444 1174 incensum:
1481 1131 1668 1173 ab'aede
1700 1139 1794 1172 tan-

394 1198 483 1230 tum
525 1188 676 1230 Blatris
717 1189 910 1231 Matutae
951 1191 1188 1232 abstinuere
1230 1191 1384 1247 ignem.
1453 1189 1617 1230 Praeda
1657 1188 1793 1230 omnis

394 1247 517 1287 militi
557 1246 665 1287 data.
730 1246 863 1288 Extra
902 1248 1105 1303 praedam
1142 1257 1342 1304 quattuor
1380 1247 1512 1288 millia
1551 1246 1793 1287 deditorum

394 1304 547 1345 habita.
611 1303 695 1345 Eos
716 1304 878 1346 vinctos
899 1305 1046 1346 consul
1073 1314 1169 1346 ante
1192 1320 1361 1347 currum
1390 1304 1653 1360 triumphans
1677 1303 1791 1359 egit:

394 1361 575 1403 venditis
611 1361 766 1403 deinde
807 1377 1003 1418 magnam
1038 1363 1263 1419 pecuniam
1298 1363 1343 1403 in
1378 1362 1583 1403 aerarium
1615 1360 1790 1416 redegit.

397 1419 518 1468 Sunt,
553 1419 627 1475 qui
662 1419 771 1460 hanc
813 1420 1130 1461 multitudinem
1171 1421 1378 1476 captivam
1419 1434 1631 1461 servorum
1666 1418 1792 1459 fuisse

394 1477 600 1518 scribant:
649 1477 778 1532 idque
820 1478 952 1534 magis
987 1478 1210 1520 verisimile
1247 1487 1322 1528 est,
1359 1492 1486 1534 quam
1522 1476 1687 1518 deditos
1722 1479 1819 1517 ve-'

394 1549 531 1574 misse.

454 1590 546 1631 Hos
586 1591 778 1633 consules
818 1593 951 1634 secuti
991 1603 1088 1635 sunt
1119 1593 1180 1635 M.
1201 1593 1355 1634 Fabius
1392 1593 1543 1642 Dorso,
1584 1591 1670 1633 Ser.
1699 1590 1794 1632 Sul-

395 1647 529 1703 picius
554 1647 816 1689 Camerinus.
880 1651 1132 1690 Auruncum
1168 1651 1268 1691 inde
1301 1650 1457 1691 bellum
1490 1651 1541 1691 ab
1572 1649 1794 1704 repentina

395 1705 667 1761 populatione
689 1715 908 1761 coeptum:
934 1716 1148 1762 metuque,
1167 1723 1220 1748 ne
1243 1708 1287 1747 id
1308 1708 1464 1748 factum
1485 1706 1631 1762 populi
1652 1705 1791 1754 unius,

395 1762 612 1803 consilium
647 1763 782 1803 omnis
817 1764 999 1804 nominis
1030 1764 1173 1804 Latini
1209 1772 1329 1813 esset,
1367 1764 1545 1804 dictator
1574 1762 1690 1803 velut
1719 1761 1792 1803 ad—

395 1835 535 1860 versus
563 1828 766 1860 armatum
799 1820 882 1860 iam
908 1820 1080 1861 Latium
1103 1821 1151 1861 L.
1172 1821 1322 1861 Furius
1349 1829 1524 1869 creatus,
1547 1819 1791 1875 magistrum

395 1877 587 1932 equitum
611 1876 692 1918 Cn.
710 1876 921 1918 Manlium
946 1877 1234 1933 Capitolinum
1257 1877 1375 1918 dixit.
1425 1877 1482 1918 Et
1503 1892 1634 1932 quum
1655 1876 1792 1932 (quod

395 1949 472 1990 per
503 1949 676 1990 magnos
713 1934 917 1975 tumultus
953 1935 1043 1975 fieri
1080 1935 1248 1975 solitum
1285 1934 1392 1987 erat)
1425 1934 1583 1975 iustitio
1615 1934 1790 1983 indicto,

395 1991 583 2032 delectus
605 1991 693 2032 sine
713 1992 1000 2032 vacationibus
1020 1992 1186 2032 habitus
1207 2000 1337 2041 esset3
1368 1992 1566 2047 legiones,
1586 1999 1791 2046 quantum
1807 2005 1824 2037 7

396 2048 593 2089 maturari
633 2049 785 2104 potuit,
828 2049 872 2089 in
913 2048 1139 2090 Auruncos
1180 2049 1342 2090 ductae.
1425 2048 1491 2089 Ibi
1531 2048 1793 2104 praedonum

396 2106 540 2161 magis,
567 2121 694 2160 quam
727 2105 923 2155 hostium,
956 2106 1085 2147 animi
1118 2106 1290 2147 inventi.
1353 2106 1497 2147 Prima
1528 2106 1670 2161 itaque
1703 2105 1792 2146 acie

395 2162 650 2203 debellatum
674 2172 746 2203 est.
810 2163 1005 2204 Dictator
1029 2173 1183 2213 tamen,
1206 2164 1306 2219 quia
1333 2172 1375 2204 et
1404 2163 1512 2204 ultro
1539 2163 1698 2204 bellum
1727 2162 1793 2203 in-

396 2220 590 2269 tulerant,
633 2229 674 2260 et
719 2220 807 2260 sine
850 2220 1153 2261 detrectatione
1196 2236 1238 2262 se
1284 2221 1502 2262 certamini
1546 2221 1790 2269 offerebant,

395 2277 570 2317 deorum
596 2292 766 2333 quoque
798 2292 898 2332 opes
929 2277 1188 2318 adhibendas
1218 2287 1343 2327 ratus,
1370 2278 1480 2318 inter
1510 2277 1642 2332 ipsam
1667 2277 1793 2317 dimi-

396 2334 604 2375 cationem
638 2334 785 2375 aedem
820 2334 974 2375 Iunoni
1010 2334 1211 2376 Monetae
1245 2335 1382 2376 vovit:
1418 2334 1538 2375 cuius
1570 2322 1824 2404 damnatus?

396 2465 525 2491 senatus
554 2460 710 2500 potiorem
734 2461 847 2491 habuit
871 2461 1067 2491 difficultati-

396 2504 454 2533 bus
470 2503 689 2542 molestiisque
705 2503 846 2542 privatis.
866 2505 973 2534 Cum.

441 2553 456 2584 7
480 2547 557 2578 Sine
572 2547 809 2582 vacationibus]
840 2545 945 2575 Nulla
960 2545 1072 2575 habita

395 2587 519 2617 ratione
536 2587 740 2617 vacationum
756 2599 762 2617 2
789 2587 908 2618 coactis
929 2588 970 2617 ad
989 2587 1070 2617 mili-

396 2629 474 2659 tiam
491 2629 589 2659 etiam
606 2629 654 2666 iis,
670 2630 725 2668 qui
748 2630 781 2659 in
801 2629 935 2659 assuetis
958 2634 990 2659 et
1014 2629 1071 2658 mi—

397 2671 481 2701 noris
504 2672 638 2710 periculi
654 2672 749 2702 bellis
765 2672 965 2702 vacationem
989 2671 1071 2702 mili-

397 2714 460 2744 tiae
476 2714 648 2744 habebant.
673 2715 779 2745 CREV.

445 2757 463 2785 S
492 2757 612 2786 Iunoni
637 2758 808 2794 Monetae]
837 2756 1031 2795 “Scriptum
1053 2766 1072 2786 a

396 2798 507 2827 multis
522 2801 603 2835 est?
618 2798 722 2837 inquit
739 2798 806 2829 Cic.
822 2799 861 2828 dc
879 2798 953 2829 Div.
965 2799 984 2829 i.
1001 2808 1070 2829 101.

339 2875 342 2879 .
396 2840 527 2875 “quum
549 2844 650 2870 terrae
671 2846 778 2870 motus
800 2841 903 2870 factus
926 2845 1019 2877 esset,
1034 2844 1070 2870 ut

396 2889 451 2908 sue
469 2880 565 2917 plena
584 2883 765 2919 procuratio
781 2883 882 2917 fieret,
900 2893 1010 2913 vocem
1027 2883 1068 2913 ab

396 2921 476 2950 aede
496 2922 628 2952 Iunonis
643 2933 682 2952 ex
699 2934 772 2954 arce
789 2924 967 2955 exstitisse:
991 2935 1068 2963 quo-

1116 2461 1199 2491 circa
1217 2461 1377 2491 Iunonem
1394 2460 1485 2491 illam
1501 2462 1701 2501 appellatam
1719 2462 1791 2492 Mo-

1114 2505 1268 2533 netam:”
1292 2513 1409 2542 nempe
1433 2514 1452 2533 a
1472 2505 1643 2534 monendo.
1691 2504 1791 2535 Unde

1116 2545 1223 2584 colligi
1241 2550 1346 2584 potest
1362 2546 1476 2575 aedem
1493 2550 1569 2576 ante
1584 2546 1790 2577 aedificatam

1115 2587 1223 2623 fuisse,
1246 2597 1343 2626 quam
1368 2588 1453 2618 Iuno
1477 2588 1632 2619 Monetae
1658 2588 1791 2619 nomine

1114 2629 1340 2668 insigniretur;
1382 2630 1527 2669 haecque
1558 2632 1654 2661 verba
1682 2632 1792 2662 aedem

1114 2674 1236 2702 lunoni
1259 2674 1414 2703 illonetae
1436 2674 1533 2710 vovit,
1556 2673 1670 2703 eodem
1692 2673 1790 2703 modo

1114 2714 1306 2753 accipienda
1330 2725 1408 2751 esse,
1431 2725 1469 2744 ac
1492 2715 1517 2744 si
1540 2715 1716 2754 scripsisset
1737 2715 1789 2745 Li-

1118 2756 1202 2787 vius:
1236 2757 1360 2786 Aedem
1390 2757 1519 2794 Iunoni,
1544 2767 1627 2796 quae
1654 2758 1790 2787 Moneta

1114 2803 1225 2838 postea
1241 2800 1409 2838 appellata
1424 2802 1483 2835 est,
1499 2799 1595 2830 vovit.
1619 2799 1725 2830 szv.

1157 2851 1176 2881 9
1199 2842 1385 2871 Damnatus
1407 2843 1487 2879 voti]
1526 2841 1573 2872 Ut
1588 2851 1673 2879 supr.
1691 2850 1718 2870 v.
1737 2848 1786 2879 25.

1112 2883 1261 2913 astrictus
1279 2884 1320 2913 ad
1341 2883 1589 2922 persolvendum
1609 2886 1730 2920 votum,
1750 2887 1787 2912 ut

1113 2924 1167 2963 qui
1184 2925 1249 2955 voti
1266 2935 1399 2963 compos
1414 2925 1518 2955 factus
1534 2923 1586 2954 sit.
