1934 3211
540 165 666 206 LIB
701 163 825 204 vm.
874 164 1021 205 eAP.
1039 142 1122 206 '10
1447 171 1530 209 463

128 256 208 312 ipsi
223 255 477 319 fatigassent,
496 263 538 295 et
554 254 692 295 hastas
713 262 786 295 aut
806 253 1141 309 praefregissent,
1159 263 1232 295 aut
1249 256 1530 307 hebetassent,
1549 275 1590 306 L.
1608 276 1646 307 C.
1664 285 1724 313 4¹5
1730 298 1737 305 ,

128 313 335 369 pellerent
363 327 405 352 vi
437 320 580 352 tamen
612 311 789 375 hostem,
822 310 1080 352 debellatum
1113 312 1197 352 iam
1230 313 1323 361 rati,
1355 319 1585 369 perv-en-A
1609 320 1647 350 C.
1667 327 1738 357 337·

129 378 304 433 tumque
337 368 391 408 ad
423 376 657 409 extremam
689 368 849 417 aciem3
884 377 973 409 tum
1008 368 1154 409 consul
1187 369 1352 419 triariis,
1387 376 1398 394 ‘
1417 370 1534 412 Con-

131 425 313 481 ‘surgite
344 426 485 474 nune‚'
517 425 669 481 inquit,
715 425 896 490 ‘integri
929 425 1009 466 adv
999 441 1127 467 ersus
1159 426 1300 476 fessos,
1327 442 1533 469 memores

130 483 316 540 ‘patriae
337 491 648 539 parentumque
671 490 714 524 et
735 498 964 539 coniugum
981 498 1029 524 ac
1050 483 1303 533 liberorum,
1327 499 1534 526 memores

129 539 339 582 ‘consulis
378 555 454 596 pro
494 549 631 582 vestra
668 540 844 582 victoria
863 516 1015 581 &morte
1057 541 1372 583 occumbentis?
1445 541 1692 584 Ub1V1ncunt

128 597 260 640 triarii
285 606 642 639 consurrexerunt
665 597 834 654 integri,
857 597 1163 654 refulgentibus
1191 599 1327 648 armis,
1351 615 1460 641 nova
1480 615 1534 640 ex
1548 595 1699 628 Romani.

128 655 354 711 improviso
375 664 523 696 exorta
543 655 665 705 acies,
687 655 868 720 receptis
893 655 937 695 in
959 655 1095 696 interr
1097 655 1177 697 alla
1198 656 1395 697 ordinum
1417 666 1535 698 ante-

159 712 294 762 ilanis,
323 713 504 754 clamore
541 712 705 754 sublato
735 713 943 769 prineipia
970 712 1222 754 Latinorum
1257 714 1531 770 perturbant:

128 728 343 826 Eastisque
377 785 450 812 ora
481 769 702 834 fodientes,
732 785 867 825 prlmo
900 770 1048 811 robore
1081 771 1267 812 virorum
1300 786 1434 821 caeso,
1460 787 1537 828 per

129 827 231 869 alios
252 827 502 884 manipulos,
525 827 642 868 velut
669 828 863 876 inermes,
885 842 1017 883 prope
1045 827 1191 869 intacti
1214 844 1409 870 evasere·
1400 861 1410 878 ,
1444 838 1537 870 tan-

130 893 257 940 taque
285 885 415 927 caede
443 899 672 941 perrupere
700 899 871 934 cuneos,
894 893 942 925 ut
962 884 1033 924 vix
1055 894 1247 940 quartam
1277 895 1441 942 partem
1472 902 1537 928 ie-

98 942 374 998 Slinquerent
394 942 590 983 hostium.
648 941 858 983 Samnites
879 957 1064 997 quoque,
1087 943 1164 984 sub
1185 943 1396 984 radicibus
1418 959 1537 985 mon—

131 1001 184 1041 tis
205 999 352 1056 procul
377 999 583 1049 instructi,
606 999 836 1055 praebuere
863 1008 1064 1040 terrorem
1088 999 1265 1041 Latinis.
1331 1000 1534 1042 Ceterum

130 1057 243 1098 inter
263 1072 410 1098 omnes
432 1057 543 1098 cives
564 1057 781 1112 sociosque
803 1057 1032 1112 praecipua
1056 1056 1146 1098 laus
1167 1058 1258 1098 eius
1279 1058 1378 1099 belli
1407 1074 1537 1114 penes

130 1114 323 1156 consules
352 1114 458 1155 fuit:
493 1129 673 1170 quorum
704 1113 809 1155 alter
840 1129 986 1155 omnes
1017 1115 1152 1156 minas
1182 1115 1453 1181 periculaque
1486 1117 1537 1157 ab

130 1171 211 1213 diis
239 1171 401 1228 superis
432 1171 661 1236 inferisque
693 1171 738 1212 in
769 1187 811 1213 se
841 1187 972 1213 unum
996 1173 1146 1213 vertit·
1181 1173 1286 1215 alter
1313 1189 1362 1214 ea
1382 1174 1536 1215 virtute

131 1244 266 1285 eoque
299 1228 474 1270 consilio
506 1244 550 1270 1n
581 1228 742 1294 proelio
778 1229 870 1279 fuit,
906 1238 953 1270 ut
988 1229 1108 1271 facile
1146 1231 1391 1272 convenerit
1427 1231 1539 1272 inter

134 1286 350 1328 Romanos
371 1286 647 1342 Latinosque,
670 1287 744 1342 qui
772 1287 862 1328 eius
890 1302 1057 1343 pugnae
1086 1288 1331 1329 memoriam
1361 1288 1539 1344 posteris

98 1344 411 1394 9tradiderunt,
440 1344 576 1385 utrius
606 1345 735 1400 partis
764 1344 814 1385 T.
836 1344 1025 1385 Manlius
1052 1344 1140 1385 dux
1167 1345 1326 1395 fuisset,
1357 1346 1447 1386 eius
1473 1345 1538 1386 fu-

132 1411 269 1443 turam
310 1401 424 1442 haud
460 1401 588 1442 dubie
630 1401 755 1442 fuisse
792 1402 1020 1443 victoriam
1084 1402 1227 1444 Latini
1269 1418 1322 1444 ex
1362 1403 1462 1459 fuga
1494 1418 1536 1444 sc

133 1458 378 1500 RIinturnas
400 1459 682 1500 contulerunt.
749 1458 899 1500 Castra
918 1459 1152 1501 secundum
1173 1460 1380 1525 proelium
1402 1470 1537 1517 capta,

134 1516 340 1573 multique
383 1516 578 1557 mortales
620 1517 677 1557 ibi
717 1517 800 1557 vivi
841 1517 1041 1573 opplessi,
1085 1518 1268 1559 maxime
1314 1517 1534 1574 Campani.

135 1574 258 1616 Decii
280 1589 432 1630 corpus
452 1589 506 1615 ne
529 1589 580 1615 eo
601 1573 702 1615 die
693 1574 965 1624 inveniretur,
988 1590 1074 1616 nox
1096 1582 1346 1630 quaerentes
1367 1590 1538 1631 oppres-

132 1632 197 1673 sit.
241 1631 417 1673 Postero
434 1631 502 1672 die
520 1632 740 1672 inventum
757 1632 868 1672 inter
889 1632 1116 1673 maximam
1137 1632 1322 1673 hostium
1340 1641 1536 1689 stragem,

131 1698 376 1745 coopertum
398 1688 517 1730 telis·
508 1721 518 1737 ‚
551 1689 762 1745 funusque
784 1689 823 1730 ei
845 1704 919 1745 par
940 1690 1077 1739 morti,
1100 1689 1340 1731 celebrante
1362 1690 1536 1747 collega,

131 1746 287 1788 factum
309 1754 383 1788 est.
427 1746 541 1787 Illud
561 1746 848 1788 adiiciendum
870 1747 1049 1797 videtur,
1073 1747 1198 1789 licere
1221 1747 1384 1789 consuli
1405 1747 1538 1789 dicta·
1552 1754 1707 1786 Devotio-

132 1804 298 1860 torique
327 1813 370 1845 et
397 1804 592 1860 praetori,
615 1819 748 1860 quum
779 1804 966 1861 legiones
996 1805 1181 1846 hostium
1212 1805 1428 1855 devoveat,
1451 1821 1537 1847 non
1551 1808 1627 1829 ”⁰¹¹¹
1647 1798 1741 1837 leges.

132 1862 280 1918 utique
301 1876 358 1911 se,
377 1861 452 1903 sed
471 1877 599 1918 quem
615 1861 718 1903 velit
739 1877 792 1903 ex
813 1862 980 1919 legione
1000 1862 1194 1904 Romana
1214 1863 1368 1919 scripta
1388 1864 1452 1905 civ
1455 1879 1536 1912 em,

106 1918 366 1961 ¹devovere:
400 1919 434 1960 si
463 1934 497 1960 ls
525 1920 665 1984 horno,
689 1920 762 1975 qui
788 1919 965 1961 devotus
991 1929 1066 1970 est,
1091 1920 1279 1970 moritur,
1302 1922 1432 1976 probe
1454 1922 1538 1962 fac-

102 1984 223 2018 ²tum
245 1976 404 2017 videri:
439 1977 481 2016 ni
512 1977 700 2026 moritur,
724 1986 813 2017 tum
842 1978 1010 2032 signum
1039 1986 1199 2032 septem
1229 1978 1360 2033 pedes
1391 1978 1536 2028 altum,

104 2043 206 2077 aaut
242 2034 389 2083 maius,
421 2033 466 2074 in
499 2042 650 2074 terram
683 2033 840 2082 defodi,
872 2043 915 2074 et
946 2034 1159 2089 piaculum
1193 2034 1372 2075 hostiam
1404 2035 1536 2076 caedi.

137 2090 223 2131 Ubi
246 2090 350 2131 illud
372 2091 539 2145 signum
560 2090 770 2131 defossum
793 2091 886 2140 erit,
909 2106 960 2131 eo
982 2091 1270 2145 magistratum
1295 2091 1536 2132 Romanum

134 2147 361 2189 escendere
395 2148 454 2188 fas
485 2163 570 2188 non
602 2162 703 2188 esse.
770 2146 844 2188 Sin
878 2156 1018 2188 autem
1051 2163 1138 2188 sese
1173 2147 1380 2189 devovere
1412 2148 1536 2198 volet,

134 2206 255 2246 sicuti
295 2205 454 2246 Decius
490 2205 685 2253 dexoxit3
735 2205 777 2245 ni
816 2205 1004 2253 moritur,
1042 2220 1181 2261 neque
1221 2220 1358 2254 sunm,
1397 2221 1536 2262 neque

135 2263 350 2320 publicum
383 2262 573 2303 divinum
608 2278 711 2318 pure
744 2262 880 2312 faciet,
910 2263 982 2318 qui
1018 2277 1106 2303 sese
1138 2262 1365 2303 dexoxerit.
1430 2263 1536 2305 Vul-

134 2336 240 2362 cano
268 2335 381 2362 arma
412 2321 497 2361 sive
529 2321 596 2361 cui
628 2320 697 2360 alii
726 2320 823 2361 divo
852 2335 1001 2361 v·oxe1e
1024 2319 1147 2368 volet,
1175 2320 1259 2361 sive
1290 2320 1425 2361 hostia
1452 2321 1537 2362 sive

134 2394 220 2434 quo
241 2378 323 2420 alio
344 2377 469 2427 volet,
493 2378 557 2418 ius
578 2387 651 2419 cst.
715 2377 835 2426 selo,
859 2393 984 2433 super
1005 2377 1119 2433 quod
1142 2387 1254 2418 stans
1275 2378 1421 2418 consul
1443 2393 1537 2434 pre-

180 2530 199 2559 8
221 2531 397 2568 Samnites]
435 2530 556 2561 Contra
584 2530 615 2560 in
643 2529 814 2560 annalibus
904 2539 919 2559 2
946 2530 1098 2569 Siynmn]
1132 2527 1310 2565 Imaginem
1344 2527 1412 2558 cius
1439 2528 1538 2558 homi-

137 2572 327 2611 quibusdam
346 2573 507 2603 Samnites
524 2583 588 2603 una
604 2583 676 2602 cum
694 2573 812 2603 Roma·
860 2571 919 2605 nis,
945 2571 999 2610 qui
1028 2572 1164 2601 devotus
1196 2581 1258 2600 non
1291 2575 1338 2600 cst
1370 2575 1515 2600 mortuus
1533 2584 1540 2607 3

138 2615 186 2645 nis
203 2615 232 2644 in
251 2615 320 2645 acie
336 2615 460 2645 stetisse
479 2615 638 2654 proditum
658 2619 715 2645 est.
861 2619 995 2643 mortem
1021 2613 1106 2644 enim
1133 2613 1202 2643 eius
1226 2613 1406 2642 dcfimsinne
1430 2613 1539 2652 inuigi-

186 2669 205 2697 ι)
235 2658 348 2688 Utrum
373 2659 478 2696 partis
503 2659 535 2688 T.
554 2659 704 2687 Manlius
729 2658 812 2695 dtur]
862 2657 909 2686 nis
930 2662 959 2686 et
984 2656 1106 2685 hostiaw
1123 2656 1221 2685 caede
1239 2655 1468 2694 repraesentari
1488 2667 1538 2685 vo-

141 2699 188 2731 Ut
204 2699 257 2739 qui
278 2699 447 2739 prudentia
464 2710 521 2729 suu
537 2699 662 2729 triarios
680 2700 719 2729 ud
743 2699 814 2728 ulti·
863 2700 1000 2729 luerunt.
1027 2700 1139 2728 Sinos.

139 2752 228 2772 mum
261 2741 431 2771 discrimen
464 2746 590 2781 practer
619 2741 816 2780 expectatio·
906 2751 923 2780 3
949 2741 1140 2777 Piaculum!
1174 2739 1330 2770 Similiter
1354 2739 1430 2778 ἄγος
1452 2742 1538 2780 apud

139 2795 213 2815 nem
232 2784 370 2814 hostium
389 2785 447 2814 sub
463 2784 559 2823 signis
576 2788 732 2814 tenuerat.
865 2783 1007 2813 Graecos
1024 2783 1054 2812 id
1066 2783 1150 2821 qnod
1169 2782 1367 2821 expiandum
1381 2782 1541 2823 sit‚utque

189 2837 197 2858 1
218 2829 253 2858 Si
273 2829 298 2857 is
314 2828 415 2863 homo,
427 2828 482 2867 qui
499 2827 629 2857 devotum
645 2827 706 2863 est]
727 2826 818 2856 Hace
865 2825 894 2855 id
913 2837 976 2865 quo
993 2825 1152 2864 expiatur,
1169 2824 1336 2863 significat.
1385 2825 1450 2856 Hic
1472 2836 1539 2857 uen-

139 2881 240 2909 usquc
271 2870 310 2900 nd
341 2870 436 2899 tinem
466 2869 581 2909 cupitis
608 2869 693 2899 haud
721 2869 818 2899 dubie
863 2878 899 2898 ou
919 2868 1092 2907 posteriore
1108 2867 1333 2907 accipiendum
1351 2872 1408 2900 est.

141 2923 180 2943 ex
198 2913 337 2943 formula
352 2912 486 2952 antiqua
503 2913 695 2951 depromptu
712 2915 795 2941 sunt.
