1934 3211
622 166 749 207 LIB.
784 166 860 206 IV.
908 166 1055 207 CAP.
1090 170 1157 207 26.
1513 171 1592 209 251

192 273 351 314 agrum,
380 267 423 298 et
456 256 627 306 Cumas,
660 265 872 312 postremo
902 256 947 295 in
980 254 1165 296 Siciliam
1197 271 1368 311 quoque
1399 257 1599 298 frumenti
1616 269 1659 301 U.
1677 270 1715 300 C.
1734 279 1805 309 322.

193 330 317 357 causa
345 314 506 355 misere.
571 312 871 355 Consularium
899 312 1166 354 comitiorum
1194 312 1312 353 nulla
1338 314 1498 354 mentio
1526 314 1601 355 ha-
1615 313 1654 343 A.
1679 313 1717 344 C·
1734 322 1807 352 430-

192 372 280 413 bita
288 378 368 413 est.
428 371 610 412 Tribuni
627 370 810 411 militum
827 369 1037 411 consulari
1052 378 1258 425 potestate
1276 385 1423 411 omnes
1438 371 1601 426 patricii

193 429 321 470 creati
342 438 452 478 sunt,
471 429 520 470 L.
540 428 735 469 Pinarius
757 427 1058 476 Mamercinus,
1077 426 1126 468 L.
1147 425 1299 468 Furius
1321 426 1601 478 Medullinus,

197 486 267 543 Sp.
291 486 534 527 Postumius
558 486 705 527 Albus.

254 543 319 585 Eo
340 544 534 585 anno'vis
551 544 686 585 morbi
706 542 854 591 levata,
877 557 1018 598 neque
1035 556 1060 582 a
1079 541 1255 597 penuria
1272 541 1485 591 frumenti,
1504 542 1603 598 quia
1619 551 1662 582 U.
1680 552 1718 582 C.
1738 560 1808 590 3²3-

195 610 292 643 ante
306 601 517 657 provisum
526 610 626 650 erat,
636 600 870 657 perieulum
879 599 969 640 fuit.
1004 598 1193 640 Consilia
1207 599 1261 640 ad
1274 599 1483 640 movenda
1495 599 1604 640 bella
1619 595 1657 624 A.
1682 595 1720 641 C:
1738 603 1811 640 4²9·

194 659 239 699 in
257 658 510 700 Volscorum
526 659 862 715 Aequorumque
876 656 1077 706 conciliis,
1096 665 1138 697 et
1150 657 1194 697 in
1211 656 1381 698 Etruria
1393 657 1447 697 ad
1459 657 1604 698 fanum
1619 637 1826 710 {Q'clriffffiij's

195 716 467 766 Voltumnae,
491 717 654 773 agitata.
717 715 784 756 Ibi
804 714 989 771 prolatae
1011 714 1056 755 in
1073 729 1230 755 annum
1254 729 1330 763 res,
1349 714 1604 770 decretoque

196 782 380 823 cautum,
396 789 450 814 ne
465 773 580 830 quod
594 782 690 814 ante
708 772 934 814 concilium
948 772 1086 820 fieret3
1117 771 1403 828 nequicquam
1421 772 1604 813 Veiente

196 831 354 888 populo
383 840 601 885 querente,
624 830 818 879 eandem,
841 844 925 885 qua
950 829 1134 870 Fidenae
1156 828 1320 870 deletae
1348 829 1445 878 sint,
1467 829 1606 869 immi-

197 904 297 931 nere
319 888 438 929 Veiis
458 889 682 930 fortunam.

257 946 434 987 Interim
471 946 633 987 Romae
669 945 881 1002 principes
912 944 1058 1000 plebis,
1091 944 1175 984 iam
1211 943 1284 985 diu
1320 944 1608 1000 nequicquam

198 1004 474 1044 imminentes
505 1003 593 1059 spei
625 1003 792 1044 maioris
828 1002 1011 1050 honoris,
1044 1001 1147 1042 dum
1184 1001 1282 1042 foris
1316 1001 1450 1043 otium
1486 1010 1607 1051 esset,

199 1069 344 1102 coetus
374 1060 560 1102 indicere
591 1061 635 1101 in
666 1060 814 1101 domos
845 1060 1109 1100 tribunorum
1141 1058 1291 1115 plebei.
1355 1058 1420 1100 Ibi
1451 1067 1611 1100 secreta

199 1118 374 1160 consilia
401 1118 580 1174 agitare:
615 1118 748 1174 queri,
774 1123 785 1141 ‘
801 1132 843 1158 se
865 1132 889 1158 a
909 1116 1033 1173 plebe
1062 1116 1168 1158 adeo
1196 1125 1369 1172 spretos,
1393 1125 1453 1166 ut,
1476 1131 1611 1172 quum

201 1181 302 1232 ‘per
322 1184 384 1217 tot
406 1191 538 1217 annos
560 1175 718 1216 tribuni
740 1174 922 1215 militum
944 1173 1151 1215 consulari
1173 1183 1378 1230 potestate
1401 1182 1609 1222 creentur,

203 1239 213 1257 ‘
227 1233 334 1274 nulli
381 1248 568 1289 unquam
611 1233 777 1289 plebeio
818 1232 872 1273 ad
912 1246 1009 1273 eum
1051 1231 1256 1273 honorem
1297 1231 1436 1272 aditus
1470 1230 1609 1272 fuerit.

175 1309 185 1330 1
204 1296 215 1314 ‘
233 1290 422 1332 Multum
460 1290 687 1346 providisse
725 1305 820 1331 suos
861 1289 1052 1338 maiores,
1090 1289 1165 1345 qui
1206 1289 1405 1337 caverint,
1447 1303 1501 1329 ne
1544 1287 1613 1329 cui

172 1366 188 1386 2
205 1354 215 1372 ⁶
229 1349 404 1404 patricio
426 1348 580 1404 plebeii
602 1348 866 1404 magistratus
890 1355 1083 1403 paterent
1099 1362 1110 1395 3
1143 1355 1215 1386 aut
1236 1346 1433 1401 patricios
1453 1345 1614 1386 haben-

205 1412 215 1429 ‘
232 1405 308 1447 dos
329 1405 454 1447 fuisse
477 1406 667 1447 tribunos
688 1405 849 1461 plebei:
884 1403 990 1444 adeo
1012 1418 1054 1444 se
1077 1404 1161 1443 suis
1182 1403 1309 1444 etiam
1331 1403 1512 1451 sordere,
1535 1417 1614 1443 nee

205 1469 254 1505 ‘a
274 1463 396 1520 plebe
419 1463 571 1512 minus,
595 1477 720 1518 quam
751 1478 775 1503 a
800 1461 996 1502 Patribus
1017 1460 1260 1502 contemni.’
1322 1459 1410 1500 Alii
1433 1475 1613 1516 purgare

204 1521 385 1578 plebem,
408 1521 575 1577 eulpam
604 1520 649 1560 in
677 1519 823 1560 Patres
844 1527 1030 1559 vertere:
1067 1523 1079 1541 ‘
1095 1532 1241 1559 eorum
1263 1517 1494 1558 ambitione
1517 1517 1615 1558 arti-

207 1585 218 1603 ‘
234 1579 396 1635 busque
418 1578 522 1628 fieri,
545 1586 593 1618 ut
613 1577 860 1633 obsaeptum
890 1575 1004 1632 plebi
1026 1576 1079 1616 sit
1099 1575 1153 1616 ad
1181 1575 1385 1616 honorem
1414 1575 1504 1616 iter.
1571 1574 1616 1616 Si

207 1642 218 1660 ⁶
234 1636 347 1693 plebi
369 1636 569 1692 respirare
601 1635 653 1676 ab
675 1649 820 1676 eorum
843 1634 986 1675 mixtis
1012 1633 1208 1689 precibus
1236 1633 1446 1688 minisque
1478 1631 1614 1682 liceat,

175 1700 463 1741 3‘memore1n
496 1708 589 1734 eam
621 1707 792 1734 suorum
824 1691 1024 1732 inituram
1057 1690 1254 1747 suffragia
1288 1705 1390 1739 esse,
1423 1699 1467 1731 et
1496 1698 1616 1746 parto

208 1757 219 1775 ‘
235 1750 394 1792 auxilio
430 1751 654 1807 imperium
692 1764 862 1807 quoque
901 1749 1150 1790 ascituram.'
1209 1747 1368 1797 Placet,
1404 1747 1615 1788 tollendae
1630 1757 1698 1788 Lex
1712 1758 1751 1788 de
1762 1757 1837 1788 albo

174 1809 446 1855 4ambiti0nis
467 1823 592 1849 causa
620 1808 811 1849 tribunos
837 1807 975 1863 legem
996 1805 1275 1863 promulgare,
1297 1821 1351 1847 ne
1379 1805 1448 1846 cui
1474 1804 1616 1846 album
1630 1800 1661 1830 5¹¹
1681 1801 1774 1831 ‘⁰⁸⁶‘

207 1867 252 1907 in
268 1866 566 1908 vestimentum
584 1865 739 1907 addere
762 1864 980 1921 petitionis
1002 1864 1145 1905 liceret
1163 1879 1300 1904 causa.
1346 1863 1483 1904 Parva
1503 1877 1617 1903 nunc
1631 1848 1834 1916 ΕῚᾸᾹἺΗΗΘΠ

207 1939 285 1974 res,
308 1933 351 1965 et
371 1924 442 1965 vix
464 1924 571 1965 serio
587 1923 751 1980 agenda
772 1922 902 1963 videri
925 1922 1066 1978 possit,
1090 1936 1198 1976 quae
1221 1930 1322 1962 tunc
1344 1920 1507 1976 ingenti
1530 1935 1617 1961 cer·
1632 1929 1683 1959 do.

209 1982 367 2023 tamine
389 1981 536 2023 Patres
563 1997 610 2022 ac
632 1981 798 2037 plebem
828 1979 1034 2021 accendit.
1098 1978 1251 2020 Vicere
1281 1987 1424 2020 tamen
1447 1977 1617 2025 tribuni,

210 2049 257 2080 ut
277 2039 414 2094 legem
437 2039 694 2095 perferrent:
729 2038 1056 2093 apparebatque,
1080 2036 1248 2076 irritatis
1265 2035 1428 2084 animis,
1450 2035 1619 2090 plebem

211 2096 264 2136 ad
286 2112 382 2136 suos
398 2096 534 2137 studia
554 2095 871 2136 inclinaturam:
906 2108 1015 2148 quac
1038 2108 1091 2133 ne
1115 2092 1245 2133 libera
1262 2101 1413 2140 essent,
1431 2100 1620 2132 senatus-

212 2153 450 2194 consultum
487 2153 645 2194 factum
683 2161 758 2200 est,
795 2160 840 2191 ut
875 2149 1109 2191 consularia
1144 2149 1315 2189 coniitia
1351 2149 1617 2189 haberentur.

213 2210 443 2251 Tumultus
475 2226 599 2251 causa
629 2209 720 2257 suit,
754 2224 880 2265 quem
918 2208 969 2248 ab
1009 2206 1172 2262 Aequis
1203 2215 1245 2246 ct
1277 2205 1443 2247 Volscis
1476 2205 1618 2246 Latini
1703 2205 1771 2243 26.

213 2278 340 2324 atque
366 2267 540 2309 Hernici
566 2267 820 2308 nuntiarant.
873 2265 922 2306 T.
951 2264 1179 2312 Quinctius
1203 2263 1250 2304 L.
1273 2263 1315 2304 F.
1338 2263 1620 2304 Cincinnatus
1635 2260 1677 2291 U·
1696 2262 1733 2291 (³.
1753 2270 1824 2299 3²4·

213 2325 374 2376 (cidem
403 2335 443 2366 et
478 2325 627 2366 Penno
652 2339 886 2380 cognomen
913 2322 1103 2377 additur)
1131 2331 1173 2362 ct
1209 2321 1257 2361 C.
1288 2320 1420 2361 Iulius
1453 2320 1618 2370 Mento,
1633 2305 1672 2376 ‘ll
1687 2304 1824 2381 (ἓως-δ’

1633 2388 1840 2425 cti‹·‚t'.1uliu

1633 2433 1723 2463 Coss.

215 2496 305 2527 cultu
333 2505 496 2534 aurorum.
548 2494 698 2524 Fortasse
727 2492 897 2532 deperdita
987 2500 1003 2529 3
1029 2492 1132 2520 l'nrto
1153 2490 1294 2526 nna-ilio]
1322 2488 1423 2518 Sicuti
1450 2498 1506 2528 per
1527 2489 1621 2518 mnri-

217 2542 264 2568 est
282 2548 346 2567 una.
367 2542 421 2567 aut
439 2537 541 2567 altera
559 2547 619 2566 vox
634 2547 640 2566 z
666 2537 843 2574 absumptis
858 2546 897 2566 eu
942 2535 1018 2563 lium
1045 2533 1226 2562 tribunatus
1253 2532 1365 2571 plebis.
1383 2531 1425 2560 itu
1451 2541 1507 2569 pcr
1526 2532 1622 2570 impc-

216 2581 306 2611 clmle
323 2581 498 2610 cultoribus
513 2590 676 2618 (tyrorum.
704 2580 810 2608 (¹1fflv.
943 2577 1027 2606 rium
1046 2576 1227 2605 tribunatus
1243 2575 1383 2604 rnilitum
1401 2584 1488 2604 cons.
1507 2578 1622 2612 potest.

267 2633 275 2652 1
304 2624 357 2653 Ne
382 2623 435 2652 cni
461 2622 617 2661 patriciu]
659 2621 798 2657 Legibus
827 2630 899 2649 vero
945 2618 1116 2648 indicatur.

219 2664 489 2695 decemviralibus
504 2664 611 2693 aditus
634 2664 674 2693 ad
699 2663 898 2692 tribunatum
982 2662 1125 2699 ,pilitum
1139 2661 1171 2689 in
1186 2661 1404 2690 vestimentum
1417 2659 1550 2696 addere]
1560 2657 1622 2690 ihc.

221 2707 324 2748 plebis
347 2706 488 2746 patriciis
513 2707 656 2745 putebat,
672 2710 786 2744 utpote
802 2704 899 2734 tribu·
946 2703 1069 2741 'l'ogzun
1088 2708 1174 2732 ert-tu
1192 2702 1410 2732 candidiorem
1428 2701 1572 2737 reddere,
1589 2705 1624 2731 ut

221 2750 305 2780 libus
323 2749 532 2789 plebeiorum.
946 2747 1090 2775 solt-bunt
1123 2744 1294 2784 petitores:
1331 2744 1384 2783 qui
1414 2743 1488 2773 hinc
1514 2745 1622 2773 cundi-

270 2803 285 2823 ἰ
312 2795 381 2822 Ant
405 2792 576 2831 patricios]
609 2800 650 2820 sc.
675 2789 841 2828 Alioquin,
867 2794 899 2819 ut
945 2789 1013 2818 daei
1030 2788 1233 2823 dict-buntur,
1256 2788 1295 2818 cf.
1317 2787 1402 2817 Pers.
1420 2787 1487 2817 sat.
1505 2796 1532 2816 v.
1556 2794 1623 2825 177.

221 2846 306 2875 supr.
326 2834 367 2865 iii.
385 2833 435 2873 65.
453 2833 534 2863 duos
559 2832 709 2872 patricios
732 2836 763 2862 et
787 2842 898 2861 conm—
945 2835 1067 2861 fretum
1084 2830 1223 2860 ambitio.
1263 2829 1313 2860 De
1330 2840 1387 2859 unu
1404 2833 1435 2860 et
1451 2828 1543 2859 variis
1559 2839 1622 2858 crc—

223 2879 305 2909 lun-s
330 2878 412 2908 viros
435 2876 580 2907 tribunos
605 2874 709 2915 plebis
733 2875 834 2905 finctus
859 2874 900 2904 lc·
946 2879 998 2903 tue
1022 2872 1204 2913 generibus,
1228 2872 1267 2904 cf.
1293 2872 1377 2903 l'lin.
1397 2872 1440 2903 11.
1461 2871 1502 2902 N.
1527 2881 1623 2902 xxxv.

222 2931 336 2960 gnnus.
951 2924 996 2955 17.
