1934 3211
172 284 216 315 U.
234 284 272 315 C.
290 285 362 324 387.

171 328 211 366 A.
235 327 273 358 C.
292 326 364 367 365.

175 400 350 430 Certamen

173 442 258 472 inter
269 442 368 472 dicta-

173 488 277 514 torem
294 488 326 515 et

173 527 328 558 tribunos.

187 1720 223 1750 P.
241 1719 387 1750 Manlius

185 1761 331 1793 dictator.

387 189 472 228 390

899 187 1049 230 ΤΙΤΙ
1089 187 1267 230 LIVII

389 277 527 334 legem
552 277 1005 335 intercedentiumque,
1031 287 1085 329 et,
1109 287 1267 335 quanto
1296 278 1385 319 iure
1416 276 1630 333 potentior
1655 275 1786 316 inter-

391 335 521 377 cessio
550 343 651 385 erat,
674 343 840 376 tantum
865 337 1103 377 vinceretur
1128 337 1268 377 favore
1296 335 1439 391 legum
1464 335 1649 390 ipsarum
1680 332 1787 374 lato-

391 408 583 448 rumque,
625 401 680 442 et,
725 398 736 417 ‘
754 392 831 434 Uti
878 394 1023 449 rogas,’
1063 393 1222 449 primae
1264 393 1396 434 tribus
1436 392 1650 440 dicerent3
1696 399 1819 435 tum4

395 449 613 500 Camillus,
656 456 668 474 ‘
689 450 1075 506 Quandoquidem,’
1122 451 1273 506 inquit,
1317 456 1329 474 ‘
1348 449 1550 498 Quirites,
1591 448 1676 489 iam
1714 462 1788 489 vos

393 507 646 549 ‘tribunicia
676 507 820 557 libido,
852 523 939 548 non
971 515 1167 563 potestas,
1199 508 1318 563 regit,
1352 516 1395 548 et
1429 505 1786 554 intercessionem,

394 572 405 589 ‘
420 565 651 607 secessione
678 565 893 620 quondam
917 564 1052 620 plebis
1078 573 1253 620 partam,
1275 564 1393 605 vobis
1417 564 1565 605 eadem
1586 564 1627 605 vi
1654 562 1789 604 facitis

395 628 406 646 ‘
421 623 594 671 irritam,
619 638 702 677 qua
727 622 972 678 peperistis3
1005 637 1092 661 non
1117 621 1371 677 reipublicae
1400 621 1531 676 magis
1555 621 1787 670 universae,

395 686 406 704 ⁶
424 695 551 736 quam
564 688 701 720 vestra
713 694 847 727 causa,
863 678 1043 719 dictator
1055 678 1344 719 intercessioni
1358 677 1496 727 adero,
1512 692 1788 733 eversumque

396 744 407 761 ‘
422 745 607 778 vestrum
627 736 832 776 auxilium
853 736 1029 791 imperio
1052 736 1229 776 tutabor.

1292 734 1456 791 Itaque,
1471 735 1505 776 si
1529 733 1579 776 C.
1599 734 1790 775 Licinius
1804 744 1821 776 5

397 800 408 818 ⁶
424 803 466 835 et
483 793 533 834 L.
556 792 725 833 Sextius
745 793 1034 834 intercessioni
1051 792 1304 849 collegarum
1321 793 1503 842 cedunt;
1535 791 1643 832 nihil
1662 791 1792 848 patri—

397 851 538 892 ‘cium
569 851 856 906 magistratum
887 850 1068 891 inseram
1103 851 1282 892 concilio
1311 850 1456 906 plebis.

1521 849 1566 891 Si
1596 849 1792 891 adversus

399 908 783 958 ‘intercessionem,
816 917 1016 964 tanquam
1053 916 1197 964 captae
1229 908 1387 949 civitati
1424 908 1537 963 leges
1573 907 1791 963 imponere

400 971 411 988 ‘
429 965 619 1015 tendent,
651 965 737 1006 vim
768 966 1035 1007 tribuniciam
1067 982 1092 1007 a
1121 981 1164 1007 se
1195 966 1286 1022 ipsa
1317 966 1487 1007 dissolvi
1514 980 1601 1006 non
1632 964 1792 1021 patiar.’

400 1022 616 1064 Adversus
646 1039 697 1064 ea
727 1039 859 1079 quum
890 1023 1165 1080 contemptim
1196 1024 1354 1065 tribuni
1381 1023 1514 1080 plebis
1541 1037 1631 1063 rem
1660 1021 1793 1062 nihilo

399 1080 568 1136 segnius
594 1089 858 1137 peragerent,
881 1089 971 1122 tum
999 1081 1184 1137 percitus
1204 1081 1265 1122 ira
1292 1080 1498 1122 Camillus
1516 1080 1696 1130 lictores,
1719 1079 1794 1136 qui

399 1138 453 1179 de
485 1138 625 1179 medio
654 1139 821 1195 plebem
851 1147 1107 1189 emoverent,
1140 1139 1275 1180 misit:
1318 1147 1362 1180 et
1388 1138 1553 1180 addidit
1580 1137 1727 1187 minas,
1759 1137 1793 1178 si

400 1204 636 1251 pergerent,
666 1204 925 1237 sacramento
955 1212 1100 1237 omnes
1122 1197 1314 1238 ‘iuniores
1345 1196 1606 1245 adacturum,
1634 1195 1795 1236 exerci-

402 1261 577 1309 tumque
591 1254 804 1310 extemplo
821 1269 875 1295 ex
891 1255 993 1295 urbe
1011 1254 1274 1296 educturum.
1337 1253 1561 1295 Terrorem
1578 1253 1795 1308 ingentem

401 1310 631 1352 incusserat
658 1311 794 1367 plebi3
829 1312 1006 1353 ducibus
1027 1312 1160 1368 plebis
1185 1311 1378 1353 accendit
1406 1311 1538 1367 magis
1566 1310 1794 1352 certamine

402 1368 575 1418 animos,
593 1384 721 1425 quam
742 1369 906 1410 minuit.

972 1369 1070 1419 Sed,
1087 1385 1131 1410 re
1153 1378 1303 1411 neutro
1323 1369 1536 1418 inclinata,
1552 1367 1794 1424 magistratu
1807 1372 1827 1404 6

402 1440 445 1465 se
460 1425 687 1475 abdicavit3
720 1442 793 1468 seu
808 1427 907 1482 quia
918 1427 1020 1468 vitio
1034 1435 1197 1468 creatus
1210 1435 1310 1477 erat,
1326 1435 1373 1468 ut
1386 1427 1584 1483 scripsere
1601 1424 1793 1482 quidam:

402 1497 477 1522 scu
512 1484 611 1537 quia
643 1485 800 1525 tribuni
828 1484 962 1540 plebis
998 1485 1187 1526 tulerunt
1217 1485 1270 1526 ad
1305 1484 1486 1541 plebem,
1517 1484 1646 1539 idque
1676 1481 1796 1538 plebs

404 1539 536 1588 scivit,
552 1549 610 1589 ut,
625 1541 658 1581 si
675 1541 736 1582 M.
749 1541 898 1582 Furius
912 1557 987 1597 pro
1001 1543 1203 1583 dictatore
1218 1542 1322 1598 quid
1336 1543 1499 1598 egisset,
1515 1541 1794 1605 quingentum
1812 1550 1828 1582 7

405 1596 582 1637 millium
605 1598 643 1638 ci
658 1598 790 1638 multa
811 1608 929 1639 esset.

996 1599 1081 1640 Sed
1094 1601 1287 1655 auspiciis
1301 1615 1445 1655 magis,
1464 1614 1591 1655 quam
1612 1613 1710 1639 novl
1724 1612 1798 1639 ex-

405 1653 534 1710 empli
556 1655 785 1710 rogatione,
809 1656 1057 1696 deterritum
1079 1666 1125 1697 ut
1146 1658 1287 1712 potius
1308 1657 1490 1706 credam,
1513 1671 1647 1712 quum
1668 1654 1797 1709 ipsius

404 1711 481 1751 viri
502 1711 601 1752 facit
627 1712 859 1768 ingenium,
883 1721 973 1753 tum
995 1713 1109 1768 quod
1132 1714 1171 1754 ei
1192 1714 1390 1754 suffectus
1421 1721 1483 1754 est
1511 1711 1725 1767 extemplo
1746 1710 1793 1752 P.
1810 1717 1830 1747 8

404 1768 592 1809 Manlius
613 1769 813 1810 dictator:
848 1769 998 1825 (quein
1019 1770 1122 1825 quid
1143 1771 1274 1811 creari
1302 1770 1506 1811 attinebat
1526 1769 1580 1810 ad
1600 1769 1644 1809 id
1665 1777 1799 1810 certa-

403 1841 515 1874 men,
548 1842 632 1882 quo
671 1826 733 1867 M.
753 1827 903 1867 Furius
933 1828 1066 1868 victus
1105 1836 1212 1868 esset
1224 1828 1262 1883 P)
1293 1836 1335 1868 et
1366 1827 1480 1883 quod
1517 1827 1701 1868 eundem
1732 1825 1795 1867 M.

404 1883 578 1924 Furium
622 1883 871 1924 dictatorem
911 1885 1137 1940 insequens
1178 1900 1312 1926 annus
1352 1885 1510 1934 habuit,
1553 1884 1668 1925 haud
1708 1883 1797 1925 sine

403 1940 564 1996 pudore
596 1950 709 1982 certe
730 1942 907 1982 fractum
935 1943 1072 1998 priore
1104 1958 1214 1983 anno
1245 1943 1290 1983 in
1320 1958 1362 1984 se
1391 1942 1614 1998 imperium
1644 1942 1800 1997 repeti-

405 2007 568 2038 turum:
602 1998 724 2038 simul
740 1999 855 2054 quod
869 2015 919 2040 eo
941 2008 1143 2055 tempore,
1162 2015 1246 2055 quo
1263 2000 1576 2055 promulgatum
1593 1999 1645 2040 de
1669 1998 1800 2043 multa

405 2055 494 2095 eius
526 2055 715 2104 traditur,
738 2065 810 2096 aut
831 2066 874 2097 et
894 2056 993 2097 huic
1014 2057 1235 2112 rogationi,
1258 2073 1342 2113 qua
1362 2072 1404 2098 se
1426 2057 1471 2097 in
1492 2057 1685 2098 ordinem
1706 2056 1800 2111 cogi

404 2112 585 2161 videbat,
609 2113 807 2154 obsistere
829 2114 991 2169 potuit3
1024 2124 1096 2155 aut
1117 2129 1169 2155 ne
1187 2114 1277 2155 illas
1298 2114 1484 2170 quidem,
1507 2122 1677 2170 propter
1697 2128 1801 2170 quas

405 2178 447 2209 et
467 2169 571 2210 haec
592 2169 676 2210 lata
696 2179 798 2220 erat,
820 2171 1047 2227 impedire:
1081 2180 1136 2221 et,
1159 2172 1300 2227 quoad
1320 2187 1453 2228 usque
1482 2171 1536 2212 ad
1555 2171 1801 2213 memoriam

405 2234 589 2267 nostram
626 2227 859 2268 tribuniciis
889 2229 1260 2284 consularibusque
1296 2237 1502 2270 certatum
1531 2229 1689 2270 viribus
1723 2236 1800 2278 est,

405 2283 636 2324 dictaturae
658 2299 823 2340 semper
843 2285 966 2326 altius
982 2286 1195 2341 fastigium
1215 2286 1306 2328 fuit.

448 2429 468 2454 4
496 2418 550 2448 Uti
567 2418 677 2456 royas]
713 2417 754 2447 Id
770 2420 828 2454 est,
845 2416 902 2447 fiat
918 2416 965 2447 uti
981 2427 1081 2457 rogas.

407 2458 483 2488 Fuit
501 2458 583 2489 haec
599 2458 753 2489 sollennis
769 2469 842 2496 vox,
858 2469 922 2498 qua
943 2460 1084 2499 populus

406 2501 550 2538 iubebat,
566 2500 631 2531 sive
647 2501 802 2531 sciscebat
818 2500 851 2531 id
867 2502 952 2540 quod
968 2502 1009 2531 ab
1025 2501 1081 2532 ali-

407 2553 471 2581 quo
487 2543 673 2582 magistratu
689 2547 862 2582 rogaretur.
890 2544 996 2575 CREV.

452 2593 469 2624 5
501 2587 646 2615 Vestrum
665 2586 826 2616 (mavilium
846 2587 980 2625 imperio
998 2591 1081 2616 tuta-

408 2628 479 2664 bor]
521 2628 721 2657 Potest-atem
758 2627 970 2664 tribunitiam,
1000 2638 1082 2667 quae

407 2669 521 2699 auxilii
549 2669 638 2699 vobis
663 2670 785 2700 ferendi
813 2680 910 2700 causa
935 2670 1083 2700 instituta

408 2715 467 2748 est,
476 2711 612 2750 imperio
625 2711 795 2742 dictatorio
807 2713 945 2743 tutabor.
978 2713 1083 2743 Penes

406 2753 563 2791 tribunos,
586 2757 623 2783 ut
649 2754 714 2784 iam
741 2754 911 2793 aliquoties
938 2755 1082 2785 observa-

406 2798 476 2824 tum
493 2799 552 2831 est,
567 2797 684 2826 auxilii
699 2797 771 2833 ius;
798 2798 968 2836 imperium
984 2807 1083 2837 penes

407 2836 558 2874 patricios
575 2837 792 2877 magistratus,
809 2840 969 2876 consules,
984 2840 1082 2870 tribu-

407 2886 464 2905 nos
490 2878 628 2908 militum
657 2880 815 2911 consulari
841 2885 1013 2920 potestate,
1037 2881 1082 2912 di-

407 2921 555 2955 ctatores,
571 2924 649 2950 erat.
675 2922 781 2952 ΟΜΝ.

1170 2417 1190 2448 6
1212 2419 1416 2458 Mayistratu
1435 2428 1469 2449 se
1490 2417 1668 2455 abdicavit]
1702 2417 1802 2448 Hane

1127 2470 1195 2490 rem
1225 2460 1282 2490 alii
1311 2460 1405 2491 aliter
1433 2463 1573 2490 narrant.
1628 2460 1669 2490 In
1696 2459 1803 2490 Fastis

1127 2502 1235 2541 Capit.
1260 2502 1408 2542 legimus,
1430 2502 1620 2533 dictatorem
1645 2505 1678 2532 et
1702 2502 1801 2542 magi-

1127 2548 1227 2574 strum
1251 2545 1409 2584 equitum,
1428 2548 1551 2575 creatos
1573 2544 1618 2575 rei
1640 2545 1802 2584 gerundae

1128 2596 1236 2623 causa,
1254 2588 1289 2617 ob
1308 2588 1445 2618 edictum
1464 2587 1497 2617 in
1520 2586 1641 2618 milites
1656 2597 1696 2617 ex
1713 2587 1745 2618 S.
1762 2586 1800 2617 C.

1126 2628 1301 2660 abdicasse.

1173 2678 1189 2710 7
1215 2672 1301 2708 Quid
1314 2672 1443 2710 eyisset]
1478 2670 1568 2702 Hinc
1583 2670 1687 2711 liquet
1702 2669 1801 2701 dicta-

1126 2717 1229 2743 torem
1260 2712 1426 2743 ὗπεύθυνον
1447 2714 1545 2744 fuisse
1578 2717 1651 2753 post
1680 2722 1801 2744 annum

1127 2755 1255 2795 imperii
1275 2756 1417 2793 finitum,
1432 2756 1463 2786 vi
1478 2757 1571 2787 Iunii
1590 2755 1760 2796 plebisciti,
1775 2754 1800 2784 si

1128 2797 1161 2828 N
1165 2797 1265 2829 iebhr.
1272 2797 1452 2836 audiamus,
1458 2798 1501 2829 iii.
1510 2809 1540 2838 p.
1550 2808 1599 2838 30.
1612 2797 1683 2828 infr.
1689 2796 1732 2827 ix.
1742 2795 1792 2828 26.

1170 2841 1189 2870 8
1212 2842 1253 2871 P.
1270 2842 1422 2871 Illanlius
1444 2841 1596 2877 dictator]
1629 2839 1801 2870 Seditionis

1127 2883 1287 2913 sedandae
1309 2887 1340 2913 et
1366 2884 1414 2913 rei
1440 2883 1607 2921 ‚qm-undae
1629 2891 1740 2919 causa,
1764 2884 1800 2912 ut

1128 2935 1168 2955 cx
1185 2925 1312 2963 Fragm.
1331 2924 1358 2954 F
1359 2929 1417 2956 ast.
1435 2923 1542 2962 Capit.
1559 2926 1704 2962 apparet.
