1934 3211
599 144 723 186 LIB.
757 144 812 185 X.
856 144 1000 186 CAP.
1449 150 1532 188 589

155 248 280 290 quam
292 234 540 276 feminarum
555 249 655 275 esse.
716 233 768 274 In
789 234 833 275 id
854 243 1018 290 tempus
1038 235 1175 289 igitur,
1194 249 1278 289 quo
1297 236 1407 276 vinci
1427 235 1534 277 sole·
1548 245 1592 277 U.
1609 246 1646 277 C.
1664 254 1736 284 457-

154 291 225 333 bat
236 291 377 341 hostis,
392 306 517 347 quam
530 291 817 356 integerrimas
829 292 935 333 vires
948 291 1069 332 militi
1082 292 1279 332 servabat.
1341 290 1587 334 FerociorA·
1609 289 1646 319 C.
1664 297 1735 328 295·

155 348 313 391 Decius
342 358 384 390 et
413 358 547 390 aetate
578 357 621 390 et
646 364 787 405 vlgore
818 349 958 398 animi,
981 359 1353 405 quantumcunque
1384 351 1534 391 virium

154 405 312 456 habuit,
326 406 552 448 certamine
573 406 707 471 primo
728 406 887 448 effudit.
951 405 1019 456 Et,
1038 421 1136 463 qula
1156 406 1306 447 lentior
1318 407 1536 449 videbatur

153 438 357 520 pedestiis
385 479 538 530 pugna,
569 465 802 520 equitatum
831 465 876 505 in
905 479 1089 530 pugnam
1117 464 1322 506 concitat:
1361 474 1402 505 et
1432 465 1533 520 ipse,

153 521 427 564 fortissimae'
417 537 616 564 iuvenum
638 530 796 564 turmae
818 522 1045 572 immixtus,
1068 531 1157 564 orat
1176 537 1368 579 proceres
1388 522 1458 562 1111Υ
1460 537 1534 563 en-

155 579 268 629 tutis,
290 579 335 620 in
361 579 524 621 hostem
545 589 591 621 ut
616 595 755 621 secum
777 581 982 637 impetum
1002 581 1177 622 faciant:
1210 579 1422 636 duplicem
1443 579 1535 621 illo-

153 651 247 678 rum
275 637 450 694 gloriam
476 637 576 687 fore,
598 638 631 679 si
662 639 713 680 ab
743 637 859 680 laevo
889 653 1020 680 cornu
1049 647 1091 680 et
1121 638 1172 679 ab
1202 637 1343 694 equite
1364 637 1535 679 victoria

153 694 337 760 incipiat.
399 695 472 737 Bis
503 711 552 737 av
554 704 686 738 ertere
715 695 924 738 Gallicum
951 697 1196 762 equitatum.
1258 695 1415 737 Iterum
1443 695 1535 736 lon-

154 752 247 818 gius
273 761 449 803 evectos,
471 763 513 795 et
534 754 615 795 iam
636 754 745 795 inter
765 754 903 795 media
923 754 1112 810 equitum
1144 754 1310 811 agmina
1329 752 1533 810 proelium

125 810 325 861 7cientes,
346 826 503 852 novum
527 827 692 868 pugnae
713 812 941 853 conterruit
967 827 1120 877 genus:
1153 789 1306 853 essedis
1326 826 1534 868 carrlsque

155 878 391 925 superstans
411 879 591 910 armatus
616 869 744 911 hostis
765 870 926 926 ingenti
946 870 1086 911 sonitu
1110 884 1313 926 equorum
1334 878 1536 910 rotarum-

155 941 237 982 que
258 926 439 976 advenit,
461 936 503 968 et
524 926 708 968 insolitos
729 927 818 968 eius
811 904 1041 969 *tumultus
1064 927 1351 969 Romanorum
1372 935 1537 968 conter-

124 983 238 1025 8mit
283 999 426 1040 equos.
488 983 553 1026 Ita
590 984 790 1026 victorem
831 985 1064 1041 equitatum
1104 985 1219 1027 velut
1257 984 1536 1042 13mphaticus

154 1056 284 1098 pavor
306 1041 503 1098 dissipat:
537 1042 682 1084 sternit
710 1042 808 1084 inde
829 1052 997 1084 ruentes
1021 1058 1150 1099 equos
1170 1044 1360 1099 virosque
1382 1043 1534 1099 impro-

156 1098 254 1141 vida
272 1099 381 1156 fuga.
444 1099 632 1141 Turbata
651 1100 750 1142 hinc
771 1101 896 1142 etiam
925 1101 1043 1157 signa
1063 1101 1296 1157 legionum:
1330 1100 1536 1156 multique

154 1156 316 1223 impetu
336 1172 544 1223 equorum·
553 1173 600 1199 ac
613 1158 897 1200 vehiculorum
915 1168 1125 1215 raptorum
1139 1174 1214 1215 per
1229 1174 1378 1215 agmen
1395 1158 1536 1200 obtriti

155 1214 439 1272 antesignani.
472 1224 514 1257 et
535 1216 734 1266 insecuta,
756 1216 877 1257 simul
899 1217 1060 1258 territos
1081 1217 1219 1258 hostes
1239 1216 1356 1266 vidit,
1374 1215 1538 1257 Gallica

155 1273 265 1315 acies
298 1273 461 1314 nullum
500 1274 677 1329 spatium
714 1274 942 1331 respirandi
963 1274 1295 1362 recipiendique
1327 1289 1370 1315 se
1406 1273 1534 1315 dedit.

156 1330 385 1373 Vociferari
417 1331 634 1381 Decius,‘
646 1347 730 1388 quo
759 1332 981 1387 fugerent?
1012 1347 1188 1388 quamve
1220 1347 1263 1373 111
1295 1332 1393 1388 fuga
1421 1347 1537 1388 spem

155 1388 378 1431 haberent.
368 1389 403 1419 ‘³’
434 1389 629 1431 obsistere
646 1389 903 1440 cedentibus,
918 1405 965 1431 ac
979 1404 1169 1432 revocare
1183 1390 1303 1431 fusos.
1353 1389 1536 1439 Deinde,
1551 1403 1672 1435 Decius
1687 1414 1721 1434 se

156 1456 203 1489 ut
231 1446 348 1488 nulla
367 1447 406 1487 vi
437 1447 648 1503 perculsos
667 1448 870 1489 sustinere
901 1457 1074 1504 poterat,
1098 1457 1256 1504 patrem
1288 1447 1334 1489 P.
1355 1447 1537 1489 Decium
1549 1449 1694 1479 devovet.

156 1505 326 1546 nomine
339 1504 604 1561 compellans,
624 1511 635 1529 ‘
646 1504 763 1554 Quid
780 1505 885 1547 ultra
900 1507 1061 1555 moror‚’
1075 1506 1224 1562 inquit,
1244 1505 1462 1546 ‘familiare
1479 1504 1538 1546 fa-

124 1567 170 1605 9‘
182 1563 297 1604 tum?
342 1562 501 1604 Datum
515 1562 594 1604 hoc
608 1573 747 1605 nostro
763 1564 906 1620 generi
923 1573 997 1613 est,
1016 1573 1062 1604 ut
1075 1563 1238 1604 luendis
1251 1562 1446 1619 periculis
1462 1577 1537 1619 pu-

157 1625 169 1644 ‘
182 1619 300 1662 blicis
311 1620 475 1676 piacula
486 1621 624 1662 simus.
686 1620 776 1662 Iam
789 1636 867 1677 ego
884 1636 1046 1663 mecum
1062 1620 1243 1662 hostium
1256 1619 1441 1677 legiones
1454 1635 1541 1661 ma-

157 1682 171 1702 ‘
185 1678 357 1721 ctandas
377 1677 536 1719 Telluri
564 1693 611 1719 ac
636 1678 715 1719 diis
737 1678 936 1720 Manibus
956 1679 1090 1720 dabo.
1150 1677 1269 1720 Haec
1290 1678 1453 1720 locutus
1475 1677 1536 1719 M.

157 1734 323 1777 Livium
360 1735 614 1792 pontificem,
629 1751 789 1802 ouem,
822 1736 1080 1778 descendens
1116 1737 1159 1778 in
1194 1737 1339 1786 aciem,
1375 1736 1537 1793 digredi

156 1801 343 1836 vetuerat
370 1793 422 1835 ab
449 1809 505 1843 se,
527 1794 686 1859 praeire
717 1794 833 1836 iussit
855 1795 992 1843 verba,
1015 1795 1167 1851 quibus
1194 1809 1236 1836 se
1268 1772 1537 1850 legionesque

156 1851 337 1893 hostium
357 1866 433 1908 pro
454 1851 641 1893 exercitu
668 1852 811 1908 populi
836 1852 1017 1894 Romani
1043 1852 1271 1901 Quiritium
1300 1851 1535 1894 devoveret.

158 1908 348 1951 Devotus
369 1909 467 1950 inde
483 1909 628 1950 eadem
641 1910 880 1965 precatione
894 1909 1127 1965 eodemque
1149 1909 1307 1959 habitu,
1356 1925 1409 1950 uo
1423 1919 1540 1966 pater

156 1966 204 2008 P.
228 1965 386 2008 Decius
416 1966 470 2007 ad
498 1965 689 2007 Veserim
720 1966 829 2007 bello
862 1966 1014 2008 Latino
1053 1982 1096 2007 se
1128 1967 1299 2008 iusserat
1325 1926 1536 2008 ilevoveri.

161 2022 306 2072 Quum
327 2022 556 2064 secundum
581 2022 788 2064 sollennes
808 2025 1067 2080 precationes
1087 2023 1316 2072 adiecisset,
1340 2030 1350 2047 ‘
1367 2039 1464 2080 prae
1496 2040 1538 2066 se

160 2087 170 2105 ‘
186 2096 308 2138 agere
339 2096 426 2122 sese
448 2080 711 2122 formidinem
740 2096 786 2122 ac
806 2082 960 2137 fugam,
982 2081 1237 2137 caedemque
1268 2097 1315 2123 ac
1336 2097 1537 2130 cruorem,

132 2145 171 2183 1‘
187 2138 443 2188 coelestium,
466 2138 691 2179 inferorum
720 2139 823 2180 iras:
857 2149 1147 2180 contacturum
1173 2139 1414 2180 fnmebribus
1438 2139 1539 2180 diris

160 2197 314 2254 ‘signa
337 2196 431 2245 tela,
453 2211 567 2237 arma
591 2195 795 2245 hostium3
830 2196 1050 2252 locumque
1081 2196 1262 2238 eundem
1290 2212 1386 2239 suae
1414 2197 1540 2254 pestis

160 2260 228 2297 ‘et
258 2254 550 2309 Gallorumgac
586 2254 834 2295 Samnitium
866 2254 991 2302 fore3'
1021 2254 1122 2296 haec
1155 2264 1390 2296 exsecratus
1423 2255 1464 2296 in
1497 2270 1540 2296 se

158 2312 396 2369 hostesque,
428 2327 512 2368 qua
542 2311 883 2353 confertissimam
917 2313 1111 2353 cernebat
1146 2312 1362 2354 Gallorum
1395 2313 1538 2358 aciem,

205 2445 222 2477 7
245 2437 374 2468 Emerita
389 2436 570 2476 carrisque]
590 2436 743 2466 Eut-dum
761 2440 827 2465 emt
871 2440 900 2464 ct
916 2437 1051 2465 attoniti.

161 2479 298 2510 vehiculi
319 2480 365 2510 vel
384 2488 493 2509 currus
512 2488 623 2516 genus,
638 2490 655 2507 0
672 2488 734 2516 quo
752 2487 827 2517 pun·
914 2490 933 2517 1)
961 2479 1002 2508 l'e
1018 2478 1142 2508 luendis
1157 2479 1310 2518 periculis
1325 2478 1460 2517 publicis
1470 2479 1538 2516 pia-

161 2532 237 2554 uare
262 2522 406 2553 solebant
436 2526 555 2551 10101011
583 2520 670 2550 ‘'nlli
698 2525 727 2550 et
759 2520 825 2550 Bri·
870 2521 942 2550 cula
959 2522 1073 2558 nimm]
1102 2520 1147 2550 l't
1163 2521 1261 2550 nimus
1276 2520 1364 2560 (1111011
1381 2520 1538 2559 quuednm

160 2564 261 2596 tanni.
305 2566 417 2595 farris
436 2563 666 2603 impedimenta
690 2564 825 2602 plerum·
874 2563 1032 2597 uictimae,
1043 2562 1219 2594 destinatae
1229 2564 1268 2593 ad
1283 2563 1431 2593 luendam
1444 2562 1538 2593 deum

206 2618 224 2638 e
253 2607 458 2638 seht-bantur.
491 2606 518 2636 (
523 2616 595 2636 ιικι.
642 2606 765 2635 Similia
793 2606 833 2635 (10
877 2605 968 2642 iram,
983 2611 1013 2636 01
1030 2606 1069 2635 ud
1087 2605 1277 2645 excipienda
1296 2605 1455 2646 capitibus
1474 2615 1543 2635 nou-

161 2618 269 2681 ganisi
299 2650 412 2681 Polvb.
444 2649 478 2680 ii.
511 2658 560 2688 33.
592 2654 706 2678 narrat.
764 2648 834 2678 llnn
877 2648 932 2677 trin
949 2648 1186 2687 periculuqune
1207 2648 1402 2688 reipublicae
1419 2647 1539 2688 impen-

162 2703 290 2734 quoque
316 2702 364 2723 rea
390 2692 422 2722 in
450 2692 554 2722 medin
581 2695 701 2721 aestate
727 2695 831 2728 genum
875 2691 960 2721 (10111.
985 2693 1090 2722 (fuer.

161 2735 258 2766 fuine
273 2740 395 2766 certum
413 2739 460 2764 ent
481 2744 519 2764 ex
541 2744 591 2769 00,
611 2733 693 2772 quod
716 2732 832 2763 lumim-
923 2743 931 2763 1
964 2735 1193 2764 (hrum-turum
1215 2734 1412 2773 funebribus
1441 2734 1537 2773 dir-'ul

166 2777 253 2809 Prid.
293 2777 378 2808 Non.
414 2777 591 2816 Septembr.
631 2775 829 2816 triumphum
875 2776 916 2806 Se
942 2777 1093 2807 devotum
1121 2776 1207 2812 diris,
1233 2777 1319 2807 velut
1350 2776 1540 2815 contagione

163 2819 236 2859 egit.
874 2819 1012 2858 quadam
1032 2819 1284 2850 tmnnmissumm
1307 2820 1380 2850 illua
1400 2819 1429 2851 in
1451 2819 1542 2858 signu

207 2864 226 2892 8
249 2863 475 2903 Lymphaet'cm
510 2862 628 2902 panor]
668 2861 707 2892 cs.
738 2862 830 2901 Supr.
877 2861 1024 2892 hostium.
1049 2863 1152 2893 Cui-zv.

166 2905 215 2937 vii.
246 2914 291 2945 17.
315 2910 390 2935 mne
414 2905 537 2945 quidem
565 2906 649 2936 velut
677 2905 830 2944 lymphati
