1934 3211
571 160 699 229 Lm.
734 185 812 227 VI.
855 186 1002 228 CAP.
1039 192 1075 229 9.
1443 192 1525 233 357

126 284 138 303 ‘
152 277 264 328 fecit,
286 286 334 320 ut
352 292 406 318 ne
427 276 622 318 exsilium
643 275 818 332 quidem
839 276 1008 317 ademit.
1072 275 1208 317 Iidem
1231 277 1360 333 igitur
1376 294 1522 322 omnes
1539 296 1582 328 u,
1600 297 1638 329 C.
1655 296 1729 338 369-

125 341 319 376 ‘sumusz
353 343 408 383 et,
431 348 564 389 quum
591 333 741 375 eadem
762 333 905 374 omnia
924 334 968 374 in
996 333 1076 375 hoe
1097 333 1255 375 bellum
1287 335 1520 387 afferamus,
1535 339 1575 371 A.
1599 340 1637 372 C.
1655 341 1728 380 383-

124 398 257 447 ‘quae
277 391 322 431 in
342 391 482 446 priora
502 389 732 440 attulimus,
754 390 940 432 eundem
961 399 1162 432 eventum
1182 391 1282 432 belli
1303 402 1522 448 exspecte-

123 453 252 489 ‘mus.
318 446 451 489 Simul
478 448 784 497 eoncurreritis,
811 447 928 504 quod
986 448 1135 504 uisque
1164 448 1314 490 didicit
1342 464 1390 490 ae
1421 465 1522 491 con-

122 505 294 554 ‘suevit,
326 505 463 546 faciet.
527 504 615 546 Vos
650 505 840 554 vincetis,
872 505 933 545 illi
982 505 1154 561 ugient?
1215 505 1329 547 Dato
1365 507 1520 549 deinde
1620 517 1657 554 8,

118 561 250 618 signo,
273 576 327 603 ex
355 577 465 618 equo
493 562 646 611 desilit,
672 571 715 604 et
745 563 986 618 proximum
1018 563 1276 619 signiferum,
1299 579 1428 605 manu
1456 580 1522 606 ar-
1536 570 1648 602 Vincit
1660 571 1740 603 Vol-

117 627 297 675 reptum,
326 634 469 661 secum
499 619 544 660 in
574 619 739 661 hostem
771 620 906 676 rapit3
942 620 1089 669 ‘infer,
1117 620 1263 670 miles,’
1288 621 1519 673 clamitans,
1533 623 1612 645 ⁸⁶⁰³·

118 676 335 733 ‘signum.’
398 676 528 725 Quod
558 677 630 718 ubi
651 677 793 718 videre
823 677 960 733 ipsum
985 676 1226 728 Camillum,
1249 678 1332 719 iam
1354 679 1407 720 ad
1429 695 1522 721 mu-

116 748 218 775 nera
245 734 430 791 corporis
455 743 625 775 senecta
651 734 898 785 invalidum,
921 734 1147 776 vadentem
1173 736 1218 775 in
1248 735 1401 786 hostes,
1423 752 1521 794 pro-

115 801 290 833 currunt
310 792 467 848 pariter
494 807 652 841 omnes,
682 791 861 833 clamore
891 791 1105 841 sublato,'‘
1124 791 1310 848 Sequere
1339 794 1520 850 impera-

117 854 130 873 ‘
143 850 305 899 torem,’
319 864 393 905 pro
414 864 458 891 se
475 849 654 905 quisque
677 848 916 890 clamantes.
971 848 1183 890 Emissum
1201 850 1329 891 etiam
1351 852 1519 908 signum

118 905 290 948 Camilli
311 907 426 948 iussu
447 907 492 947 in
520 906 706 948 hostium
731 907 865 948 aciem
886 906 1027 947 ferunt
1044 923 1054 956 ;
1088 907 1216 962 idque
1239 916 1286 949 ut
1307 918 1519 965 repetere-

115 972 196 1014 tur,
213 964 443 1006 concitatos
459 964 767 1020 antesignanos.
814 963 880 1005 Ibi
896 964 1080 1020 primum
1097 965 1265 1021 pulsum
1283 966 1517 1018 Antiatem,

116 1030 402 1078 terroremque
434 1037 521 1063 non
552 1022 597 1062 in
628 1021 806 1078 primam
840 1030 1003 1062 tantum
1032 1022 1178 1072 aciem,
1205 1022 1281 1064 sed
1308 1024 1434 1065 etiam
1464 1025 1519 1066 ad

114 1079 381 1120 subsidiarios
412 1079 630 1135 perlatum.
695 1078 788 1120 Nec
813 1079 873 1120 vis
905 1087 1069 1120 tantum
1098 1080 1280 1120 militum
1308 1082 1517 1133 movebat,

114 1136 296 1178 excitata
341 1137 579 1192 praesentia
619 1136 751 1186 ducis,
794 1136 869 1178 sed
910 1136 1026 1192 quod
1069 1137 1319 1179 Volscorum
1367 1139 1518 1182 animis

114 1193 220 1234 nihil
269 1193 494 1235 terribilius
535 1203 636 1244 erat,
679 1209 806 1250 quam
847 1194 978 1250 ipsius
1021 1193 1191 1235 Camilli
1232 1195 1337 1236 forte
1379 1196 1520 1239 oblata

113 1251 284 1307 species.
347 1251 425 1301 Ita,
468 1266 724 1307 quoeunque
766 1266 809 1292 se
852 1251 1074 1301 intulisset,
1116 1252 1334 1293 victoriam
1374 1269 1518 1295 secum

112 1308 228 1349 haud
249 1308 422 1350 dubiam
444 1309 646 1350 trahebat.
711 1308 901 1350 Maxime
924 1308 967 1349 id
996 1309 1169 1350 evidens
1189 1309 1280 1360 fuit,
1304 1326 1450 1366 quum,
1473 1313 1518 1353 in

112 1365 278 1407 laevum
320 1381 465 1415 cornu,
500 1381 631 1422 prope
668 1367 750 1407 iam
783 1366 965 1422 pulsum,
998 1375 1164 1422 arrepto
1195 1377 1371 1423 repente
1405 1384 1517 1425 equo

112 1437 209 1465 cum
230 1433 349 1465 scuto
370 1424 567 1480 pedestri,
590 1424 802 1473 advectus,
825 1433 1054 1479 conspectu
1075 1439 1150 1464 suo
1171 1424 1377 1480 proelium
1399 1427 1519 1467 resti-

114 1481 206 1530 tuit,
229 1490 443 1523 ostentans
459 1482 698 1522 vineentem
715 1489 898 1522 ceteram
915 1481 1060 1522 aciem.
1124 1480 1214 1522 Iam
1231 1481 1432 1524 inclinata
1452 1498 1517 1525 res

83 1547 214 1588 7erat‚
253 1539 327 1580 sed
362 1539 483 1580 turba
515 1539 699 1580 hostium
740 1547 783 1579 et
816 1538 915 1594 fuga
946 1537 1269 1593 impediebatur,
1308 1548 1351 1580 et
1391 1539 1518 1597 longa

113 1595 242 1637 caede
271 1595 534 1638 conficienda
559 1595 788 1637 multitudo
811 1603 927 1636 tanta
950 1595 1058 1636 fesso
1080 1595 1205 1636 militi
1233 1604 1347 1638 erat:
1383 1612 1517 1653 quum

111 1662 286 1709 repente
315 1654 558 1709 ingentibus
616 1652 780 1694 roeellis
805 1653 920 1694 fusus
948 1653 1083 1694 imber
1111 1662 1267 1694 certam
1295 1655 1427 1711 magis
1455 1655 1517 1696 vi-

110 1710 298 1761 ctoriam,
325 1725 451 1766 quam
480 1711 700 1767 proeium,
733 1710 913 1752 diremit.
980 1709 1110 1767 Signo
1138 1710 1294 1753 deinde
1326 1713 1516 1769 receptui

110 1767 222 1818 dato,
270 1783 356 1810 nox
404 1768 607 1817 insecuta,
656 1768 811 1824 quietis
860 1767 1077 1817 Romanis,
1121 1768 1296 1824 perfecit
1342 1770 1512 1812 bellum.

111 1824 254 1867 Latini
285 1841 468 1882 namque
501 1834 542 1867 et
566 1825 759 1876 Hernici,
786 1825 941 1867 relictis
964 1825 1140 1876 Volscis,
1163 1826 1311 1868 domos
1339 1827 1517 1884 profecti

109 1892 219 1933 sunt,
246 1883 366 1925 malis
396 1883 580 1925 consiliis
610 1898 730 1940 pares
761 1883 905 1939 adepti
936 1892 1122 1925 eventus.
1187 1883 1346 1935 Volsci,
1370 1886 1443 1927 ubi
1471 1901 1515 1927 se

109 1940 296 1982 desertos
326 1941 378 1982 ab
409 1941 459 1982 iis
488 1941 645 1991 videre,
673 1956 855 1996 quorum
885 1940 1042 1982 fiducia
1072 1940 1389 1993 rebellaverant,
1418 1943 1516 1985 reli-

109 1999 186 2040 ctis
222 1999 378 2047 eastris,
414 1998 635 2040 moenibus
673 1997 823 2039 Satrici
860 2013 902 2039 se
938 1998 1190 2040 includunt:
1236 2015 1343 2055 quos
1378 2001 1515 2057 primo

112 2055 319 2097 Camillus
344 2055 453 2096 vallo
486 2055 760 2104 circumdare,
790 2064 833 2095 et
866 2069 1017 2111 aggere
1051 2064 1178 2110 atque
1214 2057 1411 2112 operibus
1439 2073 1514 2113 op-

110 2128 138 2169 p
229 2128 298 2153 are
316 2122 378 2153 est
400 2112 580 2153 adortus.
648 2113 770 2160 Quae
800 2122 1022 2168 postquam
1054 2111 1169 2152 nulla
1190 2113 1411 2168 eruptione
1435 2115 1514 2154 im-
1527 2125 1687 2157 Satricum

110 2185 181 2226 pe(
199 2170 245 2210 iri
268 2169 410 2217 videt3
444 2169 584 2210 minus
606 2184 693 2210 esse
724 2169 852 2210 animi
882 2178 994 2209 ratus
1024 2169 1067 2209 in
1096 2169 1228 2218 hoste,
1252 2185 1378 2225 quam
1402 2180 1448 2212 ut
1469 2172 1514 2212 in
1526 2168 1663 2208 capitur.

110 2243 161 2269 eo
181 2237 261 2268 tam
286 2227 424 2268 lentae
447 2227 536 2292 spei
554 2227 769 2267 victoriam
793 2235 1069 2282 exspectaret,
1087 2227 1327 2268 cohortatus
1346 2227 1511 2278 milites,

110 2300 177 2334 ne,
214 2294 413 2341 tanquam
437 2284 464 2324 W
480 2285 567 2325 cios
600 2293 906 2340 oppugnantes,
934 2284 978 2324 in
1007 2300 1132 2340 opere
1163 2284 1395 2341 longinquo
1423 2302 1512 2328 sese

109 2351 305 2392 tererent,
329 2342 547 2383 victoriam
581 2342 624 2382 in
656 2342 849 2382 manibus
878 2357 994 2386 esse:
1030 2342 1191 2397 ingenti
1220 2343 1402 2384 militum
1429 2344 1512 2385 ala-

108 2400 255 2442 critate
293 2400 460 2441 moenia
497 2399 684 2455 undiquc
722 2414 951 2454 aggressus,
990 2399 1109 2440 scalis
1145 2400 1349 2456 oppidum
1386 2402 1508 2457 cepit.

109 2456 253 2499 Volsci
274 2457 445 2499 abiectis
466 2457 590 2498 armis
611 2472 697 2498 sese
719 2456 987 2498 dediderunt.

170 2514 374 2555 Ceterum
397 2515 561 2555 animus
583 2514 702 2555 ducis
725 2515 781 2555 rei
806 2515 964 2563 maiori,
991 2514 1136 2561 Antio,
1162 2515 1432 2557 imminebat:
1467 2516 1511 2558 id
1610 2524 1648 2562 9.

110 2581 236 2627 caput
259 2571 520 2620 Volscorum,
544 2587 635 2613 eam
658 2572 782 2613 fuisse
809 2572 1013 2626 originem
1043 2573 1222 2628 proximi
1250 2573 1359 2615 belli.
1426 2574 1510 2615 Sed

110 2629 211 2685 quia
249 2629 329 2669 nisi
371 2644 523 2681 magno
564 2639 778 2685 apparatu.
823 2630 1041 2670 tormentis
1083 2630 1385 2687 machinisque,
1425 2641 1509 2673 tam

111 2686 247 2727 valida
269 2686 365 2727 urbs
387 2686 477 2742 capi
500 2701 585 2727 non
612 2696 802 2742 poterat3
836 2686 981 2728 relicto
1007 2687 1058 2728 ad
1081 2689 1313 2729 exereitum
1336 2689 1508 2745 collega,

156 2853 171 2882 7
198 2844 305 2874 Turba
321 2844 475 2880 hostium!
505 2844 612 2873 'rurba
628 2848 720 2874 sexto
737 2853 786 2874 ca·
833 2845 1019 2883 impediens,
1044 2848 1151 2875 mom-t
1179 2845 1321 2878 Gronov.
1359 2848 1398 2879 cf.
1424 2858 1510 2888 supr.

110 2897 146 2916 nu
168 2886 243 2920 dici,
265 2886 475 2925 similiterque
498 2886 569 2915 insr.
592 2886 632 2916 ix.
654 2895 700 2925 23.
734 2888 786 2916 ln·
835 2897 861 2916 v.
882 2888 930 2925 38.

109 2940 188 2968 {lens
210 2929 380 2959 multitudo
396 2953 402 2958 .
422 2953 427 2958 .
448 2952 453 2958 .
473 2953 478 2958 .
495 2933 589 2958 serm-e
607 2930 676 2968 ipsa
694 2930 787 2958 turha
