1934 3211
222 278 265 308 U.
282 278 321 308 C.
339 287 410 317 305.

220 320 259 350 A.
283 321 321 351 C.
338 328 410 359 447.

219 454 307 486 Trib.
331 455 423 486 Pleb.

218 501 367 527 creantur
382 498 415 528 in

219 540 390 572 Aventino·

286 1354 354 1393 55.

217 1409 261 1440 U.
278 1410 315 1440 C.
336 1408 406 1449 306.

215 1452 254 1481 A.
279 1452 317 1482 C.
335 1450 407 1490 446.

216 1493 254 1523 L.
268 1494 411 1531 Valerio,

218 1535 420 1566 M.'H0rati0

216 1577 306 1608 Coss.

216 1619 318 1658 Leges
334 1619 367 1649 in

212 1666 349 1699 gratiam

216 1703 328 1741 plebis.

439 185 521 222 204
949 183 1096 224 ΤΙΤΙ
1134 182 1312 223 LIVII

440 277 451 295 ‘
468 272 640 314 Praesto
668 273 747 315 erit
773 273 963 330 pontifex
991 274 1209 323 maximus,
1233 273 1306 328 qui
1334 272 1503 313 comitia
1522 270 1698 312 habeat.’
1757 268 1829 310 In-

437 344 540 384 gens
561 345 751 372 assensus
772 329 1044 386 alacritasque
1067 339 1219 371 cuncta
1239 329 1560 385 approbantium
1575 328 1665 368 fuit.
1712 326 1828 368 Con-

438 386 599 428 vellunt
619 387 718 428 inde
744 388 873 444 signa,
896 388 1155 443 profectique
1180 387 1359 428 Romam
1385 394 1546 427 certant
1573 400 1670 426 cum
1696 383 1829 425 obviis

437 444 612 499 gaudio:
667 445 813 485 armati
853 459 929 500 per
964 445 1110 486 urbem
1147 444 1311 486 silentio
1352 444 1395 484 in
1429 442 1694 484 Aventinum
1733 455 1829 497 per—

435 501 622 542 veniunt.
686 501 751 542 Ibi
772 501 999 556 extemplo,
1016 501 1215 557 pontifice
1237 501 1420 541 maximo
1441 500 1611 541 comitia
1630 499 1826 547 habente,

435 558 623 599 tribunos
643 558 776 613 plebis
804 566 1063 606 creaverunt,
1086 558 1275 598 omnium
1299 558 1481 612 primum
1503 556 1556 597 A.
1573 555 1826 612 Virginium,

435 615 535 655 inde
568 615 616 656 L.
642 615 821 664 Icilium,
855 624 896 655 et
926 615 973 655 P.
1000 614 1289 654 Numitorium
1320 613 1574 654 avunculum
1595 612 1827 668 Virginiae,

435 680 626 712 auctores
656 671 909 712 secessionis.
973 671 1086 711 Tum
1121 670 1170 711 C.
1198 670 1415 720 Sicinium,
1447 669 1693 725 progeniem
1724 669 1826 718 eius,

435 744 563 784 quem
594 729 778 784 primum
811 729 1027 769 tribunum
1057 727 1191 783 plebis
1222 735 1408 767 creatum
1438 727 1483 767 in
1515 726 1639 767 Sacro
1670 733 1826 775 monte,

434 785 648 840 proditum
681 785 905 825 memoriae
938 793 1027 833 est3
1067 792 1110 825 et
1143 783 1205 825 M.
1230 784 1438 834 Duilium,
1461 783 1535 839 qui
1568 783 1828 824 tribunatum

434 842 643 896 insignem
670 850 766 882 ante
796 841 1056 882 decemviros
1083 849 1243 882 creatos
1270 849 1464 897 gesserat,
1487 855 1566 881 nec
1593 840 1638 880 in
1659 840 1822 881 decem-

434 898 629 938 viralibus
660 898 957 939 certaminibus
986 898 1099 954 plebi
1126 898 1327 939 defuerat.
1393 897 1475 954 Spe
1501 897 1656 938 deinde
1681 897 1826 953 magis,

434 970 561 1010 quam
582 955 753 1005 meritis,
776 955 913 1005 electi,
936 955 998 997 M.
1019 955 1216 1004 Titinius,
1239 955 1301 996 M.
1321 954 1595 1011 Pomponius,
1620 953 1670 995 C.
1688 955 1828 1010 Apro-

434 1012 542 1062 nius,
576 1012 624 1053 P.
642 1012 809 1062 Villius,
848 1012 897 1054 C.
921 1012 1096 1069 Oppius.
1172 1012 1410 1053 Tribunatu
1450 1012 1568 1062 inito,
1610 1011 1659 1052 L.
1684 1010 1828 1052 Icilius

434 1069 648 1125 extemplo
669 1069 836 1125 plebem
856 1070 1029 1125 rogavit,
1052 1079 1094 1110 et
1109 1069 1227 1125 plebs
1249 1070 1379 1119 scivit,
1399 1085 1451 1110 ne
1474 1069 1541 1109 cui
1561 1068 1697 1109 fraudi
1719 1077 1828 1109 esset

433 1126 610 1167 secessio
651 1127 703 1167 ab
739 1126 985 1168 decemviris
1025 1127 1143 1167 facta.
1220 1126 1456 1167 Confestim
1491 1125 1544 1166 de
1586 1125 1827 1166 consulibus

434 1183 626 1223 creandis
648 1198 744 1224 curn
770 1184 1065 1240 provocatione
1088 1182 1150 1224 M.
1168 1183 1338 1224 Duilius
1359 1183 1620 1238 rogationem
1640 1182 1823 1238 pertulit.
1838 1197 1858 1224 4

435 1239 498 1280 Ea
530 1241 672 1281 omnia
703 1241 746 1281 in
782 1241 909 1296 pratis
940 1240 1155 1281 Flaminiis
1186 1240 1364 1282 concilio
1397 1240 1530 1296 plebis
1562 1248 1666 1289 acta,
1699 1254 1826 1295 quem

433 1312 547 1337 nunc
567 1298 726 1338 circum
748 1297 1002 1338 Flaminium
1024 1297 1247 1353 appellant.

491 1353 574 1395 Per
601 1355 854 1410 interregem
883 1355 1036 1396 deinde
1068 1355 1260 1396 consules
1293 1354 1434 1404 creati,
1464 1353 1514 1394 L.
1530 1353 1737 1403 Valerius,
1760 1353 1823 1395 M.

435 1409 637 1451 Horatius
654 1427 664 1459 ς
698 1412 770 1466 qui
792 1411 1005 1467 extemplo
1026 1412 1313 1467 magistratum
1335 1419 1612 1468 occeperunt:
1646 1425 1827 1466 quorum

434 1467 673 1508 consulatus
713 1468 925 1524 popularis
961 1469 1049 1509 sine
1086 1469 1173 1509 ulla
1207 1469 1382 1510 Patrum
1418 1468 1584 1517 iniuria,
1620 1482 1700 1508 nec
1736 1468 1825 1508 sine

434 1524 664 1564 offensione
697 1525 801 1565 fuit:
836 1526 1039 1580 quicquid
1070 1526 1184 1566 enim
1215 1526 1397 1566 libertati
1428 1525 1563 1581 plebis
1595 1531 1825 1574 caveretur,

433 1580 478 1620 id
517 1581 601 1621 suis
641 1580 847 1621 decedere
890 1583 1038 1637 opibus
1078 1582 1316 1623 credebant.
1383 1582 1587 1624 Omnium
1627 1581 1824 1637 primum,

434 1652 566 1692 quum
586 1637 717 1678 veluti
738 1638 783 1678 in
805 1646 1070 1678 controverso
1095 1639 1184 1679 iure
1215 1648 1335 1688 esset,
1359 1647 1656 1679 tenerenturne
1679 1638 1825 1679 Patres
1837 1672 1858 1706 6

432 1694 672 1749 plebiscitis,
709 1694 846 1750 legem
882 1695 1126 1735 centuriatis
1162 1696 1340 1736 comitiis
1377 1695 1523 1745 tulere,
1568 1695 1673 1744 ‘Ut,
1710 1695 1857 1756 quod7
1896 1728 1903 1733 ,

435 1756 447 1774 ‘
463 1751 652 1792 tributim
672 1751 816 1806 plebes
837 1751 1032 1801 iussisset,
1055 1751 1259 1807 populum
1286 1752 1484 1792 teneret?
1514 1766 1598 1807 qua
1626 1751 1720 1807 lege
1753 1752 1826 1792 tri-

433 1808 611 1848 buniciis
632 1808 916 1863 rogationibus
945 1808 1076 1849 telum
1104 1808 1352 1849 acerrimum
1375 1808 1520 1849 datum
1547 1816 1621 1849 est.
1684 1808 1826 1849 Aliam

433 1864 587 1904 deinde
622 1865 884 1906 consularem
914 1864 1051 1921 legem
1082 1865 1134 1906 de
1164 1865 1473 1920 provocatione,
1500 1865 1673 1905 unicum
1705 1880 1826 1921 prae-

432 1921 585 1961 sidium
607 1921 822 1971 libertatis,
846 1921 1115 1962 decemvirali
1144 1931 1349 1977 potestate
1379 1937 1577 1971 eversam,
1601 1937 1686 1963 non
1707 1922 1827 1963 resti-

433 1987 560 2018 tuunt
590 1978 728 2028 modo,
760 1978 834 2019 sed
865 1979 991 2019 etiam
1027 1979 1072 2019 in
1107 1988 1320 2034 posterum
1356 1979 1566 2028 muniunt,
1599 1978 1826 2020 sanciendo

1839 1302 1857 1334 5

477 2116 493 2145 3
516 2108 558 2136 Α.
583 2107 781 2145 Vir-qimam]
809 2106 861 2136 Ita
886 2105 1022 2143 codices,
1047 2107 1103 2137 sed

433 2148 580 2187 Sigonius
617 2148 754 2179 coniecit
783 2150 916 2185 Lucius,
946 2149 1032 2187 quod
1069 2149 1103 2178 in

432 2195 558 2220 textum
575 2190 716 2229 reposuit
736 2191 876 2220 Bekker.
894 2191 932 2220 cf.
949 2201 1034 2230 supr.
1054 2202 1104 2229 44.

436 2233 564 2262 Patrem
598 2232 762 2271 Virginiae
795 2233 881 2262 hunc
915 2232 1010 2262 fuisse
1041 2243 1105 2263 non

433 2275 565 2304 obscure
581 2274 703 2303 indicat
721 2274 832 2304 Livius
846 2274 917 2304 infr.
937 2276 985 2312 58.

477 2328 496 2354 4
518 2317 743 2354 Rofflttt'onem]
773 2317 871 2354 Apud
896 2315 1027 2345 comitia
1050 2315 1103 2346 tri-

434 2359 512 2387 buta
549 2359 590 2387 ad
626 2358 898 2396 comprobandam
937 2358 1106 2388 consulum

435 2399 629 2429 creationem
645 2410 665 2429 a
681 2398 831 2429 centuriis
847 2399 1001 2429 habitam.

479 2450 495 2480 5
521 2443 649 2471 Circum
687 2443 902 2479 Flaminium]
940 2441 1053 2472 Circus
1088 2451 1108 2471 a

436 2483 596 2513 Flaminio
610 2493 739 2513 censore
751 2487 932 2513 exstructus
947 2493 1020 2513 anu.
1037 2491 1107 2522 533.

438 2526 480 2555 U.
493 2525 530 2555 C.
549 2525 587 2554 cf.
604 2525 673 2555 Liv.
693 2525 780 2563 Epit.
798 2535 852 2555 xx.

481 2566 501 2596 6
530 2567 727 2603 Plebiscitz’s]
782 2566 827 2597 Iis
863 2566 997 2605 legibus,
1031 2576 1109 2604 quas

437 2609 537 2645 plebs,
555 2608 681 2646 plebeio
698 2608 885 2647 magistratu
901 2611 1043 2646 rogante,
1056 2608 1107 2637 tri-

436 2650 520 2679 butis
536 2649 675 2679 comitiis
690 2649 840 2679 iussisset.
865 2650 971 2680 Cnssv.

482 2699 497 2728 7
523 2692 652 2730 Leyem]
680 2692 768 2722 Cave
787 2691 871 2721 hanc
892 2692 996 2730 legem
1020 2692 1107 2722 Vale-

437 2734 518 2761 riam
532 2743 605 2762 cuni
615 2734 762 2763 Publilia
775 2743 849 2763 ann.
864 2732 934 2771 416.
952 2733 994 2764 U.
1007 2733 1044 2764 C.
1057 2733 1107 2763 vel

436 2775 610 2803 Hortensia
623 2785 697 2804 ann.
709 2774 780 2813 465.
795 2775 882 2805 U.C.
895 2775 958 2804 vim
972 2775 1108 2804 eandem

437 2814 584 2843 habuisse
597 2817 714 2846 credas
749 2817 849 2846 Haud
866 2816 930 2846 scio
946 2827 987 2846 an
1000 2818 1108 2853 verba,

436 2859 473 2884 ut
485 2857 567 2893 quod
576 2858 718 2886 tributim
728 2859 834 2895 plebes
846 2859 997 2895 iussisset,
1005 2868 1107 2897 popu-

435 2897 501 2925 lum
519 2900 650 2933 teneret,
667 2898 861 2929 Hortensiae
884 2900 1012 2938 propria
1035 2900 1108 2935 sint,

1148 2108 1203 2137 sed
1222 2106 1331 2137 Livius
1355 2107 1480 2137 incuria
1496 2108 1635 2146 quadam
1658 2107 1717 2138 has
1740 2107 1827 2148 leges

1148 2159 1213 2179 uno
1233 2150 1411 2188 eodemque
1435 2153 1545 2180 tenore
1568 2149 1692 2180 recitat.
1738 2149 1825 2190 Lege

1157 2192 1285 2222 Valeria
1309 2191 1468 2221 sancitum
1493 2195 1551 2228 est,
1566 2196 1604 2222 ut
1625 2192 1710 2232 quod
1726 2193 1826 2222 triba-

1151 2235 1205 2263 tim
1218 2235 1326 2272 plebes
1341 2234 1495 2271 iussisset,
1509 2235 1536 2264 si
1549 2238 1661 2273 patres
1675 2234 1827 2265 curiatim

1149 2280 1296 2305 auctores
1304 2276 1437 2314 fierent,
1453 2276 1505 2305 leoe
1518 2280 1609 2313 esset,
1625 2279 1722 2306 antea
1737 2276 1823 2306 enim

1149 2317 1319 2355 plebiscita
1356 2317 1486 2355 plebem
1524 2318 1625 2347 solam
1661 2318 1825 2349 tenebant.

1150 2359 1298 2388 Publilia
1320 2363 1429 2388 autem
1449 2359 1530 2397 lege,
1547 2359 1586 2389 cf.
1602 2358 1674 2389 infr.
1691 2359 1754 2389 viii.
1776 2369 1825 2397 12,

1151 2400 1283 2429 comitia
1304 2400 1426 2430 curiata
1449 2399 1633 2439 posthabita
1647 2404 1733 2437 sunt,
1749 2411 1826 2440 quo-

1151 2441 1238 2471 niam
1265 2443 1440 2472 auctoritas
1463 2446 1594 2473 senatus
1615 2442 1703 2473 idem
1727 2446 1825 2482 atque

1152 2484 1327 2513 auctoritas
1359 2488 1493 2522 patrum
1521 2485 1588 2514 sive
1617 2485 1669 2515 lea·
1697 2486 1826 2515 curiata

1153 2535 1192 2554 ex
1216 2525 1274 2554 illo
1299 2528 1445 2564 tempore
1467 2526 1604 2556 valebat.
1649 2528 1826 2557 Hortensia

1154 2576 1239 2603 vero,
1256 2566 1294 2596 ef.
1314 2566 1398 2597 Plin.
1417 2567 1462 2597 H.
1481 2567 1524 2598 N.
1541 2567 1604 2598 xvi.
1623 2575 1672 2607 15,
1687 2569 1825 2600 auctore·-

1153 2612 1202 2638 tas
1217 2612 1348 2638 senatus
1364 2608 1467 2639 omnis
1488 2609 1615 2639 sublata
1630 2613 1689 2648 est,
1704 2610 1825 2650 quippe

1154 2650 1339 2689 priusquam
1359 2651 1461 2681 tribus
1483 2651 1632 2690 suffragia
1649 2652 1778 2689 inirent,
1791 2651 1825 2682 in

1151 2692 1309 2722 incertum
1333 2696 1484 2723 eventum
1512 2693 1712 2723 comitiorum
1736 2703 1825 2724 sena-

1152 2737 1204 2763 tus
1213 2738 1324 2764 auctor
1333 2734 1440 2765 fiebat.
1458 2734 1497 2765 cf.
1512 2734 1581 2765 Liv.
1592 2735 1612 2765 i.
1624 2743 1670 2774 17.
1689 2735 1824 2765 Niebhr.

1152 2775 1184 2805 ii.
1210 2786 1241 2814 p.
1268 2775 1337 2815 365.
1362 2776 1590 2807 VVachsmuth.
1615 2787 1646 2816 p.
1673 2775 1742 2816 365.
1768 2776 1825 2806 sed

1153 2816 1362 2854 Niebuhr-ius,
1389 2819 1473 2857 quod
1501 2819 1590 2857 plebs
1615 2819 1766 2854 scivisset,
1792 2820 1825 2847 et

1152 2860 1235 2898 quod
1260 2860 1403 2897 populus
1435 2861 1586 2897 iussisset,
1616 2859 1733 2889 rectius
1760 2858 1823 2889 dici

1153 2900 1327 2930 existimat.
