1934 3211
285 545 325 582 4.

200 599 334 630 Romuli
351 604 383 631 et

201 643 298 674 Remi
306 648 403 675 ortus.

417 168 440 204 8
925 162 1071 205 ΤΙΤΙ
1114 163 1287 206 LIVII

416 254 476 295 vis
509 254 658 310 potuit,
693 268 817 310 quam
853 253 1042 306 voluntas
1077 254 1202 310 patris
1243 263 1314 295 aut
1345 253 1597 295 verecundia
1635 254 1792 296 aetatis.

416 311 544 353 Pulso
564 312 700 361 fratre,
724 311 919 352 Amulius
940 320 1108 367 regnat:
1136 311 1254 352 addit
1273 311 1417 352 sceleri
1438 311 1593 352 scelus:
1624 312 1794 368 stirpem

415 369 551 411 fratris
585 369 747 410 virilem
781 369 1005 411 interimit:
1039 369 1174 410 fratris
1209 369 1319 410 filiae
1354 369 1499 410 Rheae
1536 369 1686 410 Silviae
1721 383 1823 425 peri

416 427 597 483 speciem
628 427 810 476 honoris,
844 442 974 483 quum
1006 426 1219 468 Vestalem
1253 442 1346 468 eam
1386 426 1564 482 legisset,
1595 436 1799 482 perpetua

415 485 478 525 vir
508 485 652 526 initate
673 500 788 541 spem
808 494 949 541 partus
969 484 1127 525 adimit.

477 500 561 584 {ed
600 543 841 591 debebatur,
889 552 935 583 ut
979 542 1139 598 opinor,
1189 542 1282 583 fatis
1326 550 1464 582 tantae
1509 541 1624 606 origo
1668 541 1796 590 urbis,

416 600 671 656 maximique
707 600 938 641 secundum
977 600 1151 640 deorum
1191 615 1289 655 opes
1329 598 1494 654 imperii
1528 598 1794 654 principium.

416 657 472 698 Vi
500 673 733 714 compressa
760 657 952 706 Vestalis,
984 672 1115 712 quum
1144 657 1358 712 geminum
1388 666 1553 712 partum
1584 655 1796 705 edidisset,

373 752 376 755 ,
416 731 489 756 seu
513 715 573 756 ita
602 724 702 780 rata,
736 731 809 756 seu
841 715 940 779 quia
969 714 1072 755 deus
1102 723 1244 755 auct01
1273 713 1418 770 culpae
1449 713 1662 754 honestior
1695 721 1797 763 erat,

416 772 601 814 Martem
633 773 815 814 incertae
847 771 984 828 stirpis
1016 780 1176 827 patrem
1206 779 1433 827 nuncupat.
1499 770 1582 812 Sed
1613 785 1692 811 nec
1722 770 1795 821 dii,

415 845 494 871 nec
527 830 730 878 homines,
764 839 836 870 aut
864 829 1009 894 ipsam,
1041 838 1112 870 aut
1144 829 1314 885 stirpem
1347 845 1371 869 a
1405 828 1650 869 crudelitate
1683 828 1798 884 regia

415 888 651 928 vindicant:
684 887 874 928 sacerdos
900 887 1041 928 vincta
1069 887 1114 927 in
1143 886 1372 927 custodiam
1403 886 1547 935 datur3
1572 900 1723 942 pueros
1751 885 1797 926 in

414 945 692 1010 profluentem
725 960 875 1001 aquam
907 944 1017 985 mitti
1043 945 1176 999 jubet.
1239 944 1363 986 Forte
1389 944 1569 1008 quadam
1597 943 1826 984 divinitusz

413 1017 538 1058 super
567 1002 676 1058 ripas
712 1002 877 1043 Tiberis
907 1002 1060 1043 effusus
1090 1001 1254 1043 lenibus
1284 1002 1452 1057 stagnis,
1482 1016 1561 1042 nec
1592 1001 1697 1041 adiri
1728 1016 1797 1042 us-

414 1075 540 1142 quam
570 1060 624 1100 ad
647 1060 750 1115 justi
780 1075 946 1100 cursum
976 1068 1138 1114 poterat
1173 1059 1324 1107 amnis3
1362 1068 1417 1108 et,
1453 1073 1570 1115 posse
1608 1058 1797 1115 quamvis

414 1134 464 1158 iau
470 1117 612 1173 {guida
635 1117 767 1173 mergi
794 1132 902 1181 aqua
922 1116 1116 1181 inf-intes,
1144 1131 1260 1172 spem
1284 1116 1511 1157 ferentibus
1535 1116 1670 1158 dabat.
1732 1115 1798 1157 Ita

415 1183 529 1215 velut
549 1174 736 1215 defuncti
756 1175 865 1230 regis
889 1173 1077 1229 imperio,
1106 1174 1150 1213 in
1174 1173 1366 1229 proxima
1391 1173 1555 1223 alluvie,
1583 1174 1656 1215 ubi
1682 1189 1796 1215 nunc

413 1232 516 1273 ficus
549 1231 786 1273 Ruminalis
817 1240 890 1281 est,
920 1230 1213 1296 (Romularem
1243 1238 1430 1271 vocatam
1460 1231 1620 1287 ferunt)
1645 1246 1827 1287 pueros3

413 1299 643 1346 exponunt.
691 1289 729 1330 V
732 1298 841 1330 astae
860 1297 949 1330 tum
970 1289 1015 1329 in
1036 1288 1085 1329 iis
1105 1288 1207 1329 locis
1227 1287 1471 1329 solitudines
1491 1296 1620 1329 erant.
1658 1288 1797 1330 Tenet

411 1347 532 1396 fama,
565 1362 696 1412 quum
726 1347 960 1387 fluitantem
991 1345 1168 1395 alveum,
1198 1361 1282 1401 quo
1310 1345 1488 1411 expositi
1514 1353 1634 1387 erant
1661 1346 1796 1402 pueri,

412 1405 549 1446 tenuis
569 1405 613 1444 in
634 1405 742 1445 sicco
762 1419 871 1460 aqua
890 1403 1156 1452 destituisset,
1178 1403 1319 1468 lupam
1341 1403 1550 1444 sitientem
1570 1419 1624 1445 ex
1644 1403 1797 1445 monti-

412 1463 501 1512 bus,
528 1462 601 1518 qui
631 1462 740 1502 circa
766 1469 876 1510 sunt,
903 1460 956 1501 ad
980 1435 1183 1517 puerilein
1208 1461 1392 1517 vagitum
1417 1476 1584 1502 cursum
1610 1461 1792 1503 flexisse:

413 1535 504 1560 eam
525 1519 760 1560 summissas
780 1518 1006 1559 infantibus
1027 1517 1132 1559 adeo
1153 1518 1295 1559 mitem
1320 1518 1556 1583 praebuisse
1577 1534 1793 1584 mammas,

412 1585 460 1618 ut
479 1577 622 1634 lingua
642 1577 897 1618 lambentem
912 1590 1063 1632 pueros
1076 1575 1272 1631 magister
1283 1575 1386 1631 regii
1402 1576 1562 1632 pecoris
1574 1575 1792 1618 invenerit.

196 1644 356 1676 Educatio
368 1650 401 1676 et
412 1634 609 1676 Faustulo
629 1634 752 1675 fuisse
784 1649 939 1675 nomen
963 1633 1124 1674 ferunt:
1152 1633 1203 1674 ab
1228 1648 1278 1674 eo
1306 1633 1360 1674 ad
1384 1633 1545 1674 stabula
1571 1633 1793 1676 Larentiae

194 1688 377 1719 adolescen-

195 1730 250 1761 tia.

412 1693 533 1733 uxori
572 1692 809 1733 educandos
857 1691 972 1732 latos.
1056 1690 1176 1740 Sunt,
1218 1690 1291 1747 qui
1331 1690 1584 1740 Larentiam,
1624 1691 1826 1747 vulgato4

410 1765 596 1806 corpore,
617 1750 759 1806 lupam
779 1749 889 1790 inter
918 1757 1101 1804 pastores
1121 1758 1308 1789 vocatam
1329 1756 1502 1804 putent3
1534 1748 1633 1790 inde
1654 1748 1793 1790 locum

410 1808 572 1849 fabulae
594 1823 641 1848 ac
661 1806 860 1849 miraculo
877 1806 1033 1847 datum.
1067 1805 1132 1847 Ita
1146 1806 1290 1862 geniti,
1305 1806 1446 1862 itaque
1464 1805 1643 1856 educati,
1661 1821 1792 1863 quum

410 1866 591 1922 primum
607 1865 787 1906 adolevit
808 1872 932 1929 aetas,
950 1879 1028 1904 nec
1048 1863 1092 1904 in
1108 1864 1291 1912 stabulis,
1308 1879 1387 1904 nec
1403 1863 1457 1904 ad
1469 1878 1648 1919 pecora
1631 1879 1791 1921 segnes,

409 1923 601 1964 venando
628 1937 844 1979 peragrare
876 1922 985 1963 circa
1015 1921 1152 1962 saltus.
1215 1921 1342 1970 Hinc,
1374 1922 1520 1962 robore
1553 1922 1792 1978 corporibus

410 1981 641 2036 animisque
662 1988 840 2036 sumpto,
871 1979 953 2020 iam
974 1994 1060 2019 non
1080 1979 1185 2020 feras
1205 1987 1368 2020 tantum
1393 1979 1627 2029 subsistere,
1654 1979 1759 2020 sed
1747 1995 1792 2020 111

408 2038 599 2088 latrones,
617 2038 771 2094 praeda
786 2046 967 2086 onustos,
983 2037 1163 2093 impetus
1178 2036 1326 2086 facere,
1343 2036 1659 2093 pastoribusque
1675 2045 1793 2093 rapta

1122 2161 1181 2187 tus.
1207 2156 1312 2188 CREv.

1166 2209 1183 2239 3
1206 2200 1404 2237 Ruminalis]
1434 2200 1454 2215 ‘⁶
1466 2199 1519 2230 Ita
1530 2199 1628 2236 dicta,
1636 2199 1721 2238 quod
1733 2200 1792 2230 sub

1122 2252 1159 2272 ea
1174 2243 1285 2272 arbore
1298 2241 1392 2281 Lupa
1406 2252 1531 2272 rumam
1546 2241 1669 2272 dederit
1685 2242 1792 2273 Remo

1122 2289 1154 2314 et
1171 2285 1324 2321 Romulo,
1336 2284 1368 2314 id
1382 2288 1440 2321 est,
1451 2293 1638 2322 mammam,
1650 2294 1792 2315 mamma

1120 2330 1228 2357 autem
1244 2328 1344 2356 rumis
1356 2326 1486 2357 dicitur:
1508 2326 1564 2356 alii
1575 2330 1696 2364 autem,
1705 2328 1790 2366 quod

456 2169 465 2189 1
491 2159 617 2196 Rheae]
636 2158 766 2188 Scilicet
778 2158 880 2195 Reae,
890 2157 909 2187 i.
922 2168 948 2187 e.
962 2167 1077 2187 nocen-

408 2202 456 2232 tis.
484 2202 534 2232 Cf.
547 2201 680 2232 Niebhr.
697 2201 716 2231 1.
733 2211 764 2240 p.
779 2201 849 2231 208.
894 2200 1078 2239 Aliquando

409 2244 491 2274 Iliae
504 2248 646 2281 vocatae,
657 2243 751 2273 Ovid.
763 2243 849 2273 Fast.
859 2242 891 2273 ii.
907 2243 976 2282 383.
996 2243 1077 2273 Hor.

409 2287 471 2317 Od.
492 2287 512 2317 i.
535 2296 563 2317 2.
588 2286 723 2325 Dionys.
743 2286 763 2316 i.
788 2293 837 2324 77,
861 2286 907 2324 78.
954 2285 1078 2315 Perizo-

409 2329 480 2359 nius
514 2329 634 2366 docuit,
665 2328 760 2358 Iliam
793 2338 918 2366 semper
948 2328 1078 2357 Aeneae

409 2372 520 2408 filiam,
537 2372 641 2402 Ream
665 2374 774 2400 contra
795 2370 881 2409 regia
902 2370 1000 2409 stirpe
1018 2369 1077 2399 Sil-

409 2414 530 2444 viorum
547 2414 674 2444 Albana
692 2417 879 2452 prognatam
895 2423 971 2443 esse.
1016 2412 1042 2442 F
1045 2422 1076 2441 a-

407 2457 516 2487 bulam
532 2457 572 2487 de
589 2457 660 2487 Rea
676 2456 776 2486 Silvia
791 2455 993 2485 vetustiorem
1009 2465 1076 2485 esse

405 2503 438 2529 et
460 2510 479 2529 a
503 2499 628 2529 Naevio
651 2499 829 2538 probatam,
849 2497 945 2528 Iliam
968 2501 1075 2527 autem

405 2553 422 2571 a
448 2542 608 2572 Graeculo
631 2541 769 2580 quodam
793 2540 881 2570 fonte
904 2540 1075 2570 deductam

406 2585 584 2623 suspicatur
601 2584 734 2614 Niebhr.

455 2636 471 2656 2
497 2629 590 2658 Forte
617 2627 753 2666 quadam
780 2626 951 2662 divinitus]
999 2624 1075 2655 Non

406 2668 568 2698 insolitum
586 2669 725 2708 antiquis
740 2669 869 2698 Fortem
884 2667 999 2707 ipsam,
1011 2667 1076 2697 sive

407 2720 445 2740 ea
460 2720 542 2748 quae
562 2722 634 2741 casu
656 2711 818 2749 eveniunt,
834 2710 960 2740 divinae
982 2720 1076 2740 curae

406 2752 572 2791 assignare.
618 2754 669 2783 Sic
692 2753 859 2792 aliquoties
884 2752 1076 2784 Plutarchus

407 2794 470 2834 θείᾳ
485 2794 543 2824 τινὶ
559 2793 650 2834 τύχῃ.
689 2796 860 2826 Blanditur
872 2799 979 2825 tamen
994 2795 1075 2825 Gru-

407 2837 465 2868 teri
483 2836 679 2867 coniectura:
704 2839 798 2868 Forte
814 2839 962 2878 quadum..
973 2848 1017 2867 αη
1029 2839 1073 2867 di-

408 2881 549 2915 vinitns;
574 2888 670 2917 quum
697 2881 878 2916 praesertim
895 2880 1024 2910 Sueton.
1042 2880 1073 2910 in

410 2922 525 2954 Claud.
551 2930 595 2960 13.
620 2931 694 2951 casu
722 2923 867 2960 quodam,
889 2933 934 2952 cm
958 2924 1071 2952 divini<

1121 2370 1178 2399 sub
1195 2379 1232 2399 ea
1248 2379 1346 2408 pecus
1365 2368 1516 2399 ruminari
1532 2368 1660 2399 solitum
1676 2371 1792 2400 esset.''

1120 2412 1235 2442 Festus
1251 2423 1278 2442 v.
1297 2411 1488 2441 Ruminalis.
1516 2411 1566 2442 Cf.
1583 2411 1688 2442 Tacit.
1704 2412 1790 2443 Ann.

1120 2454 1185 2484 xiii.
1200 2455 1248 2493 58.
1269 2454 1485 2483 lVachsmuth
1496 2453 1614 2484 Gesch.
1624 2454 1681 2484 des
1694 2454 1789 2486 Ro'm.

1121 2497 1257 2533 Staates,
1273 2507 1304 2535 p.
1324 2506 1391 2537 129.

1162 2551 1181 2577 4
1203 2541 1297 2575 Sunt,
1317 2540 1373 2579 qui
1393 2539 1596 2576 Larentiam]
1635 2538 1711 2569 Iure
1733 2549 1787 2579 op-

1120 2581 1198 2611 timo
1210 2581 1392 2619 indignatur
1402 2581 1598 2611 Niebuhn'us
1611 2581 1720 2612 Pisoni
1731 2582 1787 2612 ali-

1119 2623 1208 2663 isque
1225 2623 1389 2653 annalium
1413 2624 1628 2663 scriptoribus,
1643 2624 1727 2662 quod
1744 2625 1787 2655 fa-

1119 2667 1211 2696 bulas
1227 2670 1347 2696 veteres
1369 2676 1407 2696 ex
1432 2666 1579 2696 libertate
1596 2666 1740 2706 mythica.
1754 2667 1787 2697 in

1119 2709 1300 2739 historicam
1322 2709 1505 2739 servitutem
1523 2709 1683 2739 vindicare
1699 2709 1785 2739 volu-

1119 2751 1200 2781 erint
1213 2763 1219 2781 :
1243 2762 1322 2790 quos
1337 2755 1443 2781 tamen
1462 2751 1647 2791 Dionysius,
1661 2754 1694 2782 et
1710 2751 1786 2782 Plu-

1119 2794 1248 2824 tarchus
1286 2794 1490 2824 vehementer
1530 2794 1672 2824 laudant.
1735 2793 1785 2824 cf.

1119 2837 1345 2867 XVachsmuffl.
1358 2847 1389 2875 p.
1405 2836 1470 2867 126.
1482 2836 1536 2875 qui
1548 2836 1678 2866 nomina
1687 2836 1783 2866 Faus-

1117 2879 1176 2909 tuli
1192 2890 1210 2908 a
1226 2879 1342 2912 favere.
1353 2879 1521 2910 Larentiae
1532 2889 1552 2909 a
1565 2878 1698 2909 Laribus
1709 2878 1783 2908 (luc-

1117 2926 1148 2951 ta
1166 2927 1329 2952 memorat.
