1934 3211
582 157 710 224 ΠΒ.
744 182 820 223 vi.
863 182 1011 224 CAP.

145 273 330 314 amicitia
377 271 525 328 populi
567 271 752 312 Romani
800 270 980 312 fuerant.

1462 188 1542 227 351

1063 271 1214 328 Itaque
1254 288 1387 328 quum
1439 274 1545 315 tanti

1559 280 1603 312 U.
1620 280 1658 311 C.
1678 279 1748 319 366.

146 330 335 386 undique
356 338 535 370 terrores
555 328 885 378 circumstarent,
903 337 1207 385 appareretque
1229 330 1436 379 omnibus,
1458 345 1545 371 non
1558 325 1598 354 A.
1621 323 1660 354 C.
1677 321 1750 361 386.

145 387 244 429 odio
273 386 408 427 solum
430 385 543 441 apud
574 385 726 435 hostes,
749 386 825 427 sed
853 395 1100 442 contemptu
1125 386 1251 427 etiam
1273 387 1383 428 inter
1413 387 1546 428 socios

146 458 302 486 nomen
320 443 561 484 Romanum
578 443 765 484 laborare
780 459 790 492 3
823 443 981 500 placuit
998 444 1147 485 iisdem
1165 443 1359 500 auspiciis
1375 443 1546 485 defendi

145 500 460 556 rempublicam,
487 500 640 556 quibus
670 510 917 557 recuperata
945 509 1066 550 esset,
1098 501 1431 556 dictatoremque
1462 500 1546 542 dici

146 557 208 599 M.
225 557 399 599 Furium
433 556 673 599 Camillum.

146 615 390 671 magistrum
431 615 623 671 equitum
665 615 795 656 dixit:
841 616 1086 672 iustitioque
1122 615 1296 665 indicto,
1334 615 1545 656 delectum

145 672 359 713 iuniorum
394 672 554 721 habuit,
589 673 648 713 ita
679 681 727 713 ut
761 673 946 713 seniores
982 688 1166 728 quoque,
1201 673 1354 728 quibus
1386 671 1547 728 aliquid

118 747 130 768 1
145 729 304 771 roboris
324 738 572 786 superesset,
594 730 639 769 in
659 729 787 770 verba
807 744 882 770 sua
902 730 1058 770 iuratos
1082 730 1349 771 centuriaret.

146 787 277 828 citum
305 787 590 843 conscriptum
619 795 911 843 armatumque
933 787 1132 827 trifariam
1161 786 1313 827 divisit.

1413 729 1548 770 Exer-

1375 786 1548 827 Partem

146 859 274 885 unam
310 844 355 884 in
396 859 494 899 agro
528 843 709 885 Veiente
752 843 945 884 Etruriae
979 844 1200 900 opposuit:
1239 843 1414 885 alteram
1450 852 1547 885 ante

146 901 294 942 urbem
335 910 467 942 castra
507 900 642 942 locare
689 901 818 941 iussit.

890 900 1106 941 Tribunus
1156 900 1338 942 militum
1383 901 1448 941 his
1490 903 1544 942 A.

148 957 360 1007 Manlius3
413 957 505 1007 illis,
552 958 626 1013 qui
673 958 870 999 adversus
918 957 1117 999 Etruscos
1164 958 1450 1008 mittebantur,
1493 957 1543 998 L.

148 1015 358 1056 Aemilius
373 1015 658 1072 praepositus:
693 1015 857 1056 tertiam
871 1024 1034 1071 partem
1049 1015 1135 1071 ipse
1151 1015 1204 1056 ad
1218 1014 1394 1056 Volscos
1410 1015 1545 1064 duxit,
1561 1022 1754 1052 Volscorum

116 1091 132 1112 2
147 1087 226 1114 nec
247 1073 393 1129 procul
414 1073 466 1113 ab
489 1072 680 1113 Lanuvio
694 1072 769 1128 (ad
792 1072 1008 1113 Maecium
1029 1073 1063 1113 is
1084 1072 1200 1114 loeus
1221 1072 1396 1128 dicitur)
1417 1082 1548 1114 castra

116 1147 134 1177 3
147 1145 390 1186 oppugnare
408 1139 469 1171 est
492 1130 672 1171 adortus.

739 1130 918 1179 Quibus,
933 1130 985 1170 ab
1007 1138 1267 1186 contemptu,
1285 1130 1402 1186 quod
1417 1145 1547 1186 prope

146 1202 317 1229 omnem
346 1187 528 1228 deletam
551 1203 575 1228 a
606 1186 741 1228 Gallis
764 1187 1002 1228 Romanam
1024 1187 1288 1228 iuventutem
1313 1187 1546 1236 crederent,

145 1244 200 1286 ad
232 1244 390 1285 bellum
423 1244 631 1300 profectis,
670 1253 834 1285 tantum
871 1243 1076 1285 Camillus
1116 1243 1284 1285 auditus
1324 1244 1550 1300 imperator

147 1302 315 1343 terroris
335 1301 547 1351 intulerat,
567 1311 613 1342 ut
634 1301 740 1342 vallo
759 1317 802 1342 se
824 1302 915 1358 ipsi,
932 1301 1088 1342 vallum
1109 1302 1318 1357 congestis
1334 1302 1548 1343 arboribus

147 1359 370 1414 saepirent‚
414 1374 467 1399 ne
509 1374 593 1414 qua
633 1359 786 1400 intrare
829 1358 882 1399 ad
922 1359 1188 1399 munimenta
1227 1358 1356 1399 hostis
1395 1367 1545 1414 posset.

151 1416 281 1464 Quod
300 1416 370 1456 ubi
388 1416 684 1457 animadvertit
703 1415 921 1465 Camillus,
940 1416 1080 1472 ignem
1096 1416 1140 1456 in
1157 1416 1364 1457 obiectam
1378 1430 1547 1471 saepem

147 1474 300 1515 coniici
320 1473 460 1514 iussit:
494 1483 537 1515 et
550 1474 655 1514 forte
677 1482 765 1514 erat
786 1473 846 1514 vis
868 1488 1020 1527 magna
1034 1473 1150 1514 venti
1166 1488 1285 1513 versa
1304 1473 1349 1512 in
1369 1472 1546 1513 hostem.

149 1530 299 1586 Itaque
331 1546 418 1571 non
449 1528 611 1587 aperuit
643 1530 778 1571 solum
809 1530 1007 1571 incendio
1037 1530 1160 1578 viam,
1184 1529 1272 1579 sed,
1294 1530 1474 1570 flammis
1504 1530 1549 1569 in

149 1597 282 1629 castra
303 1588 586 1637 tendentibus,
608 1602 760 1644 vapore
783 1587 908 1628 ctiam
931 1601 978 1627 ac
998 1587 1115 1627 fumo
1136 1587 1385 1643 crepituque
1406 1586 1550 1627 viridis

150 1645 348 1687 materiae
377 1645 602 1701 flagrantis,
625 1645 684 1686 ita
708 1644 990 1685 consternavit.
1011 1644 1163 1694 hostes,
1188 1652 1234 1684 ut
1260 1644 1398 1685 minor
1418 1643 1550 1685 moles

148 1702 441 1759 superantibus
467 1702 622 1743 vallum
655 1702 698 1742 in
734 1711 867 1742 eastra
892 1701 1142 1742 Volscorum
1175 1701 1381 1742 Romanis
1407 1701 1547 1750 fuerit,

181 1775 276 1801 uam
298 1759 692 1801 transcendentibus
713 1773 880 1814 saepem
904 1758 1102 1799 incendio
1123 1759 1386 1814 absumptam
1401 1758 1548 1799 fuerat.

185 1817 269 1858 usis
316 1816 506 1858 hostibus
547 1817 775 1872 caesisque,
819 1831 951 1871 quum
993 1824 1127 1856 eastra
1167 1816 1330 1871 impetu
1372 1816 1551 1871 cepisset

147 1873 339 1924 dictator,
362 1874 560 1930 praedam
576 1873 697 1914 militi
719 1873 851 1921 dedit,
870 1888 955 1928 quo
977 1873 1116 1913 minus
1129 1882 1350 1928 speratam,
1374 1873 1548 1913 minime

148 1931 342 1987 largitore
383 1931 505 1980 duce,
548 1946 598 1971 eo
640 1930 764 1971 militi
805 1940 1042 1983 gratiorem.

1105 1930 1360 1972 Persecutus
1391 1929 1548 1971 deinde

147 1988 368 2044 fugientesz,
391 2003 523 2044 quum
545 2002 714 2028 omnem
732 1986 933 2026 Volscum
956 2001 1102 2041 agrum
1124 1987 1406 2043 depopulatus
1425 1997 1547 2035 esset,

115 2045 201 2090 4ad
222 2045 483 2086 deditionem
507 2044 682 2084 Volscos
707 2043 1016 2098 septuagesimo
1037 2043 1210 2083 demum
1235 2058 1347 2084 anno
1368 2044 1545 2098 subegit.

150 2101 298 2143 Victor
319 2116 371 2142 ex
398 2101 561 2143 Volscis
583 2101 624 2140 in
654 2101 829 2154 Aequos
851 2099 1025 2148 transiit,
1047 2107 1090 2139 et
1115 2100 1226 2154 ipsos
1246 2099 1404 2140 bellum
1426 2099 1547 2140 moli-
1561 2108 1696 2139 Dedunt
1712 2120 1746 2139 se

196 2246 208 2266 1
236 2238 277 2266 In
306 2237 400 2266 verbu
427 2246 486 2265 sua
514 2237 636 2264 iuratos
662 2235 823 2264 centuria-

148 2280 213 2317 νει]
243 2279 281 2309 ln
308 2277 470 2308 centurias
496 2277 712 2309 distribueret.
741 2280 823 2315 post-

149 2331 244 2361 quam
277 2321 465 2351 innuissent
503 2331 535 2349 ew
574 2319 660 2348 iussu
692 2318 824 2349 Camilli

149 2363 313 2394 dictatoris
337 2368 550 2393 conventurus
572 2372 676 2399 neque
704 2360 823 2390 iniussu

147 2405 300 2436 abituros.
325 2406 431 2435 (ἲιικν.

191 2458 209 2478 2
233 2449 288 2478 Ad
303 2448 485 2484 Alam-ium]
516 2447 622 2479 Mons,
643 2445 728 2475 lmud
755 2455 822 2484 pro-

149 2491 202 2520 cul
221 2490 378 2526 Lanuvio,
391 2490 476 2520 uude
494 2493 604 2528 postea
620 2487 722 2517 tribus
736 2488 822 2518 Muc-

149 2532 198 2562 viu
213 2533 391 2571 appellata,
409 2531 478 2562 infr.
499 2530 559 2561 xiii.
584 2540 628 2569 17.

199 2584 215 2612 3
241 2575 290 2603 Ab
306 2575 506 2613 contemptu]
543 2574 666 2603 Contra
682 2571 824 2601 scribunt

154 2616 285 2646 nimlor.
299 2616 360 2646 xiv.
378 2625 444 2654 117.
461 2620 491 2645 ct
515 2616 599 2645 l'lut.
617 2615 647 2644 iu
666 2616 758 2644 (Eun.
776 2624 824 2652 3⁴.

149 2658 325 2689 exercitum
356 2658 538 2687 Romanum
566 2658 717 2687 adu-rsus
749 2657 822 2685 Vul-

149 2712 219 2730 ncos
240 2700 370 2729 mimum
389 2699 419 2729 in
438 2704 547 2729 monn·
566 2698 693 2729 Maecio
709 2709 727 2727 u
748 2698 823 2727 vo!-

149 2743 209 2773 κίε
235 2742 264 2772 in
291 2747 394 2772 ctu-tm
420 2741 624 2780 compuli-um
649 2746 747 2778 utque
771 2741 823 2768 nb—

148 2795 268 2815 iwmuin
288 2795 367 2820 enne,
383 2788 415 2813 et
431 2783 608 2813 Camillum
634 2791 705 2811 cum
731 2782 825 2811 tertio

148 2826 292 2858 exercitu
309 2826 432 2856 auxilio
448 2825 475 2855 vi
496 2824 625 2854 venisse.

192 2882 209 2908 4
233 2870 474 2909 Seplrmyenimo
493 2868 617 2898 demum
641 2868 745 2904 ηηηη]
776 2865 825 2895 [tn

149 2922 277 2951 «pioque
295 2910 473 2948 Eutropius
490 2909 521 2940 ii.
545 2919 567 2940 ι.
585 2914 615 2939 ct
634 2908 766 2938 ornniu-
782 2907 823 2938 iii.

871 2242 898 2271 3.
945 2232 1008 2263 Sed
1038 2232 1229 2272 interpretes
1258 2233 1393 2264 minime
1419 2234 1460 2264 de
1486 2234 1547 2266 hoe

871 2284 1004 2304 numero
1026 2275 1242 2311 consentiunt,
1258 2280 1288 2305 et
1306 2276 1438 2314 quidam
1459 2287 1547 2307 men-

870 2318 984 2347 dosum
1011 2328 1079 2347 esse
1106 2328 1168 2347 nou
1194 2317 1353 2348 dubitant.
1400 2319 1549 2357 Sigonius

868 2361 1000 2398 septimo
1026 2365 1056 2390 (Ἰ
1084 2361 1252 2389 ‘'enh-simo
1274 2371 1316 2390 sc.
1340 2361 1381 2390 ab
1401 2371 1452 2392 nn.
1476 2370 1547 2402 259.

874 2402 913 2432 U.
932 2403 969 2431 (¹.
988 2402 1117 2440 quando
1139 2402 1246 2431 Volsci
1270 2402 1390 2432 bellum
1417 2413 1546 2434 renova-

871 2448 995 2478 verunt,
1009 2445 1178 2481 legendum
1197 2448 1316 2474 censet.
1350 2444 1549 2476 Nicbuhriun

869 2491 977 2516 autem
997 2485 1026 2516 ii.
1046 2497 1075 2516 u.
1094 2490 1164 2525 5⁸5.
1188 2486 1314 2516 Livium
1339 2491 1369 2516 et
1398 2486 1547 2526 Byzanti·

871 2539 928 2558 non
944 2529 1024 2558 duos
1047 2529 1076 2558 iu
1094 2539 1198 2558 errore
1217 2533 1356 2558 venustos
1376 2540 1444 2559 em·
1465 2529 1546 2560 exin-

871 2571 977 2604 timut,
1004 2576 1034 2599 vt
1062 2570 1092 2600 iu
1118 2571 1290 2600 annalibus
1316 2571 1470 2610 scripturn
1498 2573 1545 2602 fu-

871 2612 943 2648 isse,
967 2613 1086 2641 Volscus
1102 2614 1157 2652 qui
1173 2615 1407 2652 scptuayesn'nm
1421 2615 1546 2645 demum

869 2666 956 2684 anun
974 2655 1183 2689 rebellabant,
1198 2654 1320 2693 quippo.-
1339 2655 1397 2684 hos
1411 2666 1454 2686 sc.
1480 2657 1546 2686 Vol-

869 2708 934 2725 scus
958 2697 1177 2732 occidentales,
1199 2696 1229 2726 in
1254 2696 1370 2735 quibus
1396 2697 1546 2729 Ecetmni

870 2744 901 2768 ct
932 2738 1078 2768 Antinum
1102 2742 1205 2773 erunt,
1227 2748 1277 2768 ειη.
1305 2748 1375 2779 295.
1397 2740 1437 2771 U.
1458 2741 1496 2771 C.
1514 2740 1545 2771 in

869 2780 1046 2810 amicitiam
1082 2780 1262 2810 Romanum
1294 2786 1446 2821 acceptos
1478 2793 1547 2813 case

870 2821 979 2851 acribia
1009 2821 1104 2852 Dion.
1135 2822 1197 2853 viii.
1224 2831 1273 2861 35.
1297 2827 1329 2853 ct
1354 2823 1437 2854 inter
1460 2825 1548 2856 hunc

871 2865 1021 2911 vt'urln's
1051 2869 1164 2904 captae
1194 2875 1315 2895 annum
1343 2867 1549 2907 septuaginta

872 2911 982 2945 utique
997 2916 1099 2936 annon
1115 2906 1299 2937 interiectos
1315 2917 1392 2941 enne.

751 557 793 599 Is
823 558 1003 599 dictator
1035 557 1086 600 C.
1109 557 1331 599 Servilium
1363 557 1546 599 Ahalam
1559 563 1719 595 Camillus

1559 606 1698 636 dictator

1561 649 1631 679 III.

1560 1069 1662 1095 castra
1673 1074 1723 1094 ca-

1562 1107 1619 1147 lvit.

1560 2151 1681 2183 Volsci.
