1934 3211
374 216 459 256 436
897 211 1047 254 ΤΙΤΙ
1083 212 1265 254 LIVII

161 309 205 341 U·
223 309 262 340 C.
279 317 351 348 412·
378 303 597 361 apparuit3
650 310 741 344 tum
781 302 888 358 capi,
930 302 1066 343 occidi
1112 301 1300 344 Samnis:
1354 317 1433 344 nec
1475 302 1776 359 superfuissent

160 352 351 424 ssffnsgfftffi·
378 361 514 411 multi,
536 361 581 401 ni
609 375 695 402 nox
715 360 932 401 victoriam
959 360 1103 415 magis,
1127 375 1254 415 quam
1284 360 1503 416 proelium,
1527 360 1773 401 diremisset.

160 405 366 467 Samniltlesin
381 419 438 460 Et
469 418 652 460 Romani
682 418 933 466 fatebantur,
964 432 1184 472 nunquam
1216 432 1313 458 cum
1345 417 1622 473 pertinaciore
1655 417 1775 458 hoste

160 479 351 519 Campania.
378 477 646 518 conflictum:
681 483 724 516 et
751 474 971 524 Samnites,
998 490 1130 530 quum
1152 483 1435 529 quaereretur,
1459 489 1667 530 quaenam
1691 474 1777 530 pri-

378 549 447 575 ma
475 549 599 575 causa
626 541 711 573 tam
742 532 970 573 obstinatos
999 532 1195 572 movisset
1221 532 1267 571 in
1290 532 1465 587 fugam?
1498 531 1668 573 ‘oculos
1698 531 1777 572 sibi

379 597 392 615 ⁶
408 591 700 632 Romanorum
729 589 873 629 ardere
894 589 1029 637 visos,'
1050 588 1230 637 aiebant,
1264 594 1276 611 ‘
1291 604 1549 646 vesanosque
1569 588 1709 630 vultus
1734 596 1778 630 et

380 648 590 689 ‘furentia
620 662 715 688 ora:
754 646 854 686 inde
891 645 998 700 plus,
1031 660 1159 701 quam
1194 660 1248 686 ex
1284 644 1367 686 alia
1400 645 1485 687 ulla
1519 661 1576 696 re,
1608 646 1778 687 terroris

381 705 574 747 ‘ortum.’
637 703 779 751 Quem
808 711 1009 743 terrorem
1037 717 1123 743 non
1150 717 1318 758 pugnae
1350 702 1484 743 solum
1512 712 1680 753 eventu,
1703 702 1778 744 sed

378 771 587 804 nocturna
620 760 894 816 profectione,
932 759 1110 800 confessi
1145 768 1253 800 sunt.
1322 759 1497 801 Postero
1532 760 1601 801 die
1636 760 1778 801 vacuis

378 819 565 861 hostium
597 818 739 859 castris
768 817 987 858 Romanus
1018 816 1203 873 potitur:
1238 831 1323 872 quo
1356 832 1398 858 se
1432 817 1568 858 omnis
1595 816 1779 874 Campa-

379 891 531 917 norum
552 874 780 916 multitudo
801 873 1109 930 gratulabunda
1130 874 1291 915 effudit.

232 944 299 981 34,
440 932 643 975 Ceterum
676 932 756 974 hoc
788 932 991 988 gaudium
1027 947 1179 987 magna
1210 947 1340 988 prope
1374 932 1491 973 clade
1527 932 1572 973 in
1608 931 1778 974 Samnio

161 997 323 1046 Cornelii,
378 991 592 1032 foedatum
615 999 688 1031 est.
743 989 854 1030 Nam
877 990 928 1030 ab
953 989 1137 1030 Saticula
1156 989 1368 1045 profectus
1387 989 1612 1031 Cornelius
1633 989 1780 1031 consul

160 1042 300 1114 ξοῗῐῗῃξῧ
315 1050 365 1113 Πὲ-
380 1049 613 1090 exercitum
641 1048 809 1089 incaute
838 1047 883 1087 in
914 1046 1078 1097 saltum,
1101 1062 1202 1088 cava
1221 1047 1327 1088 valle
1357 1047 1563 1103 pervium,
1585 1047 1778 1103 circaque
1793 1059 1814 1092 5·

160 1093 330 1156 rssmiiff
378 1107 584 1148 insessum
615 1106 666 1146 ab
697 1105 831 1154 hoste,
862 1104 1058 1145 induxit:
1097 1120 1176 1146 nec
1207 1105 1334 1160 prius,
1368 1120 1495 1160 quam
1525 1105 1656 1161 recipi
1687 1112 1780 1146 tuto

378 1164 500 1220 signa
518 1179 606 1204 non
626 1171 832 1219 poterant,
851 1162 1145 1203 imminentem
1167 1162 1295 1218 capiti
1315 1162 1479 1203 hostem
1495 1162 1611 1203 vidit.
1660 1162 1779 1203 Dum
1792 1169 1813 1202 6

378 1222 423 1262 id
451 1237 591 1263 morae
626 1220 884 1262 Samnitibus
912 1228 986 1269 est,
1010 1219 1151 1275 quoad
1180 1228 1315 1261 totum
1343 1219 1387 1260 in
1411 1219 1563 1261 vallem
1590 1219 1781 1260 infimam

379 1279 623 1320 demitteret
653 1293 831 1334 agmen3
876 1277 924 1318 P.
949 1277 1109 1318 Decius
1141 1277 1333 1318 tribunus
1363 1277 1545 1318 militum
1575 1276 1815 1332 conspicit?

381 1351 514 1377 unum
536 1336 699 1377 editum
720 1336 765 1376 in
786 1335 895 1376 saltu
916 1334 1080 1384 collem,
1099 1334 1392 1375 imminentem
1415 1334 1600 1376 hostium
1622 1333 1779 1383 castris,
1794 1347 1815 1380 a

380 1394 499 1435 aditu
528 1394 706 1435 arduum
738 1392 942 1449 impedito
973 1392 1142 1448 agmini,
1170 1392 1379 1448 expeditis
1408 1391 1524 1433 haud
1554 1390 1779 1432 difficilem.

381 1450 531 1506 Itaque
554 1451 715 1492 consuli
737 1451 881 1491 territo
903 1450 1045 1499 animi,
1070 1449 1284 1490 ‘Videsne
1309 1449 1379 1499 tu,’
1399 1449 1551 1504 inquit,
1575 1448 1654 1490 ‘A.
1674 1447 1783 1490 Cor-

384 1513 396 1531 ‘
411 1509 510 1557 neli,
534 1523 736 1548 cacumen
764 1507 870 1548 illud
897 1522 1021 1562 supra
1047 1507 1243 1557 hostem?
1304 1506 1398 1547 Arx
1420 1506 1491 1547 illa
1514 1516 1577 1547 est
1603 1506 1693 1562 spei
1717 1520 1782 1547 sa-

383 1565 593 1620 ‘lutisque
625 1573 803 1612 nostrae,
830 1564 864 1604 si
892 1579 997 1613 eam,
1021 1579 1148 1620 quam
1180 1564 1294 1605 caeci
1323 1564 1530 1620 reliquere
1559 1563 1781 1613 Samnites,

384 1622 588 1677 ‘impigre
611 1621 809 1676 capimus.
873 1620 942 1661 Ne
970 1630 1016 1661 tu
1040 1621 1145 1661 mihi
1173 1621 1280 1677 plus,
1303 1636 1430 1676 quam
1455 1621 1581 1662 unius
1604 1620 1814 1677 legionis9

385 1679 622 1735 ‘principes
654 1678 934 1733 hastatosque,
967 1677 1159 1718 dederis:
1194 1693 1290 1719 cum
1322 1678 1475 1733 quibus
1507 1678 1580 1719 ubi
1613 1692 1782 1719 evasero

386 1737 459 1777 ‘in
480 1750 704 1785 summum,
726 1750 854 1791 perge
883 1734 983 1775 hinc
1014 1735 1129 1775 omni
1157 1734 1263 1775 liber
1289 1743 1419 1784 metu,
1442 1742 1569 1790 teque
1595 1742 1638 1775 et
1662 1749 1783 1776 exer-

386 1799 398 1818 ‘
414 1794 544 1834 citum
565 1807 693 1834 serva.
756 1791 911 1847 Neque
938 1792 1052 1832 enim
1077 1791 1235 1832 moveri
1259 1791 1402 1841 hostis,
1425 1792 1637 1833 subiectus
1661 1791 1782 1833 nobis

386 1851 467 1892 ‘ad
498 1865 644 1892 omnes
674 1849 794 1899 ictus,
827 1849 916 1889 sine
948 1864 1022 1890 sua
1055 1849 1239 1904 pernicie
1275 1849 1440 1904 poterit.
1504 1848 1596 1890 Nos
1626 1848 1782 1891 deinde

387 1914 488 1949 ‘aut
516 1908 683 1948 fortuna
712 1906 859 1962 populi
891 1906 1087 1955 Romani,
1119 1914 1192 1947 aut
1220 1914 1363 1947 nostra
1391 1906 1523 1947 virtus
1558 1906 1784 1962 expediet.'

389 1965 666 2006 Collaudatus
697 1965 748 2005 ab
780 1963 965 2012 consule,
995 1971 1167 2018 accepto
1196 1962 1419 2019 praesidio,
1448 1963 1565 2004 vadit
1595 1963 1783 2005 occultus

385 2037 461 2078 per
481 2022 659 2070 saltum3
692 2035 770 2061 nec
792 2020 907 2076 prius
932 2020 984 2061 ab
1005 2020 1124 2061 hoste
1147 2028 1210 2061 est
1229 2021 1356 2069 visus,
1378 2035 1505 2076 quam
1525 2019 1631 2070 loco,
1655 2035 1783 2076 quem

384 2079 567 2135 petebat,
615 2078 978 2134 appropinquavit.
1056 2076 1163 2118 Inde
1208 2077 1485 2119 admiratione
1534 2078 1785 2134 paventibus

385 2136 560 2185 cunctis,
588 2150 720 2191 quum
752 2134 941 2175 omnium
973 2135 1019 2175 in
1051 2149 1094 2175 se
1125 2135 1316 2176 vertisset
1347 2134 1502 2184 oculos,
1531 2142 1575 2176 et
1601 2135 1785 2191 spatium

386 2193 548 2234 consuli
569 2193 687 2234 dedit
708 2192 761 2232 ad
783 2191 1106 2232 subducendum
1127 2207 1280 2248 agmen
1300 2192 1346 2232 in
1366 2192 1608 2248 aequiorem
1629 2192 1783 2243 locum,

386 2258 430 2292 et
462 2251 551 2306 ipse
588 2250 634 2291 in
668 2264 833 2291 summo
866 2249 1055 2290 constitit
1084 2258 1251 2291 vertice.
1317 2248 1538 2301 Samnltes,
1567 2248 1671 2291 dum
1699 2249 1784 2292 huc

431 2372 447 2403 5
470 2365 514 2394 In
536 2364 666 2401 saltum,
684 2373 764 2394 cava
786 2363 871 2393 valle
891 2362 1059 2400 pervium]
1108 2362 1159 2391 vel
1175 2371 1276 2391 unum
1299 2371 1376 2400 prae
1397 2360 1469 2391 aliis
1484 2359 1628 2398 editum3
1651 2359 1696 2391 sic
1712 2370 1783 2400 pas-

388 2405 426 2436 cf.
450 2406 523 2436 infr.
546 2405 589 2436 ix.
612 2415 640 2435 2.
658 2409 690 2436 et
713 2414 796 2444 quae
819 2404 863 2433 ibi
887 2404 927 2434 de
950 2403 1064 2434 Furcis
1107 2403 1167 2433 sim
1194 2413 1251 2442 per
1273 2413 1360 2433 ‘canus
1383 2403 1472 2442 apud
1496 2402 1630 2433 Latinos
1651 2402 1784 2442 insignis

387 2447 544 2479 Caudinis
558 2451 788 2477 memorantur.
1107 2445 1224 2484 aliquis
1259 2444 1452 2484 designatur.
1483 2444 1522 2475 cf.
1547 2454 1634 2484 supr.
1663 2444 1707 2476 iii.
1732 2452 1783 2485 55.

429 2489 450 2521 6
471 2491 562 2520 Dum
586 2491 622 2519 id
645 2499 752 2520 morae
772 2488 972 2518 Samnitibus
997 2487 1059 2525 est]
1107 2488 1185 2527 quia
1214 2488 1357 2517 nondum
1386 2488 1422 2517 in
1457 2497 1648 2527 quemquam
1678 2497 1784 2518 unum

387 2531 626 2564 cunctantibus
655 2530 863 2567 Samnitibus,
888 2533 921 2559 et
951 2539 1063 2569 exspe-
1106 2530 1318 2560 saeviebatur.
1343 2528 1455 2559 DOER.

388 2575 550 2605 ctantibus
576 2574 653 2604 dum
681 2573 792 2603 consul
818 2576 924 2602 totum
948 2581 1063 2611 agmen
1150 2580 1170 2611 9
1198 2572 1303 2603 Unius
1329 2572 1462 2610 leyionis
1483 2572 1651 2611 principes
1675 2571 1784 2603 hasta-

388 2616 567 2647 demisisset
589 2615 622 2645 in
639 2615 770 2652 vallem,
785 2614 841 2644 ubi
857 2623 931 2644 eum
948 2613 1062 2643 facilli·
1107 2614 1230 2653 tosque]
1252 2613 1365 2648 Quum
1379 2613 1543 2644 centuriae
1557 2614 1702 2653 singulae
1717 2614 1783 2644 iam

387 2668 440 2688 me
455 2656 637 2697 oppressuri
652 2657 712 2688 sibi
728 2657 927 2687 videbantur.
946 2655 1052 2686 CREv.
1108 2654 1219 2694 viginti
1243 2658 1275 2685 et
1297 2659 1421 2694 septem
1442 2655 1573 2693 milites,
1588 2659 1621 2686 et
1637 2655 1784 2687 cohortes

435 2707 450 2739 7
466 2701 672 2737 Demitteret]
692 2709 734 2730 sc.
748 2699 870 2730 Consul
884 2697 1064 2729 Cornelius.
1109 2697 1309 2727 hastatorum
1321 2701 1353 2728 et
1365 2697 1548 2737 principum
1561 2697 1699 2728 tricenas
1711 2707 1784 2728 cen-

390 2743 603 2773 Demz'tterent
620 2741 722 2772 Drak.
741 2744 772 2771 et
787 2740 903 2779 reliqui
919 2740 992 2770 edd.
1009 2740 1065 2770 sed
1109 2739 1208 2769 turias
1223 2739 1390 2777 haberent,
1401 2750 1443 2771 ex
1459 2739 1508 2770 his
1520 2749 1647 2770 summa
1662 2749 1782 2771 MDcxx

391 2783 471 2812 nihil
488 2784 617 2813 stultius
631 2783 725 2820 foret,
741 2792 838 2822 quam
859 2782 884 2812 si
904 2781 1065 2813 Samnites
1109 2781 1250 2811 militum
1268 2782 1508 2819 conficiebatur,
1523 2782 1565 2812 ad
1581 2791 1661 2820 quos
1682 2781 1709 2812 si
1730 2791 1781 2812 ac-

390 2833 505 2862 agmen
512 2825 649 2854 suumin
656 2826 775 2855 vallem
785 2824 931 2854 infimam
943 2833 982 2854 ex
993 2824 1065 2854 loco
1110 2823 1277 2855 cessissent
1292 2833 1336 2854 Lx
1353 2823 1555 2854 centuriones
1567 2827 1599 2854 et
1614 2832 1691 2853 xxx
1706 2832 1782 2853 vex-

390 2865 552 2902 superiore
569 2866 787 2898 deduxissent.
830 2866 942 2902 Quare
957 2867 1065 2897 demit-
1109 2865 1218 2903 illarii,
1240 2865 1437 2905 praesidium
1467 2866 1554 2896 haud
1580 2863 1677 2895 dubie
1705 2864 1783 2895 satis

391 2910 470 2937 teret
485 2907 616 2936 omnino
632 2917 681 2937 res
697 2908 767 2946 ipsa
781 2908 915 2946 flagitat.
1109 2907 1252 2937 validum
1275 2908 1316 2938 ad
1340 2909 1457 2940 collem
1480 2906 1690 2938 obtinendum
1714 2906 1780 2938 De-

434 2947 453 2978 8
482 2949 606 2985 Unum]
644 2948 674 2980 h.
697 2958 724 2980 e.
750 2948 884 2980 Editum
911 2948 1065 2988 aliquem,
1109 2949 1177 2979 cius
1191 2949 1335 2981 haberet.
