1934 3211
216 218 260 249 U.
277 218 314 249 C.
331 220 403 257 458.

214 263 253 292 A.
278 262 315 293 C.
333 271 402 302 2⁷94.

281 916 346 953 33.

428 126 509 163 594
820 118 822 120 ’
932 122 1077 164 TITI
1119 122 1296 164 LlVII

430 211 628 253 meritatis
655 212 769 264 facit)
797 221 927 254 633113
956 213 1147 255 Romana
1174 229 1425 270 oppugnaic.
1490 213 1545 254 Et
1567 228 1805 269 quanquam

429 285 515 310 non
535 270 650 310 venit
669 270 722 311 ad
742 270 869 311 finem
895 281 977 312 tam
1006 271 1140 312 audax
1170 272 1395 327 inceptum,
1418 281 1556 312 tamen
1585 271 1697 312 haud
1718 286 1806 312 om-

430 327 531 368 111110
552 342 704 368 vanum
723 327 813 368 fuit.
867 328 1034 370 Nebula
1054 338 1141 370 erat
1162 329 1215 370 ad
1236 329 1412 370 multum
1434 329 1518 370 diei
1539 328 1667 370 densa
1686 329 1804 378 adeo,

430 393 477 425 ut
503 384 606 426 lucis
635 400 756 426 usum
784 386 973 442 eriperet,
996 402 1080 427 non
1112 395 1333 442 prospectu
1365 386 1489 427 modo
1516 395 1633 428 extra
1652 386 1806 428 vallum

430 442 637 498 adempto,
675 443 748 484 sed
786 443 1022 499 propinquo
1060 444 1184 484 etiam
1220 444 1579 499 congredientium
1614 444 1724 485 inter
1762 459 1805 484 se

430 509 666 556 conspectu.
730 500 822 541 Hac
852 500 967 541 velut
996 500 1153 541 latebra
1182 500 1424 541 insidiarum
1455 501 1550 542 freti
1585 501 1804 550 Samnites,

431 557 602 598 vixdum
623 558 718 598 satis
739 566 850 599 certa
865 557 970 606 luce,
989 566 1031 598 et
1049 572 1140 598 eam
1162 558 1292 622 ipsam
1312 567 1526 613 premente
1547 558 1735 614 caligine,
1753 558 1806 600 ad

431 615 651 656 stationem
669 614 933 655 Romanam
924 630 967 654 111
988 623 1107 670 porta
1127 615 1308 670 segniter
1321 623 1520 680 ‘agentem
1534 615 1692 671 vigilias
1712 631 1806 672 per-

431 673 616 713 veniunt.
678 671 907 736 Improviso
928 672 1131 728 oppressis
1158 686 1236 713 1166
1264 672 1392 712 31111111
1419 672 1514 713 33113
1538 672 1591 713 3(1
1615 673 1806 715 163131611-

431 729 544 794 dum,
562 744 640 770 1166
660 729 810 769 virium
830 729 919 770 fuit.
968 729 1035 770 Ab
1057 738 1172 786 tergo
1193 738 1419 770 castrorum
1439 729 1670 771 decumana
1688 740 1806 787 porta
1818 746 1837 774 4

430 787 610 843 impetus
629 787 771 827 factus.
833 786 981 842 Itaque
1003 795 1169 843 captum
1191 787 1496 843 (111363101111111·
1530 796 1805 852 quaestorque

430 844 488 885 ibi
528 843 577 885 L.
604 843 797 900 Opimius
836 844 973 885 Pansa
1012 844 1180 886 occisus.
1257 844 1576 886 Conclamatum
1615 844 1714 886 inde
1754 845 1807 886 ad

431 916 553 942 arma.
616 901 790 951 Consul,
819 902 1001 942 tumultu
1032 902 1204 952 excitus,
1233 902 1422 943 cohortes
1454 902 1556 943 duas
1587 903 1805 952 sociorum,

431 959 646 1000 Lucanam
677 958 1019 1015 Suessanamque,
1042 975 1147 1015 quae
1175 960 1386 1016 proximae
1414 960 1518 1001 forte
1547 969 1677 1010 erant,
1700 960 1806 1002 tueri

430 1017 681 1073 praetorium
711 1017 850 1058 iubet:
890 1017 1122 1082 manipulos
1151 1017 1363 1083 legionum
1394 1017 1614 1074 principali
1642 1018 1708 1059 via
1741 1018 1837 1062 in-5

430 1074 556 1115 ducit.
618 1074 807 1115 Vixdum
842 1075 938 1116 satis
972 1075 1120 1131 aptatis
1152 1075 1286 1125 armis,
1320 1075 1365 1116 in
1397 1075 1562 1116 ordines
1593 1083 1720 1117 611111·
1764 1084 1807 1116 61

430 1132 607 1173 clamore
630 1132 771 1188 magis,
789 1147 914 1197 quam
935 1132 1077 1197 0611113,
1100 1132 1262 1174 hostem
1283 1141 1482 1174 noscunt:
1513 1148 1604 1183 nee,
1626 1141 1807 1199 quantus

430 1205 627 1231 numerus
654 1189 717 1239 sit,
740 1190 943 1231 aestimari
975 1199 1121 1246 potest.
1186 1189 1358 1231 Cedunt
1383 1191 1517 1246 primo
1548 1191 1693 1232 incerti
1724 1190 1806 1232 for-

430 1257 555 1289 tunae
577 1263 686 1297 suae,
710 1256 752 1288 et
778 1247 939 1289 hostem
967 1248 1189 1289 introrsum
1210 1248 1254 1288 in
1275 1248 1411 1289 media
1431 1256 1563 1289 castra
1583 1248 1803 1304 accipiunt.

431 1304 536 1346 Inde
565 1320 695 1361 quum
724 1305 867 1346 consul
891 1305 1196 1355 vociferaretur,
1230 1305 1472 1380 ‘expulsine
1501 1313 1619 1347 extra
1638 1305 1804 1356 vallum,

431 1369 442 1386 ⁶
458 1372 589 1404 castra
615 1362 768 1404 deinde
797 1378 870 1404 sua
896 1363 1173 1428 oppugnaturi
1201 1364 1362 1413 essent}
1386 1363 1594 1418 rogitans3
1626 1362 1805 1405 clamore

427 1420 590 1461 sublato
626 1421 786 1461 connisi
818 1420 951 1477 primo
984 1421 1203 1462 resistunt:
1249 1420 1401 1462 deinde
1437 1420 1621 1462 inferunt
1654 1421 1806 1477 pedem

431 1488 676 1533 urgentque,
710 1487 752 1519 et
786 1478 982 1534 impulsos
1018 1478 1145 1520 semel
1179 1487 1332 1520 terrore
1369 1478 1516 1519 eodem
1549 1487 1689 1535 agunt,
1722 1494 1806 1535 quo

430 1543 668 1590 coeperunt.
743 1535 972 1591 Expellunt
1013 1545 1130 1577 extra
1173 1544 1335 1592 portam
1377 1535 1626 1592 vallumque.
1699 1535 1805 1577 Inde

429 1607 600 1648 pergere
632 1607 678 1633 36
711 1593 916 1648 persequi,
948 1593 1047 1657 quia
1079 1594 1245 1634 turbida
1276 1593 1348 1634 lux
1381 1602 1539 1634 metum
1571 1594 1679 1635 circa
1707 1593 1807 1634 insi-

430 1649 592 1690 dialum
622 1649 808 1699 faciebat,
837 1665 922 1690 non
953 1650 1052 1699 ausi,
1081 1650 1262 1691 liberatis
1293 1651 1435 1691 castris
1465 1651 1663 1701 contenti,
1693 1666 1806 1692 1666-

429 1716 582 1763 perunt
621 1722 663 1748 se
704 1707 812 1748 intra
845 1707 999 1748 vallum
1039 1708 1233 1748 trecentis
1267 1707 1393 1748 ferme
1429 1707 1611 1749 hostium
1647 1708 1802 1749 occisis.

431 1764 718 1806 Romanorum
757 1765 943 1806 stationis
978 1765 1134 1820 primae
1170 1764 1425 1829 vigilumque
1463 1773 1504 1806 et
1538 1780 1695 1829 eorum,
1732 1765 1804 1821 qui

429 1822 537 1863 eirca
552 1822 831 1878 quaestorium
853 1822 1048 1878 oppressi,
1065 1822 1224 1877 periele
1246 1821 1299 1862 ad
1319 1822 1601 1878 septingentos
1621 1822 1802 1878 triginta.

487 1879 665 1920 Animos
690 1879 787 1920 inde
816 1879 1069 1920 Samnitibus
1097 1895 1182 1920 non
1212 1879 1356 1920 infelix
1387 1879 1560 1921 audacia
1589 1880 1730 1929 auxit3
1762 1889 1805 1921 et

429 1952 514 1977 non
535 1937 659 1978 modo
679 1936 860 1993 proferre
886 1936 983 1977 inde
1009 1945 1140 1977 castra
1162 1936 1414 1986 Romanum,
1437 1936 1511 1978 sed
1538 1952 1590 1978 ne
1617 1937 1805 1993 pabulari

430 1993 601 2049 quidem
626 2009 700 2051 per
727 2009 844 2050 agros
871 2009 977 2043 suos,
1000 1994 1287 2050 patiebantur:
1321 2003 1429 2035 retro
1450 1994 1494 2035 in
1514 2003 1706 2050 pacatum
1730 1994 1805 2036 So-

428 2067 576 2093 lanum
612 2067 756 2108 agium
796 2051 1055 2108 pabulatmes
1090 2051 1216 2092 ibant.
1282 2051 1470 2099 Quarum
1511 2066 1648 2093 rerum
1683 2052 1804 2102 fama,

430 2109 721 2150 tumultuosior
741 2110 879 2159 etiam,
898 2125 1021 2165 quam
1043 2125 1107 2150 res
1127 2118 1256 2158 erant,
1278 2109 1435 2165 perlata
1456 2109 1647 2160 Romam,
1669 2110 1806 2174 coegit

429 2166 477 2207 L.
502 2166 763 2208 Postumium
803 2166 1028 2216 consulem,
1065 2166 1236 2207 vixdum
1277 2166 1472 2217 validum,
1508 2166 1713 2223 proficisci
1751 2182 1805 2208 ex

428 2224 541 2265 urbe.
603 2224 724 2265 Prius
755 2232 906 2273 tamen,
929 2239 1054 2280 quam
1087 2224 1231 2273 exiret,
1261 2223 1460 2265 militibus
1490 2224 1627 2266 edicto
1659 2223 1804 2266 Soram

428 2281 545 2322 iussis
566 2281 799 2331 convenire,
822 2282 908 2337 ipse
930 2281 1076 2322 aedem
1098 2281 1321 2331 Victoriae,
1340 2296 1464 2338 quam
1486 2281 1630 2322 aedilis
1650 2281 1835 2323 curulis6

427 2353 480 2379 ex
502 2339 728 2380 multaticia
755 2339 933 2395 pecunia
955 2338 1186 2380 faciendam
1214 2347 1437 2389 curaverat,
1459 2338 1677 2380 dedicavit.
1739 2338 1804 2380 Ita

468 2503 486 2529 4
501 2492 689 2522 Decumana
701 2492 812 2530 porta]
830 2490 1037 2521 Aversissima
1052 2491 1092 2520 ab
1137 2489 1275 2529 legiones
1304 2490 1336 2519 in
1368 2489 1418 2520 via
1446 2490 1617 2530 principali
1649 2490 1803 2521 instruere

423 2533 527 2570 hoste,
550 2534 588 2564 cf.
611 2544 694 2573 supr.
721 2533 764 2564 iii.
790 2544 817 2572 5.
871 2534 1093 2570 Quaestorium
1136 2532 1202 2562 sive
1224 2532 1256 2562 in
1275 2532 1400 2563 ordines
1415 2533 1565 2565 inducere
1581 2536 1724 2571 conatur,
1739 2543 1802 2572 quo

425 2576 598 2614 quaestoris
613 2575 800 2606 tentorium:
826 2575 857 2605 in
874 2575 934 2605 hoc
951 2585 1023 2605 vero
1040 2585 1092 2614 pe-
1136 2575 1236 2614 magis
1265 2574 1408 2605 hostibus
1436 2585 1598 2606 accessum
1630 2576 1662 2606 in
1697 2575 1803 2606 media

425 2618 520 2648 cunia
540 2619 582 2649 ad
605 2618 764 2658 stipendia
785 2617 923 2648 militum
941 2618 1093 2648 solvenda
1137 2621 1239 2647 castra
1252 2618 1406 2648 obstruat.

425 2661 651 2691 asservabatur.
1181 2658 1201 2690 6
1226 2661 1345 2691 Aedem
1378 2661 1543 2697 Victoriae,
1566 2671 1661 2701 quam
1689 2661 1802 2692 aedilis

469 2711 485 2741 5
511 2704 693 2743 Pri-ncipali
708 2704 761 2733 via
776 2704 915 2741 inducit]
947 2702 979 2733 Si
996 2703 1091 2732 modo
1134 2703 1256 2732 curulis
1266 2725 1273 2732 .
1286 2726 1293 2733 .
1305 2726 1311 2733 .
1323 2703 1495 2740 dedicavit]
1521 2702 1559 2734 cf.
1573 2703 1593 2734 i.
1604 2713 1653 2742 55.
1698 2703 1802 2742 Supra

424 2746 615 2783 principalis
635 2747 688 2776 via
715 2746 825 2776 eadem
851 2749 908 2781 est,
933 2755 1014 2783 quae
1037 2746 1091 2775 via
1135 2744 1228 2774 huius
1243 2744 1416 2775 aedilitatis
1430 2745 1521 2775 nulla
1540 2745 1660 2775 mentio
1676 2745 1730 2776 fit:
1755 2748 1802 2775 est

424 2787 668 2825 principiorum,
684 2798 764 2826 quae
789 2798 844 2826 per
859 2791 959 2818 totam
977 2790 1090 2817 castro·
1135 2786 1220 2817 enim
1236 2787 1297 2817 hoc
1310 2787 1402 2817 Livio
1413 2786 1626 2824 familiare‚ut
1640 2787 1800 2827 magistra-

427 2837 493 2856 rum
525 2829 724 2859 latitudinem
755 2830 795 2859 ab
826 2840 891 2859 una
920 2828 1088 2868 principali
1133 2833 1185 2859 tus
1200 2828 1335 2859 alicuius
1350 2829 1441 2869 gesti,
1456 2833 1512 2859 aut
1529 2829 1605 2869 legis
1621 2830 1716 2865 latae,
1731 2839 1758 2859 e.
1769 2837 1799 2867 g.

425 2874 515 2908 porta
539 2871 577 2899 ad
602 2872 733 2901 alteram
755 2871 963 2910 pertingebat,
979 2872 1087 2901 consul
1135 2871 1273 2910 Oppiae..
1289 2881 1383 2910 quain
1399 2873 1582 2910 abrogatam
1605 2875 1729 2901 tantum
1753 2879 1797 2899 re-
