1934 3211
350 330 427 392 T.
490 331 766 394 LIVII
831 331 1348 396 PATAVINI

625 525 967 579 LIBER
1034 526 1079 579 I.

721 698 978 723 *⁷

129 871 141 893 1
159 849 316 949 IAM
355 851 536 908 primum
581 851 770 892 omnium
809 851 907 892 satis
947 859 1119 901 constat,
1162 850 1290 893 Troia
1329 860 1462 908 capta,
1499 852 1542 893 in
1646 857 1679 896 1.

247 917 405 950 ceteros
435 908 636 950 saevitum
667 924 755 950 esse
782 908 1004 958 Troianos3
1037 909 1213 959 duobus,
1236 910 1386 951 Aenea
1406 909 1541 951 Ante-

155 981 354 1023 noreque,
371 975 414 1008 et
428 967 581 1008 vetusti
598 966 686 1008 iure
704 967 887 1023 hospitii,
903 976 945 1008 et
961 967 1061 1023 quia
1079 967 1193 1023 pacis
1214 967 1539 1023 reddendaeque

156 1024 347 1067 Helenae
377 1039 542 1081 semper
570 1033 759 1066 auctores
787 1024 966 1075 fuerant,
988 1040 1112 1066 omne
1143 1025 1207 1066 ius
1236 1024 1334 1066 belli
1356 1025 1542 1067 Achivos

154 1081 413 1125 abstinuisse.
478 1082 656 1124 Casibus
677 1081 830 1123 deinde
852 1082 974 1123 variis
995 1082 1258 1124 Antenorem
1280 1098 1376 1124 cum
1401 1083 1543 1124 multi-
1556 1094 1727 1126 Antenoris

123 1140 301 1182 2tudine
334 1139 566 1190 Henetum,
594 1140 680 1196 qui,
710 1139 914 1181 seditione
950 1154 1003 1181 ex
1030 1139 1318 1206 Paphlagonia
1346 1141 1467 1197 pulsi,
1500 1138 1631 1183 etfata.

153 1198 273 1240 sedes
292 1206 336 1239 et
355 1197 519 1263 ducem,
537 1213 633 1254 rege
650 1197 904 1254 Pylaemene
926 1197 980 1239 ad
1001 1197 1170 1239 Troiam
1192 1198 1354 1248 amisso,
1370 1213 1543 1254 quaere-

152 1256 268 1306 bant,
289 1255 450 1297 venisse
473 1255 516 1296 in
538 1255 732 1296 intimum
754 1256 876 1296 maris
899 1254 1134 1296 Hadriatici
1154 1256 1314 1297 sinum:
1347 1255 1542 1312 Eugane-

154 1314 286 1370 isque,
308 1313 380 1370 qui
402 1313 511 1354 inter
532 1328 644 1354 mare
667 1312 882 1369 Alpesque
904 1311 1157 1362 incolebant,
1183 1312 1324 1369 pulsis,
1348 1312 1542 1355 Henetos

154 1371 442 1427 Troianosque
483 1386 550 1412 cas
590 1370 772 1412 tenuisse
815 1379 967 1411 terras:
1013 1378 1056 1411 et
1094 1370 1139 1410 in
1186 1385 1311 1426 quem
1359 1371 1541 1427 primum

153 1428 307 1486 egressi
336 1437 433 1470 sunt
462 1428 613 1477 locum,
643 1427 771 1468 Troia
797 1435 980 1477 vocatur,
1011 1442 1203 1484 pagoque
1233 1427 1332 1469 inde
1355 1428 1539 1470 Troiano

152 1501 307 1528 nomen
336 1494 421 1527 est:
451 1500 554 1542 gens
582 1485 681 1526 univ
683 1500 774 1526 ersa
805 1484 961 1526 Veneti
991 1484 1199 1551 appellati.
1262 1485 1454 1537 Aenean,
1487 1488 1538 1529 ab
1552 1501 1681 1533 Aeneae

122 1543 275 1594 3simili
305 1543 422 1585 clade
455 1543 581 1585 domo
610 1542 846 1609 profugum,
878 1543 951 1584 sed
979 1543 1032 1584 ad
1062 1544 1219 1586 maiora
1247 1559 1387 1586 rerum
1419 1545 1627 1587 initiafata

151 1601 403 1644 ducentibus
433 1601 540 1651 fatis,
573 1601 707 1658 primo
739 1616 784 1642 ln
816 1600 1113 1643 Macedoniam
1143 1602 1328 1644 venisse:
1362 1602 1462 1644 inde
1493 1603 1538 1644 in

154 1659 339 1702 Siciliam
366 1668 639 1716 quaerentem
671 1658 791 1700 sedes
823 1659 1031 1700 delatum:
1067 1660 1119 1701 ab
1153 1659 1295 1702 Sicilia
1325 1660 1453 1702 classe
1485 1661 1538 1703 ad

152 1717 408 1759 Laurentem
482 1732 574 1758 rum
597 1717 803 1759 tenuisse:
828 1717 981 1759 Troiae
999 1725 1042 1758 et
1057 1716 1156 1759 huic
1173 1717 1265 1760 loco
1287 1733 1441 1760 nomen
1462 1728 1535 1761 est.

151 1775 217 1818 Ibi
249 1775 401 1832 egressi
476 1775 621 1825 roiani,
653 1784 701 1816 ut
730 1775 882 1831 quibus
912 1775 964 1817 ab
994 1775 1198 1817 immenso
1230 1791 1359 1833 prope
1399 1792 1538 1819 errore

151 1833 269 1884 nihil,
291 1842 458 1890 praeter
477 1848 591 1874 arma
612 1842 654 1874 et
674 1848 812 1883 naves,
834 1843 1079 1889 superesset,
1103 1849 1234 1890 quum
1261 1834 1459 1890 praedam
1484 1850 1538 1876 ex

150 1891 259 1948 agris
298 1900 483 1948 agerent,
521 1891 697 1932 Latinus
737 1906 810 1932 rex
842 1891 1205 1956 Aboriginesque,
1246 1892 1317 1948 qui
1360 1901 1449 1934 tum
1489 1908 1540 1935 ea

150 1950 351 1991 tenebant
370 1949 474 2000 loca,
496 1949 549 1990 ad
570 1948 791 1990 arcendam
813 1949 895 1990 vim
918 1949 1172 1991 advenarum
1194 1950 1338 1991 armati
1360 1966 1412 1992 ex
1435 1951 1536 1992 urbe

150 2016 276 2072 atque
298 2007 406 2064 agris
426 2015 693 2048 concurrunt.
743 2006 915 2063 Duplex
938 2007 1036 2048 inde
1057 2007 1167 2049 fama
1186 2017 1258 2049 est.
1307 2008 1396 2050 Alii
1416 2024 1538 2065 proe-

150 2064 208 2106 lio
229 2065 387 2106 victum
409 2064 611 2106 Latinum
633 2079 777 2121 pacem
807 2080 902 2106 cum
925 2065 1087 2114 Aenea,
1116 2065 1270 2107 deinde
1292 2066 1536 2108 affinitatem

151 2122 334 2164 iunxisse
367 2122 557 2164 tradunt:
589 2122 672 2172 alii,
702 2137 832 2178 quum
865 2122 1089 2164 instructae
1111 2123 1219 2164 icics
1240 2124 1535 2174 constitissent,

150 2181 390 2237 priusquam
421 2180 539 2237 signa
568 2189 780 2229 canerent,
810 2180 1053 2237 processisse
1085 2180 1286 2222 Latinum
1317 2181 1426 2222 inter
1453 2182 1538 2238 pri-

152 2253 300 2289 moreS,
344 2238 580 2295 ducemque
625 2238 879 2279 advenarum
926 2253 1115 2280 evocasse
1166 2238 1218 2279 ad
1268 2238 1536 2296 colloquium,

197 2352 207 2373 1
237 2343 330 2373 Trma
346 2343 458 2382 capta]
488 2341 646 2372 Fabulam
670 2341 754 2371 hanc
775 2346 820 2371 to·
868 2341 967 2372 Haud
988 2341 1054 2372 scio
1073 2352 1113 2372 an
1132 2341 1312 2372 Niebuhrio
1335 2342 1411 2372 fides
1431 2343 1539 2373 danda

150 2389 216 2415 tam
240 2385 281 2416 de
300 2384 448 2416 Troianis
470 2384 501 2415 in
527 2384 655 2415 Latium
680 2384 823 2414 advectis
865 2385 917 2419 sit,
943 2385 997 2424 qui
1025 2385 1154 2422 vulgare
1177 2389 1394 2415 commentum
1418 2390 1473 2415 aut
1497 2396 1536 2415 ex

152 2427 333 2467 indigenam
350 2438 417 2458 esse
433 2427 595 2458 existimat
614 2427 644 2458 N
650 2427 822 2464 iebuhriua,

151 2474 183 2500 et
209 2481 247 2501 ex
275 2471 335 2502 hac
362 2481 395 2501 re
421 2475 524 2500 ortum
553 2470 711 2505 habuisse,
735 2470 820 2509 quod

151 2512 299 2544 Troianis
313 2518 345 2544 et
362 2513 536 2553 Tyrrhenis
554 2513 648 2552 stirps
666 2518 756 2543 vetus
770 2523 820 2543 ca-

151 2556 224 2586 dem
240 2556 405 2595 Pelasgica
415 2556 523 2587 fuisset
538 2556 680 2586 Naevius
692 2555 819 2595 quidem

152 2598 273 2638 primun
308 2598 392 2629 hanc
428 2599 569 2629 subulam
603 2599 742 2629 versibus
777 2599 821 2628 in-

151 2640 276 2672 struxit.

196 2693 212 2714 2
237 2684 415 2722 llenemm]
451 2683 518 2719 Qui
541 2688 662 2719 tamen,
677 2683 701 2714 ai
721 2684 822 2714 Hero-

151 2727 262 2757 dotum
284 2726 464 2762 audiamus.
478 2737 554 2763 gens
573 2727 703 2767 Illyrica
721 2731 820 2757 crunt.

152 2769 171 2801 i.
199 2768 265 2810 196.
308 2769 405 2808 Apud
431 2768 516 2799 serv.
542 2769 573 2799 in
603 2770 682 2800 Aen.
707 2769 726 2800 i.
752 2778 823 2807 ²⁴3·

154 2812 299 2851 legimus,
325 2811 490 2851 Illyricum
510 2812 669 2850 quendum
695 2812 823 2841 nominc

155 2855 334 2890 llenctum,
357 2864 459 2892 regem
481 2854 650 2885 Venetiam
675 2854 825 2887 tonuisse.

153 2903 184 2928 ct
223 2897 339 2937 regioni
379 2908 494 2927 nomen
534 2907 624 2927 nuum
664 2896 823 2927 indidisse.

866 2427 996 2467 cyclicis
1013 2428 1114 2467 poetis
1130 2427 1306 2458 derivatum
1324 2432 1378 2457 aut
1397 2438 1416 2457 a
1438 2428 1537 2458 nomi-

865 2480 941 2500 num
961 2470 1170 2500 similitudine
1187 2470 1359 2500 deductum
1377 2470 1472 2501 fuisse
1490 2481 1536 2501 ar-

865 2513 1008 2544 biti-atur.
1041 2513 1091 2544 Cf.
1117 2513 1229 2552 Polyb.
1249 2513 1279 2543 ii.
1305 2522 1348 2551 17.
1374 2514 1476 2544 stmh.
1496 2514 1536 2545 iv.

867 2565 937 2596 297.
984 2555 1182 2586 Nicbuhrius
1197 2561 1303 2585 mitem
1327 2555 1472 2586 llcnctos
1487 2556 1535 2587 Li-

868 2600 983 2628 burnos
995 2599 1090 2629 fuisse
1106 2598 1243 2628 coniicit.
1268 2598 1317 2628 Cf.
1338 2598 1422 2629 llist.
1441 2599 1535 2631 Rom.

868 2641 1012 2678 Anglicc.
1029 2642 1047 2671 i.
1067 2652 1095 2680 p.
1119 2640 1183 2679 165.

911 2693 928 2722 3
952 2685 1102 2721 Maiora]
1132 2684 1294 2713 Mm'orum
1315 2694 1352 2714 ex
1375 2685 1535 2716 emendat.

867 2726 1007 2756 Gronov.
1036 2726 1065 2756 in
1096 2731 1220 2756 textum
1250 2726 1368 2766 recepit
1397 2727 1535 2760 Bckkcr.

869 2769 941 2799 licct
961 2769 1052 2799 codd.
1069 2769 1190 2799 adven.
1205 2769 1259 2799 sed
1280 2769 1357 2800 nihil
1382 2771 1535 2810 corrigvn·

868 2812 943 2841 dum
969 2816 1013 2841 cst
1038 2822 1076 2842 cx
1101 2811 1175 2851 styli
1201 2810 1323 2843 Liviani
1346 2813 1448 2853 genio.
1486 2816 1535 2845 (¹11

869 2854 937 2886 infr.
955 2854 984 2885 ii.
1003 2863 1051 2893 5¹.
