1934 3211
582 190 706 233 LIB.
736 189 811 231 IV.
857 189 1001 231 CAP.
1037 193 1074 231 3.
1435 194 1514 234 227

151 280 363 323 ‘consules
388 280 486 322 fore.
550 280 618 322 Ne
646 280 691 321 id
717 279 878 336 Iupiter
907 280 1088 336 optimus
1115 279 1318 320 maximus
1347 280 1512 331 sineret,
1530 288 1573 320 U.
1590 288 1627 320 C.
1645 297 1714 328 310.

117 344 164 386 9‘
177 338 313 403 regiae
353 338 577 379 maiestatis
616 338 837 394 imperium
872 352 922 378 eo
961 336 1168 378 recidere:
1212 346 1254 378 et
1288 351 1330 378 se
1366 332 1566 379 millies&
1590 332 1627 364 C.
1644 342 1715 371 ⁴4²·

149 395 392 437 ‘morituros
410 396 561 452 potius,
584 411 709 452 quam
736 405 783 436 ut
804 404 963 436 tantum
986 394 1201 436 dedecoris
1221 394 1384 435 admitti
1410 395 1516 451 pati-

149 458 306 494 ‘antun
369 452 543 495 Certum
574 453 739 502 habere,
770 453 944 494 maiores
970 467 1155 517 quoque,
1186 452 1220 493 si
1250 451 1514 502 divinassent,

149 515 162 533 ‘
176 510 445 552 concedendo
473 511 611 552 onmia
635 526 720 552 non
741 510 947 552 mitiorem
968 510 1012 550 in
1037 525 1079 550 se
1099 509 1277 566 plebem,
1299 509 1373 550 sed
1399 525 1516 566 aspe-

150 568 338 618 ‘riorem,
369 568 448 610 alia
481 583 534 609 ex
566 568 655 609 aliis
688 568 893 634 iniquiora
928 566 1189 624 postulando,
1221 582 1352 623 quum
1382 583 1516 624 prima

149 630 162 648 ‘
177 625 477 682 impetrassent,
491 626 684 676 futuram,
699 626 833 682 primo
850 624 1079 689 quamlibet
1092 624 1403 666 dimicationem
1419 625 1515 666 sub-

150 683 306 724 ‘ituros
325 683 449 725 fuisse
474 684 623 740 potius,
646 699 771 740 quam
799 698 866 724 eas
896 682 1008 739 leges
1038 682 1152 723 sibi
1142 683 1300 747 lmponi
1325 692 1516 738 pateren-

149 745 251 782 ‘tun
317 740 430 790 Quia
450 751 538 783 tum
559 756 799 783 concessum
821 741 872 782 sit
893 718 962 782 deo
967 740 1155 795 tribunis,
1177 740 1328 782 iterum
1350 755 1518 782 conces-

120 813 133 835 1
150 803 269 840 ‘sum
290 814 389 840 esse.
452 798 598 840 Finem
620 814 705 840 non
726 799 841 841 fieri:
876 813 960 839 non
981 812 1099 854 posse
1121 798 1164 838 in
1185 797 1332 839 eadem
1353 798 1517 840 civitate

149 857 364 898 ‘tribunos
395 856 528 913 plebis
561 866 602 898 et
638 856 782 898 Patres
815 871 927 897 esse:
971 865 1042 896 aut
1071 855 1184 896 hunc
1214 855 1416 906 ordinem,
1447 866 1518 898 aut

149 918 163 937 ‘
177 913 294 956 illum
316 915 599 970 magistratum
628 913 856 956 tollendum
879 928 992 955 esse:
1025 913 1246 978 potiusque
1268 928 1371 963 sero,
1393 929 1519 970 quam

150 976 163 995 ‘
177 987 393 1028 nunquam
413 972 576 1014 obviam
596 971 782 1013 eundum
804 970 998 1012 audaciae
1016 971 1334 1027 temeritatique.
1395 971 1518 1013 Illine

119 1047 135 1069 2
150 1034 224 1070 ‘ut
256 1030 427 1086 impune
459 1030 593 1086 primo
628 1028 853 1071 discordias
888 1037 1070 1070 serentes
1102 1029 1312 1070 concitent
1342 1029 1519 1071 finitima

149 1092 161 1110 ‘
177 1086 307 1136 bella3
349 1086 502 1128 deinde
542 1087 620 1128 adv
623 1102 736 1128 ersus
776 1101 838 1129 ea
879 1101 985 1142 quae
1026 1086 1336 1136 concitaverint,
1373 1087 1519 1128 armari

149 1144 385 1186 ‘civitatem
401 1143 653 1200 defendique
675 1144 947 1201 prohibeant?
978 1154 1031 1193 et,
1050 1159 1180 1200 quum
1200 1143 1337 1186 hostes
1358 1154 1519 1186 tantum

149 1206 162 1225 ‘
178 1217 262 1244 non
292 1203 563 1252 arcessierint,
590 1202 795 1244 exercitus
822 1202 1025 1243 conscribi
1053 1201 1131 1242 adv
1133 1217 1246 1243 ersus
1273 1202 1411 1244 hostes
1435 1218 1519 1244 non

150 1260 408 1316 ‘patiantur.
398 1261 416 1290 ’θ
449 1259 532 1301 Sed
558 1259 708 1301 audeat
736 1258 963 1301 Canuleius
994 1259 1035 1299 in
1062 1269 1209 1300 senatu
1236 1259 1440 1324 proloqui,
1462 1275 1518 1310 se,

150 1322 162 1340 ‘
177 1317 256 1358 nisi
277 1332 370 1358 suas
394 1316 505 1373 leges
533 1327 731 1374 tanquam
756 1317 921 1358 victoris
949 1317 1094 1358 Patres
1118 1317 1248 1372 accipi
1276 1317 1425 1367 sinant,
1448 1318 1521 1359 de-

150 1374 332 1416 ‘lectum
373 1374 515 1416 haberi
555 1375 873 1431 prohibiturum.
945 1373 1062 1423 Quid
1101 1389 1187 1415 esse
1228 1373 1353 1424 aliud,
1395 1391 1520 1440 quam

151 1432 340 1482 ‘minari‚
376 1448 418 1474 se
455 1432 715 1489 proditurum
749 1432 964 1497 patriamP·
1006 1431 1238 1488 oppugnari
1270 1441 1395 1488 atque
1429 1433 1518 1489 capi

151 1491 427 1547 ‘passurum?
461 1490 577 1538 Quid
604 1505 695 1531 eam
724 1504 869 1530 vocem
900 1489 1146 1539 animorum,
1175 1504 1260 1530 non
1319 1489 1403 1531 lebi
1435 1489 1521 1532 Ro-

151 1553 336 1597 ‘manae‚
366 1547 439 1589 sed
471 1547 631 1589 Volscis
661 1556 702 1588 et
735 1547 896 1603 Aequis
926 1556 968 1588 et
1003 1546 1247 1588 Veientibus
1277 1547 1522 1589 alaturam‘?

151 1605 349 1656 ‘Nonne,
383 1604 589 1647 Canuleio
619 1604 738 1654 duce,
771 1620 813 1646 se
844 1614 1076 1661 speraturos
1109 1603 1365 1670 Capitolium
1396 1615 1520 1663 atque

150 1669 311 1705 ‘arcem
345 1662 541 1705 scandere
574 1678 705 1719 posse,
736 1662 769 1704 si
801 1662 994 1704 Patribus
1024 1662 1192 1712 tribuni,
1224 1677 1318 1704 cum
1355 1663 1442 1705 iure
1474 1679 1520 1705 ac

150 1722 384 1762 ‘maiestate
421 1720 626 1777 adempta,
660 1721 820 1761 animos
855 1720 980 1761 etiam
1014 1720 1273 1785 eripuerint?
1316 1719 1521 1763 Consules

150 1784 162 1803 ‘
176 1788 338 1835 paratos
357 1794 445 1821 esse
466 1778 592 1819 duces
613 1779 726 1835 prius
746 1777 940 1819 adversus
961 1777 1093 1819 scelus
1113 1778 1279 1828 civium,
1301 1794 1425 1835 quam
1447 1779 1520 1820 ad-

149 1842 162 1861 ‘
176 1851 317 1878 versus
336 1836 517 1878 hostium
538 1837 675 1877 arma.'

208 1894 351 1943 Quum
374 1894 551 1935 maxime
573 1894 706 1935 haec
697 1909 740 1934 m
767 1903 913 1935 senatu
934 1904 1167 1959 agerentur,
1193 1893 1420 1937 Canuleius
1444 1911 1520 1952 pro
1618 1898 1655 1936 3.

149 1951 308 2009 legibus
337 1952 425 1993 suis
449 1962 491 1993 et
522 1951 715 1992 adversus
745 1951 935 1992 consules
966 1961 1021 1993 1ta
1051 1951 1264 1993 disseruit·
1300 1959 1311 1976 ‘
1331 1953 1521 2001 Quanto·
1535 1953 1683 1984 Canulmi

151 2016 272 2067 ‘pere
302 2025 386 2058 vos,
415 2009 615 2058 Quirites,
644 2018 958 2049 contemnerent
987 2009 1143 2058 Patres,
1172 2025 1297 2065 quam
1329 2010 1521 2076 indignos
1534 1996 1708 2068 fernim-'pro

152 2067 390 2115 ‘ducerent‚
420 2066 491 2122 qui
514 2081 596 2106 una
617 2081 754 2106 secum
788 2066 888 2106 urbe
911 2066 1018 2106 intra
1045 2065 1192 2106 eadem
1221 2068 1385 2108 moenia
1410 2069 1522 2108 vive-
1534 2049 1608 2111 sugis

153 2130 164 2148 ‘
180 2124 289 2173 retis,
311 2139 448 2188 saepe
454 2122 648 2178 equidem
671 2133 711 2163 et
733 2132 830 2163 ante
853 2122 996 2163 videor
1016 2123 1377 2172 animadvertisse3
1410 2140 1521 2166 nunc

153 2187 165 2206 ‘
181 2190 319 2222 tamen
341 2180 533 2228 maxime,
555 2179 668 2235 quod
696 2179 800 2221 adeo
827 2188 985 2221 atroces
1007 2180 1048 2220 in
1078 2180 1150 2220 has
1172 2181 1403 2236 rogationes
1429 2197 1521 2224 nos·

152 2245 259 2280 ‘tras
290 2238 418 2280 coorti
450 2246 568 2278 sunt:
611 2237 762 2293 quibus
797 2237 899 2294 quid
935 2237 1046 2278 aliud
1077 2253 1200 2294 quam
1217 2216 1521 2290 Dadmonemus,

152 2297 286 2338 ‘cives
307 2311 380 2336 nos
400 2310 542 2337 eorum
564 2310 663 2344 esse,
687 2305 740 2343 et,
763 2295 793 2335 si
819 2310 900 2335 non
923 2295 1087 2336 easdem
1117 2311 1215 2352 opes
1237 2296 1400 2346 habere,
1423 2313 1522 2339 ean-

152 2360 164 2379 ‘
179 2353 274 2396 dem
297 2363 433 2395 tamen
455 2353 627 2409 patriam
647 2352 847 2394 incolere.
838 2355 855 2382 ’θ
889 2352 1031 2394 xltora
1053 2354 1305 2394 connubium
1329 2355 1520 2410 petimus,

121 2411 293 2468 3‘quod
319 2411 506 2452 finitimis
536 2411 802 2466 externisque
834 2410 921 2452 dari
953 2410 1078 2452 solet:
1117 2426 1191 2452 nos
1221 2411 1391 2467 quidem
1422 2413 1522 2454 civi—

193 2566 213 2596 9
229 2557 347 2595 Reyiae
360 2558 532 2588 maiestatis
544 2557 728 2596 imperium]
752 2556 812 2587 lm-

152 2599 274 2646 perium
299 2599 474 2635 consulm-
493 2600 606 2639 inquo
630 2600 708 2630 inest
733 2599 816 2637 regin

153 2641 310 2672 maiestas.
344 2642 436 2688 Supr.
454 2642 485 2672 ii.
507 2651 530 2672 ι.
548 2644 664 2672 Omnia
681 2644 754 2672 iura
772 2652 815 2672 re—

151 2685 221 2723 gine
243 2684 418 2723 potestatis,
435 2686 540 2714 omnia
560 2686 698 2723 ins-'yrum
717 2685 813 2732 primi

150 2727 292 2758 comula
309 2726 457 2756 habuere.
506 2726 602 2757 Unde
617 2732 649 2756 et
665 2726 733 2757 infr.
752 2726 813 2757 viii.

153 2779 203 2810 3².
219 2771 233 2797 (
241 2770 380 2803 'antidea
396 2779 482 2808 reym
498 2774 642 2808 pameas.
667 2771 771 2799 Cum.

199 2822 208 2843 1
237 2814 348 2843 Finem
365 2812 511 2851 nonfieri
523 2824 532 2841 :
557 2822 618 2841 non
633 2812 738 2851 petae]
766 2812 815 2841 lta

151 2865 278 2895 quoque
313 2865 351 2884 ex
386 2853 609 2884 emendatione
639 2854 744 2892 Sigon.
783 2854 813 2884 in

152 2902 275 2929 textum
293 2897 411 2936 recepit
430 2896 565 2927 Bekker.

196 2950 211 2971 ἰ
240 2941 299 2978 Ut]
329 2940 414 2971 lllud
441 2944 475 2969 ue
501 2939 570 2969 irati
596 2939 815 2979 interrogantis·

858 2562 914 2587 ent.
941 2557 1009 2588 infr.
1036 2567 1063 2588 v.
1091 2567 1138 2596 24.
1172 2558 1240 2589 Cic.
1266 2558 1296 2589 in
1324 2559 1420 2590 Catil.
1449 2561 1467 2591 i.
1491 2571 1521 2602 9.

862 2600 940 2631 nor.
963 2602 1028 2630 sat.
1053 2600 1083 2631 ii.
1102 2610 1129 2639 5.
1152 2602 1196 2632 18.
1221 2603 1359 2632 smnu.
1405 2603 1520 2634 Simili-

860 2648 907 2673 ter
932 2643 1131 2673 net-unitivas
1156 2653 1227 2673 cum
1256 2644 1413 2674 infinitivo
1437 2656 1521 2677 usur-

860 2691 962 2724 pntur
992 2686 1275 2724 quemadmodum
1305 2692 1338 2717 ut
1374 2698 1438 2719 uno
1469 2689 1521 2720 de-

858 2729 1025 2766 funguntur
1039 2729 1201 2768 exemplo
1212 2734 1321 2759 notum
1340 2730 1419 2761 illud
1435 2731 1521 2772 Virg.

861 2771 939 2800 Aen.
967 2770 986 2800 i
1014 2772 1192 2808 41.llene
1224 2773 1348 2813 incepto
1375 2774 1524 2806 desinere

860 2814 996 2842 victam?
1019 2813 1094 2843 utin
1110 2814 1258 2845 (attendit.
1285 2815 1407 2847 maen.

907 2863 924 2894 3
952 2857 1111 2886 Finitimi:
1133 2858 1351 2899 eston-ioque]
1386 2859 1426 2891 cf.
1449 2860 1520 2891 1³·oe

859 2902 908 2928 tun
936 2908 962 2928 v.
991 2900 1177 2935 Numerius,
1208 2900 1292 2931 unde
1326 2902 1518 2933 connubium

856 2940 942 2979 genti
962 2940 1078 2972 Fabiae
1101 2952 1174 2973 cum
1197 2943 1405 2976 Maluentinis
1427 2945 1523 2976 fuine

1221 2990 1294 3030 02
