1934 3211
611 135 738 178 LIB.
771 135 828 178 X.
875 135 1022 178 CAP.
1054 140 1122 178 42.
1482 139 1563 178 605

174 226 450 284 praedixerat,
472 227 531 276 ut,
553 226 626 267 ubi
649 241 692 267 se
713 225 931 282 cuspidem
956 235 1138 267 erectam
1158 227 1418 282 quatientem
1438 227 1565 268 vidis-
1580 238 1625 270 U.
1642 238 1680 269 c.
1697 247 1770 279 459·

173 293 281 335 sent,
317 293 475 342 quanta
508 284 691 324 maxima
723 283 765 324 vi
798 291 982 338 possent,
1019 283 1277 324 concitarent
1317 285 1480 340 equites
1520 285 1564 326 in
1579 282 1618 312 A.
1642 282 1771 321 C·‘²93·

173 342 348 384 hostem.
411 341 484 382 Ad
513 350 664 382 nutum
694 341 848 390 omnia,
877 349 925 381 ut
955 355 1008 381 ex
1039 349 1135 382 ante
1167 351 1421 397 praeparato,
1444 343 1562 384 fiunt.

175 399 428 442 Panduntur
456 399 566 440 inter
597 398 765 440 ordines
796 398 913 440 viae:
951 397 1139 455 provolat
1171 413 1312 454 eques,
1345 408 1469 455 atque
1502 400 1567 440 in-

173 457 289 499 festis
308 456 548 514 cuspidibus
572 457 617 498 in
645 456 833 498 medium
857 471 1008 513 agmen
1032 456 1217 497 hostium
1237 456 1346 505 ruit3
1379 472 1567 512 perrum—

205 515 321 572 itque
357 514 538 565 ordines,
570 529 821 571 quacunque
857 514 1063 570 impetum
1098 513 1228 555 dedit.
1292 513 1456 555 Instant
1480 514 1568 556 Vo-

192 573 360 614 umnius
409 581 452 614 et
498 572 652 629 Scipio,
693 581 736 613 et
779 571 990 629 perculsos
1034 580 1238 613 sternunt.
1315 571 1442 621 Tum,
1484 572 1568 613 iam
1583 579 1669 628 Victi
1686 579 1775 610 Sam-

145 646 164 678 5
176 630 350 672 deorum
371 630 675 687 hominumque
691 630 800 672 victa
814 630 868 680 vi,
886 629 1120 671 funduntur
1139 629 1336 671 linteatae
1352 629 1566 671 cohortes:
1581 627 1673 653 mms-

206 689 331 730 ariter
360 689 484 730 iurati
515 689 770 744 iniuratique
798 688 978 744 fugiunt,
1008 703 1086 729 nec
1108 702 1376 743 quemquam,
1405 697 1571 744 praeter

175 703 329 796 Eosteffi
351 755 557 788 metuunt.
620 745 819 788 Peditum
841 761 1005 802 agmen,
1028 745 1143 802 quod
1163 745 1367 801 superfuit
1387 760 1567 802 pugnae,

176 804 222 845 in
250 813 384 846 castra
411 805 464 846 ad
486 804 760 860 Aquiloniam
788 803 1050 860 compulsum
1078 812 1151 845 est.
1216 802 1425 844 Nobilitas
1450 803 1571 859 equi-

178 870 325 919 tesque
348 862 582 904 Bovianum
603 862 903 919 perfugerunt:
937 862 1100 918 equites
1121 876 1250 917 eques
1271 861 1472 917 sequitur,
1495 876 1569 917 pc-

177 919 310 962 ditem
331 920 485 977 pedes:
519 935 566 961 ac
587 920 751 961 diversa
770 935 940 969 cornua,
958 920 1153 961 dextrum
1176 919 1229 960 ad
1250 928 1382 960 castra
1406 918 1569 960 Samni—

179 977 298 1027 tium,
320 978 484 1019 laevum
505 977 558 1019 ad
580 978 725 1019 urbem
748 977 895 1019 tendit.
944 977 1065 1018 Prior
1085 977 1300 1033 aliquanto
1317 976 1570 1018 Volumnius

178 1044 311 1077 castra
330 1036 467 1092 cepit:
502 1035 555 1077 ad
583 1036 729 1077 urbem
758 1035 946 1092 Scipioni
974 1035 1128 1076 maiore
1157 1035 1363 1076 resistitur
1382 1035 1450 1083 vi3
1483 1050 1570 1075 non

179 1093 279 1150 quia
307 1093 402 1150 plus
432 1093 560 1135 animi
582 1093 702 1135 victis
731 1101 804 1143 est,
828 1093 901 1135 sed
929 1092 1078 1134 melius
1109 1093 1230 1142 muri,
1253 1108 1380 1148 quam
1400 1092 1568 1142 vallum,

179 1160 357 1193 armatos
377 1160 530 1193 arcent.
573 1151 679 1192 Inde
701 1151 910 1208 lapidibus
929 1150 1176 1208 propulsant
1196 1151 1370 1191 hostem.
1416 1150 1568 1206 Scipio,

179 1209 258 1251 nisi
279 1209 323 1250 in
344 1210 480 1266 primo
501 1225 666 1266 pavore,
688 1210 932 1266 priusquam
957 1208 1253 1265 colligerentur
1273 1208 1414 1258 animi,
1437 1217 1571 1249 trans-

179 1276 272 1309 acta
291 1283 356 1309 res
376 1276 495 1317 esset,
518 1268 738 1309 lentiorem
759 1267 846 1308 fore
869 1266 1055 1308 munitae
1073 1266 1186 1307 urbis
1211 1266 1570 1323 oppugnationem

178 1334 304 1375 ratus,
328 1326 556 1381 interrogat
586 1325 750 1375 milites,
785 1331 796 1348 ‘
815 1325 951 1366 Satin’
979 1340 1114 1381 aequo
1146 1324 1285 1365 animo
1315 1332 1570 1380 paterentur,

181 1384 261 1439 ‘’ab
282 1383 412 1425 altero
433 1399 564 1425 cornu
585 1393 718 1424 castra
737 1392 859 1439 capta
879 1398 989 1424 csse:
1018 1397 1060 1423 se
1081 1382 1257 1423 victores
1278 1381 1378 1439 pelli
1399 1397 1423 1423 a
1441 1382 1572 1438 portis

182 1447 194 1465 ‘
210 1442 374 1483 urbis?'
453 1441 796 1483 Reclamantibus
845 1440 1060 1489 universis,
1103 1440 1261 1496 primus
1310 1440 1411 1496 ipse,
1453 1448 1571 1480 scuto

179 1514 306 1556 super
329 1508 455 1556 caput
482 1499 603 1549 elato,
625 1499 762 1556 pergit
789 1499 841 1540 ad
869 1507 1058 1555 portam:
1092 1498 1223 1539 secuti
1254 1497 1336 1546 alii,
1360 1496 1570 1539 testudine

179 1557 300 1608 facta,
334 1557 378 1598 in
414 1558 560 1598 urbem
596 1565 898 1614 perrumpunt:
947 1556 1261 1611 deturbatisque
1301 1554 1570 1603 Samnitibus,

182 1615 256 1672 qui
286 1615 396 1657 circa
424 1624 586 1672 portam
617 1624 748 1664 erant,
771 1629 910 1655 muros
940 1628 1209 1669 occupavere.
1270 1612 1497 1654 Penetrare
1528 1612 1570 1653 in

181 1673 381 1715 interiora
415 1673 541 1723 urbis,
575 1673 675 1729 quia
705 1672 827 1729 pauci
860 1671 1088 1713 admodum
1120 1679 1250 1720 crant,
1284 1686 1368 1711 non
1402 1670 1569 1711 audent.

184 1729 303 1773 Haec
338 1731 473 1788 primo
509 1731 698 1787 ignorare
731 1730 889 1779 consul,
923 1738 966 1771 et
1001 1729 1188 1770 intentus
1222 1728 1464 1785 recipiendo
1500 1743 1574 1769 ex·
1649 1729 1720 1766 42.

150 1789 331 1831 6ercitui
352 1804 466 1830 esse:
500 1789 582 1830 iam
605 1789 717 1830 enim
738 1803 936 1844 praeceps
957 1788 1000 1828 in
1022 1802 1213 1829 occasum
1235 1786 1294 1828 sol
1316 1796 1416 1836 erat,
1439 1795 1482 1828 ct
1502 1801 1571 1842 ap-

182 1856 330 1904 petens
357 1862 442 1888 nox
470 1846 703 1903 periculosa
730 1855 773 1887 et
804 1854 996 1902 suspecta
1027 1845 1168 1886 omnia
1198 1845 1324 1886 etiam
1350 1844 1575 1885 victoribus

182 1904 370 1946 faciebat.
432 1904 681 1959 Progressus
702 1903 866 1957 longius
887 1903 937 1943 ab
959 1902 1108 1943 dextra
1135 1911 1267 1942 castra
1291 1910 1412 1957 capta
1432 1901 1570 1943 videt:

184 1963 236 2004 ab
257 1962 373 2004 laeva
392 1962 616 2003 clamorem
638 1961 682 2001 in
704 1961 805 2001 urbe
832 1960 1009 2001 mixtum
1038 1959 1317 2015 pugnantium
1346 1974 1392 1999 ac
1420 1974 1575 2015 paven-

185 2020 290 2062 tium
311 2020 480 2061 fremitu
501 2034 615 2060 essc:
650 2027 692 2059 et
720 2027 809 2059 tum
830 2018 934 2058 forte
964 2026 1177 2058 certamen
1205 2016 1259 2057 ad
1286 2026 1447 2072 portam
1473 2026 1572 2057 crat.

186 2078 402 2119 Advectus
423 2077 576 2118 deinde
598 2091 708 2132 equo
729 2075 912 2132 propius,
937 2084 982 2116 ut
1007 2090 1102 2115 suos
1128 2075 1170 2114 in
1193 2075 1320 2114 muris
1341 2073 1466 2121 videt,
1497 2089 1574 2114 nec

186 2136 267 2177 iam
297 2135 447 2189 integri
475 2134 701 2190 quicquam
728 2148 830 2181 esse,
853 2133 1051 2189 quoniam
1084 2132 1315 2173 temeritate
1346 2146 1572 2187 paucorum

186 2209 362 2247 magnac
385 2193 442 2234 rei
461 2201 578 2249 parta
593 2191 754 2232 occasio
769 2200 888 2239 essct,
903 2190 1040 2239 acciri,
1059 2204 1161 2246 quas
1179 2198 1402 2246 receperat,
1421 2190 1572 2245 copia5‚

156 2252 388 2308 7signaque
410 2251 451 2292 in
470 2251 614 2291 urbem
638 2249 777 2290 inferri
799 2248 927 2289 iussit.
975 2247 1150 2303 Ingressi
1170 2247 1359 2304 proxima
1375 2262 1426 2288 ex
1444 2256 1574 2303 parte,

186 2310 285 2366 quia
320 2324 405 2350 nox
437 2307 811 2365 appropinquabat,
846 2306 1052 2362 quievere.
1118 2304 1254 2346 Nocte
1288 2304 1489 2361 oppidum
1523 2306 1574 2346 ab

155 2367 374 2410 8hostibus
414 2367 623 2408 desertum
665 2374 737 2406 cst.
814 2364 950 2404 Caesa
991 2363 1060 2405 illo
1101 2362 1169 2403 (lie
1211 2362 1262 2403 ad
1303 2362 1572 2417 Aquiloniam

235 2491 252 2521 5
283 2483 422 2512 Deorum
450 2482 674 2519 hominumque
703 2478 784 2507 viem
811 2478 857 2514 vil
907 2476 1050 2516 proximu
1067 2476 1125 2505 fuit
1145 2475 1343 2505 venientibus
1358 2486 1376 2505 υ
1392 2475 1509 2506 castris.

188 2526 298 2562 Quam
339 2524 531 2554 horrendum
571 2520 789 2551 iusiurandum
828 2524 859 2548 vt
951 2522 969 2547 Η
995 2519 1047 2549 ,m
1071 2519 1294 2559 Aquiloniam!
1343 2518 1436 2548 llnnc
1464 2519 1573 2548 urbem

188 2567 344 2598 terribiles
360 2567 466 2597 minuc
485 2566 515 2596 in
538 2564 655 2595 milites
672 2563 858 2592 babuerunt.
905 2561 989 2592 baud
1013 2562 1121 2601 procul
1144 2561 1286 2591 lim-iun«.
1302 2560 1397 2590 fuissi-
1413 2560 1573 2590 existimm

190 2609 299 2642 DOBR.
345 2611 497 2641 Ceterum
524 2610 607 2637 vii-tn
633 2608 700 2635 vis:
735 2605 764 2635 in
791 2610 856 2634 tex·
906 2604 1040 2634 Niobhr.
1059 2603 1101 2634 iii.
1120 2614 1148 2634 n.
1165 2602 1236 2642 654.
1257 2603 1352 2633 ulium
1375 2603 1506 2633 omnim»
1529 2609 1574 2634 ut-

188 2657 257 2683 tum
274 2653 413 2693 reposuit
436 2651 571 2682 Bekkur.
903 2657 965 2686 quc
996 2647 1083 2676 illum
1115 2657 1198 2685 quac
1228 2647 1340 2676 codem
1378 2646 1506 2676 nomini·
1543 2646 1572 2676 in

231 2695 251 2726 6
275 2698 438 2736 Appolena
455 2695 532 2731 nor]
560 2693 598 2723 cs.
616 2693 708 2730 Supr.
730 2690 790 2720 xiii.
808 2692 857 2728 38.
908 2690 1026 2728 Apulin
1051 2688 1110 2718 situ
1135 2694 1221 2719 crat:
1256 2699 1422 2719 numerum
1447 2699 1575 2728 quoque

189 2749 253 2770 ποι·
267 2739 331 2769 ium
347 2739 524 2778 appelabat.
904 2742 1067 2762 caesorum
1093 2732 1221 2765 numm.
1238 2737 1270 2761 ut
1287 2731 1341 2770 qui
1367 2731 1485 2761 vulerii
1512 2733 1571 2762 An-

235 2789 251 2821 7
269 2783 421 2812 prm-ima
437 2792 477 2811 aar
490 2779 600 2819 parte!
632 2777 678 2807 Ex
699 2781 787 2816 parte
803 2775 857 2805 mi-
905 2775 990 2805 tiutin
1004 2774 1118 2804 incude
1131 2774 1301 2805 stnbricutun
1314 2774 1361 2804 nit.
1385 2775 1423 2805 cf.
1441 2774 1575 2805 Nicbhr.

191 2823 282 2855 litum
297 2823 349 2864 qui
365 2823 431 2853 urbi
447 2821 582 2862 proximi
597 2822 731 2850 suvrant.
752 2818 858 2848 non-:nt
875 2842 881 2849 .
905 2817 946 2849 iii.
964 2828 994 2848 n.
1011 2817 1082 2856 663.
1118 2819 1230 2848 Decem
1252 2827 1308 2857 pro
1331 2818 1465 2858 triyitua
1487 2828 1575 2857 repo-

192 2866 263 2897 Nini
289 2867 381 2896 malie·
403 2875 474 2895 cum
501 2862 649 2894 lmen-rio
669 2867 798 2896 verti-rc.
815 2861 857 2890 in—
906 2861 1046 2891 nondum
1062 2860 1174 2890 ‘inundet
1196 2860 1295 2890 l’ruk.

190 2909 283 2947 granni
317 2920 372 2948 per
402 2918 470 2938 enm
505 2906 590 2936 urbia
618 2910 751 2944 pum-m,
778 2914 859 2943 quae
