<?xml version="1.0" encoding="UTF-8"?>
<!DOCTYPE html PUBLIC "-//W3C//DTD XHTML 1.0 Transitional//EN"
    "http://www.w3.org/TR/xhtml1/DTD/xhtml1-transitional.dtd">
<html xmlns="http://www.w3.org/1999/xhtml" xml:lang="en" lang="en">
 <head>
  <title>
</title>
<meta http-equiv="Content-Type" content="text/html;charset=utf-8" />
  <meta name='ocr-system' content='tesseract 3.04.00' />
  <meta name='ocr-capabilities' content='ocr_page ocr_carea ocr_par ocr_line ocrx_word'/>
</head>
<body>
  <div class='ocr_page' id='page_1' title='image "./historiarumli01livyuoft_0191.png"; bbox 0 0 1934 3211; ppageno 0'>
   <div class='ocr_carea' id='block_1_1' title="bbox 586 191 827 234">
    <p class='ocr_par' dir='ltr' id='par_1_1' title="bbox 586 191 827 234">
     <span class='ocr_line' id='line_1_1' title="bbox 586 191 827 234; baseline 0 -1"><span class='ocrx_word' id='word_1_1' title='bbox 586 192 624 233; x_wconf 94' lang='lat' dir='ltr'>L</span> <span class='ocrx_word' id='word_1_2' title='bbox 634 192 655 233; x_wconf 95' lang='lat' dir='ltr'>I</span> <span class='ocrx_word' id='word_1_3' title='bbox 664 192 711 233; x_wconf 94' lang='lat' dir='ltr'>B.</span> <span class='ocrx_word' id='word_1_4' title='bbox 747 191 827 234; x_wconf 90' lang='grc' dir='ltr'><strong>ΙΙΙ.</strong></span> 
     </span>
    </p>
   </div>
   <div class='ocr_carea' id='block_1_2' title="bbox 155 280 1753 393">
    <p class='ocr_par' dir='ltr' id='par_1_2' title="bbox 155 280 1753 393">
     <span class='ocr_line' id='line_1_2' title="bbox 155 280 1753 336; baseline -0.001 -13"><span class='ocrx_word' id='word_1_5' title='bbox 155 287 231 324; x_wconf 83' lang='lat' dir='ltr'>‘ea</span> <span class='ocrx_word' id='word_1_6' title='bbox 249 295 314 322; x_wconf 89' lang='lat' dir='ltr'>res</span> <span class='ocrx_word' id='word_1_7' title='bbox 343 295 478 336; x_wconf 79' lang='lat' dir='ltr'>aeque</span> <span class='ocrx_word' id='word_1_8' title='bbox 500 295 576 322; x_wconf 91' lang='lat' dir='ltr'>suo</span> <span class='ocrx_word' id='word_1_9' title='bbox 601 281 774 322; x_wconf 89' lang='lat' dir='ltr'>biennio</span> <span class='ocrx_word' id='word_1_10' title='bbox 799 281 966 331; x_wconf 87' lang='lat' dir='ltr'>iaceret,</span> <span class='ocrx_word' id='word_1_11' title='bbox 989 297 1037 323; x_wconf 87' lang='lat' dir='ltr'>ac</span> <span class='ocrx_word' id='word_1_12' title='bbox 1064 290 1152 323; x_wconf 90' lang='lat' dir='ltr'>toto</span> <span class='ocrx_word' id='word_1_13' title='bbox 1180 281 1393 336; x_wconf 85' lang='lat' dir='ltr'><strong>superiore</strong></span> <span class='ocrx_word' id='word_1_14' title='bbox 1419 280 1549 321; x_wconf 85' lang='lat' dir='ltr'>lustro</span> <span class='ocrx_word' id='word_1_15' title='bbox 1567 292 1608 323; x_wconf 85' lang='lat' dir='ltr'>U.</span> <span class='ocrx_word' id='word_1_16' title='bbox 1625 293 1663 323; x_wconf 72' lang='lat' dir='ltr'>(J.</span> <span class='ocrx_word' id='word_1_17' title='bbox 1683 301 1753 332; x_wconf 86' lang='lat'><strong>²99·</strong></span> 
     </span>
     <span class='ocr_line' id='line_1_3' title="bbox 462 335 1753 393; baseline -0.004 -14"><span class='ocrx_word' id='word_1_18' title='bbox 462 337 608 386; x_wconf 84' lang='lat' dir='ltr'>Quum</span> <span class='ocrx_word' id='word_1_19' title='bbox 647 338 830 379; x_wconf 86' lang='lat' dir='ltr'><strong>maxime</strong></span> <span class='ocrx_word' id='word_1_20' title='bbox 861 338 966 379; x_wconf 89' lang='lat' dir='ltr'>haec</span> <span class='ocrx_word' id='word_1_21' title='bbox 1002 347 1189 393; x_wconf 77' lang='lat' dir='ltr'>agerent,</span> <span class='ocrx_word' id='word_1_22' title='bbox 1224 336 1378 392; x_wconf 83' lang='lat' dir='ltr'>trepidi</span> <span class='ocrx_word' id='word_1_23' title='bbox 1411 337 1551 377; x_wconf 88' lang='lat' dir='ltr'>nuntii</span> <span class='ocrx_word' id='word_1_24' title='bbox 1563 335 1657 366; x_wconf 76' lang='lat' dir='ltr'><strong>A-C·</strong></span> <span class='ocrx_word' id='word_1_25' title='bbox 1682 343 1753 373; x_wconf 76' lang='grc'>453-</span> 
     </span>
    </p>
   </div>
   <div class='ocr_carea' id='block_1_3' title="bbox 155 338 400 380">
    <p class='ocr_par' dir='ltr' id='par_1_3' title="bbox 155 338 400 380">
     <span class='ocr_line' id='line_1_4' title="bbox 155 338 400 380; baseline -0.012 0"><span class='ocrx_word' id='word_1_26' title='bbox 155 345 168 364; x_wconf 89' lang='lat'>‘</span> <span class='ocrx_word' id='word_1_27' title='bbox 180 338 400 380; x_wconf 65' lang='lat' dir='ltr'>iacuisset!</span> 
     </span>
    </p>
   </div>
   <div class='ocr_carea' id='block_1_4' title="bbox 870 192 1554 235">
    <p class='ocr_par' dir='ltr' id='par_1_4' title="bbox 870 192 1554 235">
     <span class='ocr_line' id='line_1_5' title="bbox 870 192 1554 235; baseline -0.001 -2"><span class='ocrx_word' id='word_1_28' title='bbox 870 192 1016 234; x_wconf 77' lang='lat' dir='ltr'>CAP.</span> <span class='ocrx_word' id='word_1_29' title='bbox 1051 198 1117 235; x_wconf 88' lang='grc'>31.</span> <span class='ocrx_word' id='word_1_30' title='bbox 1474 194 1554 233; x_wconf 83' lang='grc'>179</span> 
     </span>
    </p>
   </div>
   <div class='ocr_carea' id='block_1_5' title="bbox 119 392 1553 560">
    <p class='ocr_par' dir='ltr' id='par_1_5' title="bbox 119 392 1553 560">
     <span class='ocr_line' id='line_1_6' title="bbox 152 392 1553 451; baseline -0.001 -16"><span class='ocrx_word' id='word_1_31' title='bbox 152 395 205 436; x_wconf 84' lang='lat' dir='ltr'>ab</span> <span class='ocrx_word' id='word_1_32' title='bbox 227 394 414 436; x_wconf 86' lang='lat' dir='ltr'>Tusculo</span> <span class='ocrx_word' id='word_1_33' title='bbox 427 395 618 444; x_wconf 82' lang='lat' dir='ltr'>veniunt,</span> <span class='ocrx_word' id='word_1_34' title='bbox 635 394 810 451; x_wconf 90' lang='lat' dir='ltr'>Aequos</span> <span class='ocrx_word' id='word_1_35' title='bbox 831 395 875 436; x_wconf 90' lang='lat' dir='ltr'>in</span> <span class='ocrx_word' id='word_1_36' title='bbox 897 410 999 451; x_wconf 84' lang='lat' dir='ltr'>agro</span> <span class='ocrx_word' id='word_1_37' title='bbox 1021 394 1264 437; x_wconf 87' lang='lat' dir='ltr'>Tusculano</span> <span class='ocrx_word' id='word_1_38' title='bbox 1281 408 1381 434; x_wconf 88' lang='lat' dir='ltr'>esse.</span> <span class='ocrx_word' id='word_1_39' title='bbox 1435 392 1553 434; x_wconf 86' lang='lat' dir='ltr'>Fecit</span> 
     </span>
     <span class='ocr_line' id='line_1_7' title="bbox 152 449 1549 508; baseline -0.002 -16"><span class='ocrx_word' id='word_1_40' title='bbox 152 451 359 508; x_wconf 90' lang='lat' dir='ltr'>pudorem</span> <span class='ocrx_word' id='word_1_41' title='bbox 399 466 546 494; x_wconf 90' lang='lat' dir='ltr'>recens</span> <span class='ocrx_word' id='word_1_42' title='bbox 586 452 676 493; x_wconf 88' lang='lat' dir='ltr'>eius</span> <span class='ocrx_word' id='word_1_43' title='bbox 723 451 869 508; x_wconf 90' lang='lat' dir='ltr'>populi</span> <span class='ocrx_word' id='word_1_44' title='bbox 911 453 1109 494; x_wconf 91' lang='lat' dir='ltr'>meritum</span> <span class='ocrx_word' id='word_1_45' title='bbox 1158 450 1350 492; x_wconf 89' lang='lat' dir='ltr'>morandi</span> <span class='ocrx_word' id='word_1_46' title='bbox 1392 449 1549 490; x_wconf 82' lang='lat' dir='ltr'>auxilii.</span> 
     </span>
     <span class='ocr_line' id='line_1_8' title="bbox 119 506 1552 560; baseline -0.003 -10"><span class='ocrx_word' id='word_1_47' title='bbox 119 508 295 550; x_wconf 90' lang='lat' dir='ltr'>6Ambo</span> <span class='ocrx_word' id='word_1_48' title='bbox 323 508 530 559; x_wconf 88' lang='lat' dir='ltr'>consules,</span> <span class='ocrx_word' id='word_1_49' title='bbox 554 524 651 550; x_wconf 91' lang='lat' dir='ltr'>eum</span> <span class='ocrx_word' id='word_1_50' title='bbox 673 509 863 550; x_wconf 84' lang='lat' dir='ltr'>exercitu</span> <span class='ocrx_word' id='word_1_51' title='bbox 883 509 1011 560; x_wconf 90' lang='lat' dir='ltr'>missi,</span> <span class='ocrx_word' id='word_1_52' title='bbox 1035 509 1200 550; x_wconf 84' lang='lat' dir='ltr'>hostem</span> <span class='ocrx_word' id='word_1_53' title='bbox 1220 508 1266 549; x_wconf 90' lang='lat' dir='ltr'>in</span> <span class='ocrx_word' id='word_1_54' title='bbox 1287 522 1362 548; x_wconf 88' lang='lat' dir='ltr'>sua</span> <span class='ocrx_word' id='word_1_55' title='bbox 1388 506 1486 548; x_wconf 87' lang='lat' dir='ltr'>sede</span> <span class='ocrx_word' id='word_1_56' title='bbox 1508 507 1552 547; x_wconf 91' lang='lat' dir='ltr'>in</span> 
     </span>
    </p>
   </div>
   <div class='ocr_carea' id='block_1_6' title="bbox 150 563 1654 680">
    <p class='ocr_par' dir='ltr' id='par_1_6' title="bbox 150 563 1654 680">
     <span class='ocr_line' id='line_1_9' title="bbox 151 563 1654 623; baseline -0.001 -17"><span class='ocrx_word' id='word_1_57' title='bbox 151 565 312 622; x_wconf 86' lang='lat' dir='ltr'>Algido</span> <span class='ocrx_word' id='word_1_58' title='bbox 353 566 588 607; x_wconf 88' lang='lat' dir='ltr'>inveniunt.</span> <span class='ocrx_word' id='word_1_59' title='bbox 652 565 718 607; x_wconf 91' lang='lat' dir='ltr'>Ibi</span> <span class='ocrx_word' id='word_1_60' title='bbox 753 575 1015 622; x_wconf 75' lang='lat' dir='ltr'>pugnatum:</span> <span class='ocrx_word' id='word_1_61' title='bbox 1058 581 1185 623; x_wconf 88' lang='lat' dir='ltr'>supra</span> <span class='ocrx_word' id='word_1_62' title='bbox 1224 574 1386 621; x_wconf 85' lang='lat' dir='ltr'>septem</span> <span class='ocrx_word' id='word_1_63' title='bbox 1422 563 1554 604; x_wconf 88' lang='lat' dir='ltr'>millia</span> <span class='ocrx_word' id='word_1_64' title='bbox 1566 575 1654 606; x_wconf 77' lang='lat' dir='ltr'>Victi</span> 
     </span>
     <span class='ocr_line' id='line_1_10' title="bbox 150 621 1381 680; baseline -0.002 -16"><span class='ocrx_word' id='word_1_65' title='bbox 150 621 335 664; x_wconf 89' lang='lat' dir='ltr'>hostium</span> <span class='ocrx_word' id='word_1_66' title='bbox 376 638 517 664; x_wconf 82' lang='lat' dir='ltr'>caesa:</span> <span class='ocrx_word' id='word_1_67' title='bbox 561 623 631 664; x_wconf 89' lang='lat' dir='ltr'>alii</span> <span class='ocrx_word' id='word_1_68' title='bbox 666 623 822 679; x_wconf 84' lang='lat' dir='ltr'>fugati:</span> <span class='ocrx_word' id='word_1_69' title='bbox 865 624 1023 680; x_wconf 86' lang='lat' dir='ltr'>praeda</span> <span class='ocrx_word' id='word_1_70' title='bbox 1060 632 1180 680; x_wconf 90' lang='lat' dir='ltr'>parta</span> <span class='ocrx_word' id='word_1_71' title='bbox 1219 622 1381 679; x_wconf 80' lang='lat' dir='ltr'>ingens.</span> 
     </span>
    </p>
   </div>
   <div class='ocr_carea' id='block_1_7' title="bbox 150 677 1550 794">
    <p class='ocr_par' dir='ltr' id='par_1_7' title="bbox 150 677 1550 794">
     <span class='ocr_line' id='line_1_11' title="bbox 150 677 1550 736; baseline -0.002 -15"><span class='ocrx_word' id='word_1_72' title='bbox 150 688 324 736; x_wconf 89' lang='lat' dir='ltr'>propter</span> <span class='ocrx_word' id='word_1_73' title='bbox 362 680 550 736; x_wconf 87' lang='lat' dir='ltr'>inopiam</span> <span class='ocrx_word' id='word_1_74' title='bbox 591 681 738 722; x_wconf 85' lang='lat' dir='ltr'>aerarii</span> <span class='ocrx_word' id='word_1_75' title='bbox 774 681 966 722; x_wconf 86' lang='lat' dir='ltr'>consules</span> <span class='ocrx_word' id='word_1_76' title='bbox 998 680 1296 722; x_wconf 85' lang='lat' dir='ltr'>vendiderunt.</span> <span class='ocrx_word' id='word_1_77' title='bbox 1360 677 1550 719; x_wconf 90' lang='lat' dir='ltr'>Invidiae</span> 
     </span>
     <span class='ocr_line' id='line_1_12' title="bbox 150 735 1550 794; baseline -0.002 -16"><span class='ocrx_word' id='word_1_78' title='bbox 150 745 294 778; x_wconf 88' lang='lat' dir='ltr'>tamen</span> <span class='ocrx_word' id='word_1_79' title='bbox 322 752 387 779; x_wconf 89' lang='lat' dir='ltr'>res</span> <span class='ocrx_word' id='word_1_80' title='bbox 409 737 462 778; x_wconf 89' lang='lat' dir='ltr'>ad</span> <span class='ocrx_word' id='word_1_81' title='bbox 487 738 721 779; x_wconf 83' lang='lat' dir='ltr'>exercitum</span> <span class='ocrx_word' id='word_1_82' title='bbox 745 737 838 787; x_wconf 85' lang='lat' dir='ltr'>fuit,</span> <span class='ocrx_word' id='word_1_83' title='bbox 861 737 1096 794; x_wconf 88' lang='lat' dir='ltr'>eademque</span> <span class='ocrx_word' id='word_1_84' title='bbox 1126 737 1305 779; x_wconf 85' lang='lat' dir='ltr'>tribunis</span> <span class='ocrx_word' id='word_1_85' title='bbox 1332 735 1550 776; x_wconf 84' lang='lat' dir='ltr'>materiam</span> 
     </span>
    </p>
   </div>
   <div class='ocr_carea' id='block_1_8' title="bbox 149 794 1132 852">
    <p class='ocr_par' dir='ltr' id='par_1_8' title="bbox 149 794 1132 852">
     <span class='ocr_line' id='line_1_13' title="bbox 149 794 1132 852; baseline 0.001 -17"><span class='ocrx_word' id='word_1_86' title='bbox 149 794 403 836; x_wconf 87' lang='lat' dir='ltr'>criminandi</span> <span class='ocrx_word' id='word_1_87' title='bbox 424 794 478 836; x_wconf 90' lang='lat' dir='ltr'>ad</span> <span class='ocrx_word' id='word_1_88' title='bbox 505 794 673 852; x_wconf 89' lang='lat' dir='ltr'>plebem</span> <span class='ocrx_word' id='word_1_89' title='bbox 702 794 896 836; x_wconf 84' lang='lat' dir='ltr'>consules</span> <span class='ocrx_word' id='word_1_90' title='bbox 926 795 1132 852; x_wconf 90' lang='lat' dir='ltr'>praebuit.</span> 
     </span>
    </p>
   </div>
   <div class='ocr_carea' id='block_1_9' title="bbox 1194 793 1551 850">
    <p class='ocr_par' dir='ltr' id='par_1_9' title="bbox 1194 793 1551 850">
     <span class='ocr_line' id='line_1_14' title="bbox 1194 793 1551 850; baseline -0.011 -14"><span class='ocrx_word' id='word_1_91' title='bbox 1194 793 1346 850; x_wconf 87' lang='lat' dir='ltr'>Itaque</span> <span class='ocrx_word' id='word_1_92' title='bbox 1368 807 1481 849; x_wconf 85' lang='lat' dir='ltr'>ergo,</span> <span class='ocrx_word' id='word_1_93' title='bbox 1504 801 1551 833; x_wconf 91' lang='lat' dir='ltr'>ut</span> 
     </span>
    </p>
   </div>
   <div class='ocr_carea' id='block_1_10' title="bbox 117 849 1550 964">
    <p class='ocr_par' dir='ltr' id='par_1_10' title="bbox 117 849 1550 964">
     <span class='ocr_line' id='line_1_15' title="bbox 120 849 1550 916; baseline -0.002 -23"><span class='ocrx_word' id='word_1_94' title='bbox 120 852 394 916; x_wconf 77' lang='lat' dir='ltr'>7magistratu</span> <span class='ocrx_word' id='word_1_95' title='bbox 420 852 572 902; x_wconf 87' lang='lat' dir='ltr'>abiere,</span> <span class='ocrx_word' id='word_1_96' title='bbox 603 851 672 908; x_wconf 91' lang='lat' dir='ltr'>Sp.</span> <span class='ocrx_word' id='word_1_97' title='bbox 698 852 895 915; x_wconf 76' lang='lat' dir='ltr'>Tarpeio,</span> <span class='ocrx_word' id='word_1_98' title='bbox 928 853 982 894; x_wconf 91' lang='lat' dir='ltr'>A.</span> <span class='ocrx_word' id='word_1_99' title='bbox 1008 852 1160 893; x_wconf 88' lang='lat' dir='ltr'>Aterio</span> <span class='ocrx_word' id='word_1_100' title='bbox 1185 850 1438 900; x_wconf 89' lang='lat' dir='ltr'>consulibus,</span> <span class='ocrx_word' id='word_1_101' title='bbox 1460 849 1550 914; x_wconf 77' lang='lat' dir='ltr'>dies</span> 
     </span>
     <span class='ocr_line' id='line_1_16' title="bbox 117 906 1547 964; baseline -0.002 -14"><span class='ocrx_word' id='word_1_102' title='bbox 117 907 264 950; x_wconf 87' lang='lat' dir='ltr'>8d1cta</span> <span class='ocrx_word' id='word_1_103' title='bbox 283 919 346 950; x_wconf 91' lang='lat' dir='ltr'>est</span> <span class='ocrx_word' id='word_1_104' title='bbox 374 909 561 950; x_wconf 88' lang='lat' dir='ltr'>Romilio</span> <span class='ocrx_word' id='word_1_105' title='bbox 582 909 633 950; x_wconf 91' lang='lat' dir='ltr'>ab</span> <span class='ocrx_word' id='word_1_106' title='bbox 658 907 708 950; x_wconf 89' lang='lat' dir='ltr'>C.</span> <span class='ocrx_word' id='word_1_107' title='bbox 736 907 919 951; x_wconf 79' lang='lat' dir='ltr'>Claudio</span> <span class='ocrx_word' id='word_1_108' title='bbox 948 908 1173 958; x_wconf 83' lang='lat' dir='ltr'>Cicerone,</span> <span class='ocrx_word' id='word_1_109' title='bbox 1195 909 1365 949; x_wconf 91' lang='lat' dir='ltr'>tribuno</span> <span class='ocrx_word' id='word_1_110' title='bbox 1386 906 1547 964; x_wconf 82' lang='lat' dir='ltr'>pleb1s3</span> 
     </span>
    </p>
   </div>
   <div class='ocr_carea' id='block_1_11' title="bbox 149 964 903 1015">
    <p class='ocr_par' dir='ltr' id='par_1_11' title="bbox 149 964 903 1015">
     <span class='ocr_line' id='line_1_17' title="bbox 149 964 903 1015; baseline 0.001 -9"><span class='ocrx_word' id='word_1_111' title='bbox 149 964 330 1008; x_wconf 91' lang='lat' dir='ltr'>Veturio</span> <span class='ocrx_word' id='word_1_112' title='bbox 371 966 423 1007; x_wconf 88' lang='lat' dir='ltr'>ab</span> <span class='ocrx_word' id='word_1_113' title='bbox 459 965 509 1007; x_wconf 91' lang='lat' dir='ltr'>L.</span> <span class='ocrx_word' id='word_1_114' title='bbox 554 966 724 1015; x_wconf 91' lang='lat' dir='ltr'>Alieno,</span> <span class='ocrx_word' id='word_1_115' title='bbox 767 965 903 1007; x_wconf 82' lang='lat' dir='ltr'>aedile</span> 
     </span>
    </p>
   </div>
   <div class='ocr_carea' id='block_1_12' title="bbox 148 1021 1751 1080">
    <p class='ocr_par' dir='ltr' id='par_1_12' title="bbox 148 1021 1751 1080">
     <span class='ocr_line' id='line_1_18' title="bbox 148 1021 1751 1080; baseline -0.002 -16"><span class='ocrx_word' id='word_1_116' title='bbox 148 1022 324 1064; x_wconf 88' lang='lat' dir='ltr'>Patrum</span> <span class='ocrx_word' id='word_1_117' title='bbox 355 1023 646 1080; x_wconf 83' lang='lat' dir='ltr'>indignatione</span> <span class='ocrx_word' id='word_1_118' title='bbox 679 1023 913 1073; x_wconf 90' lang='lat' dir='ltr'>damnatus,</span> <span class='ocrx_word' id='word_1_119' title='bbox 946 1022 1157 1065; x_wconf 88' lang='lat' dir='ltr'>Romilius</span> <span class='ocrx_word' id='word_1_120' title='bbox 1188 1022 1336 1063; x_wconf 90' lang='lat' dir='ltr'>decem</span> <span class='ocrx_word' id='word_1_121' title='bbox 1367 1021 1550 1062; x_wconf 87' lang='lat' dir='ltr'>millibus</span> <span class='ocrx_word' id='word_1_122' title='bbox 1563 1027 1643 1058; x_wconf 82' lang='lat' dir='ltr'>terio</span> <span class='ocrx_word' id='word_1_123' title='bbox 1661 1027 1751 1059; x_wconf 83' lang='lat' dir='ltr'>Coss.</span> 
     </span>
    </p>
   </div>
   <div class='ocr_carea' id='block_1_13' title="bbox 945 966 1092 1022">
    <p class='ocr_par' dir='ltr' id='par_1_13' title="bbox 945 966 1092 1022">
     <span class='ocr_line' id='line_1_19' title="bbox 945 966 1092 1022; baseline -0.007 -14"><span class='ocrx_word' id='word_1_124' title='bbox 945 966 1092 1022; x_wconf 86' lang='lat' dir='ltr'>plebis.</span> 
     </span>
    </p>
   </div>
   <div class='ocr_carea' id='block_1_14' title="bbox 1163 965 1551 1020">
    <p class='ocr_par' dir='ltr' id='par_1_14' title="bbox 1163 965 1551 1020">
     <span class='ocr_line' id='line_1_20' title="bbox 1163 965 1551 1020; baseline -0.008 -13"><span class='ocrx_word' id='word_1_125' title='bbox 1163 965 1356 1020; x_wconf 89' lang='lat' dir='ltr'>Uterque</span> <span class='ocrx_word' id='word_1_126' title='bbox 1398 979 1551 1019; x_wconf 83' lang='lat' dir='ltr'>magna</span> 
     </span>
    </p>
   </div>
   <div class='ocr_carea' id='block_1_15' title="bbox 148 1078 1550 1136">
    <p class='ocr_par' dir='ltr' id='par_1_15' title="bbox 148 1078 1550 1136">
     <span class='ocr_line' id='line_1_21' title="bbox 148 1078 1550 1136; baseline -0.001 -15"><span class='ocrx_word' id='word_1_127' title='bbox 148 1080 268 1130; x_wconf 82' lang='lat' dir='ltr'>aeris,</span> <span class='ocrx_word' id='word_1_128' title='bbox 300 1079 503 1122; x_wconf 83' lang='lat' dir='ltr'>Veturius</span> <span class='ocrx_word' id='word_1_129' title='bbox 534 1080 790 1136; x_wconf 88' lang='lat' dir='ltr'>quindecim.</span> <span class='ocrx_word' id='word_1_130' title='bbox 855 1079 950 1122; x_wconf 91' lang='lat' dir='ltr'>Nec</span> <span class='ocrx_word' id='word_1_131' title='bbox 981 1080 1086 1122; x_wconf 89' lang='lat' dir='ltr'>haec</span> <span class='ocrx_word' id='word_1_132' title='bbox 1118 1079 1305 1136; x_wconf 89' lang='lat' dir='ltr'>priorum</span> <span class='ocrx_word' id='word_1_133' title='bbox 1337 1078 1550 1120; x_wconf 81' lang='lat' dir='ltr'>calamitas</span> 
     </span>
    </p>
   </div>
   <div class='ocr_carea' id='block_1_16' title="bbox 148 1136 1177 1194">
    <p class='ocr_par' dir='ltr' id='par_1_16' title="bbox 148 1136 1177 1194">
     <span class='ocr_line' id='line_1_22' title="bbox 148 1136 1177 1194; baseline -0.001 -16"><span class='ocrx_word' id='word_1_134' title='bbox 148 1136 368 1179; x_wconf 85' lang='lat' dir='ltr'>consulum</span> <span class='ocrx_word' id='word_1_135' title='bbox 397 1138 610 1194; x_wconf 83' lang='lat' dir='ltr'>segniores</span> <span class='ocrx_word' id='word_1_136' title='bbox 634 1152 765 1178; x_wconf 83' lang='lat' dir='ltr'>novos</span> <span class='ocrx_word' id='word_1_137' title='bbox 791 1137 947 1179; x_wconf 81' lang='lat' dir='ltr'>fecerat</span> <span class='ocrx_word' id='word_1_138' title='bbox 975 1136 1177 1179; x_wconf 85' lang='lat' dir='ltr'>consules.</span> 
     </span>
    </p>
   </div>
   <div class='ocr_carea' id='block_1_17' title="bbox 1243 1135 1550 1178">
    <p class='ocr_par' dir='ltr' id='par_1_17' title="bbox 1243 1135 1550 1178">
     <span class='ocr_line' id='line_1_23' title="bbox 1243 1135 1550 1178; baseline -0.007 0"><span class='ocrx_word' id='word_1_139' title='bbox 1243 1141 1255 1160; x_wconf 90' lang='lat'><em>‘</em></span> <span class='ocrx_word' id='word_1_140' title='bbox 1272 1136 1329 1178; x_wconf 88' lang='lat' dir='ltr'>Et</span> <span class='ocrx_word' id='word_1_141' title='bbox 1360 1151 1403 1177; x_wconf 86' lang='lat' dir='ltr'>se</span> <span class='ocrx_word' id='word_1_142' title='bbox 1432 1135 1550 1176; x_wconf 85' lang='lat' dir='ltr'>dam-</span> 
     </span>
    </p>
   </div>
   <div class='ocr_carea' id='block_1_18' title="bbox 151 1192 1548 1252">
    <p class='ocr_par' dir='ltr' id='par_1_18' title="bbox 151 1192 1548 1252">
     <span class='ocr_line' id='line_1_24' title="bbox 151 1192 1548 1252; baseline -0.001 -17"><span class='ocrx_word' id='word_1_143' title='bbox 151 1194 270 1235; x_wconf 76' lang='lat' dir='ltr'>‘nari</span> <span class='ocrx_word' id='word_1_144' title='bbox 295 1195 428 1252; x_wconf 88' lang='lat' dir='ltr'>posse’</span> <span class='ocrx_word' id='word_1_145' title='bbox 456 1195 647 1236; x_wconf 88' lang='lat' dir='ltr'>aiebant:</span> <span class='ocrx_word' id='word_1_146' title='bbox 683 1199 752 1235; x_wconf 90' lang='lat' dir='ltr'>‘et</span> <span class='ocrx_word' id='word_1_147' title='bbox 779 1194 961 1251; x_wconf 88' lang='lat' dir='ltr'>plebem,</span> <span class='ocrx_word' id='word_1_148' title='bbox 991 1202 1035 1236; x_wconf 92' lang='lat' dir='ltr'>et</span> <span class='ocrx_word' id='word_1_149' title='bbox 1059 1194 1248 1236; x_wconf 88' lang='lat' dir='ltr'>tribunos</span> <span class='ocrx_word' id='word_1_150' title='bbox 1275 1193 1414 1249; x_wconf 80' lang='lat' dir='ltr'>legem</span> <span class='ocrx_word' id='word_1_151' title='bbox 1441 1192 1548 1234; x_wconf 90' lang='lat' dir='ltr'>ferre</span> 
     </span>
    </p>
   </div>
   <div class='ocr_carea' id='block_1_19' title="bbox 151 1252 439 1308">
    <p class='ocr_par' dir='ltr' id='par_1_19' title="bbox 151 1252 439 1308">
     <span class='ocr_line' id='line_1_25' title="bbox 151 1252 439 1308; baseline 0.003 -16"><span class='ocrx_word' id='word_1_152' title='bbox 151 1257 163 1276; x_wconf 91' lang='lat'>‘</span> <span class='ocrx_word' id='word_1_153' title='bbox 175 1265 263 1293; x_wconf 91' lang='lat' dir='ltr'>non</span> <span class='ocrx_word' id='word_1_154' title='bbox 292 1252 439 1308; x_wconf 86' lang='lat' dir='ltr'>posse.’</span> 
     </span>
    </p>
   </div>
   <div class='ocr_carea' id='block_1_20' title="bbox 499 1250 1549 1308">
    <p class='ocr_par' dir='ltr' id='par_1_20' title="bbox 499 1250 1549 1308">
     <span class='ocr_line' id='line_1_26' title="bbox 499 1250 1549 1308; baseline -0.001 -16"><span class='ocrx_word' id='word_1_155' title='bbox 499 1251 626 1300; x_wconf 90' lang='lat' dir='ltr'>Tum,</span> <span class='ocrx_word' id='word_1_156' title='bbox 653 1251 816 1292; x_wconf 90' lang='lat' dir='ltr'>abiecta</span> <span class='ocrx_word' id='word_1_157' title='bbox 841 1251 948 1308; x_wconf 81' lang='lat' dir='ltr'>lege,</span> <span class='ocrx_word' id='word_1_158' title='bbox 975 1266 1083 1308; x_wconf 86' lang='lat' dir='ltr'>quae</span> <span class='ocrx_word' id='word_1_159' title='bbox 1109 1250 1376 1308; x_wconf 83' lang='lat' dir='ltr'>promulgata</span> <span class='ocrx_word' id='word_1_160' title='bbox 1403 1265 1549 1291; x_wconf 89' lang='lat' dir='ltr'>conse-</span> 
     </span>
    </p>
   </div>
   <div class='ocr_carea' id='block_1_21' title="bbox 153 1307 1550 1365">
    <p class='ocr_par' dir='ltr' id='par_1_21' title="bbox 153 1307 1550 1365">
     <span class='ocr_line' id='line_1_27' title="bbox 153 1307 1550 1365; baseline -0.001 -15"><span class='ocrx_word' id='word_1_161' title='bbox 153 1317 316 1358; x_wconf 87' lang='lat' dir='ltr'>nuerat‚</span> <span class='ocrx_word' id='word_1_162' title='bbox 335 1308 494 1350; x_wconf 87' lang='lat' dir='ltr'>tribuni</span> <span class='ocrx_word' id='word_1_163' title='bbox 509 1307 647 1349; x_wconf 82' lang='lat' dir='ltr'>lenius</span> <span class='ocrx_word' id='word_1_164' title='bbox 663 1323 786 1365; x_wconf 83' lang='lat' dir='ltr'>agere</span> <span class='ocrx_word' id='word_1_165' title='bbox 803 1323 900 1350; x_wconf 91' lang='lat' dir='ltr'>cum</span> <span class='ocrx_word' id='word_1_166' title='bbox 924 1309 1130 1350; x_wconf 87' lang='lat' dir='ltr'>Patribus.</span> <span class='ocrx_word' id='word_1_167' title='bbox 1185 1307 1355 1348; x_wconf 83' lang='lat' dir='ltr'>‘Finem</span> <span class='ocrx_word' id='word_1_168' title='bbox 1378 1307 1550 1348; x_wconf 90' lang='lat' dir='ltr'>tandem</span> 
     </span>
    </p>
   </div>
   <div class='ocr_carea' id='block_1_22' title="bbox 154 1365 685 1407">
    <p class='ocr_par' dir='ltr' id='par_1_22' title="bbox 154 1365 685 1407">
     <span class='ocr_line' id='line_1_28' title="bbox 154 1365 685 1407; baseline -0.002 0"><span class='ocrx_word' id='word_1_169' title='bbox 154 1371 166 1390; x_wconf 90' lang='lat'>‘</span> <span class='ocrx_word' id='word_1_170' title='bbox 179 1366 458 1407; x_wconf 85' lang='lat' dir='ltr'>certaminum</span> <span class='ocrx_word' id='word_1_171' title='bbox 489 1365 685 1407; x_wconf 87' lang='lat' dir='ltr'>facerent.</span> 
     </span>
    </p>
   </div>
   <div class='ocr_carea' id='block_1_23' title="bbox 753 1364 1552 1422">
    <p class='ocr_par' dir='ltr' id='par_1_23' title="bbox 753 1364 1552 1422">
     <span class='ocr_line' id='line_1_29' title="bbox 753 1364 1552 1422; baseline -0.004 -15"><span class='ocrx_word' id='word_1_172' title='bbox 753 1365 798 1407; x_wconf 84' lang='lat' dir='ltr'>Si</span> <span class='ocrx_word' id='word_1_173' title='bbox 829 1366 1017 1422; x_wconf 87' lang='lat' dir='ltr'>plebeiae</span> <span class='ocrx_word' id='word_1_174' title='bbox 1050 1365 1163 1421; x_wconf 83' lang='lat' dir='ltr'>leges</span> <span class='ocrx_word' id='word_1_175' title='bbox 1193 1364 1477 1420; x_wconf 84' lang='lat' dir='ltr'>displicerent,</span> <span class='ocrx_word' id='word_1_176' title='bbox 1510 1373 1552 1405; x_wconf 91' lang='lat' dir='ltr'>at</span> 
     </span>
    </p>
   </div>
   <div class='ocr_carea' id='block_1_24' title="bbox 154 1421 1552 1536">
    <p class='ocr_par' dir='ltr' id='par_1_24' title="bbox 154 1421 1552 1536">
     <span class='ocr_line' id='line_1_30' title="bbox 154 1421 1549 1478; baseline -0.002 -14"><span class='ocrx_word' id='word_1_177' title='bbox 154 1428 166 1446; x_wconf 92' lang='lat'>‘</span> <span class='ocrx_word' id='word_1_178' title='bbox 183 1421 240 1464; x_wconf 87' lang='lat' dir='ltr'>illi</span> <span class='ocrx_word' id='word_1_179' title='bbox 265 1422 546 1464; x_wconf 90' lang='lat' dir='ltr'>communiter</span> <span class='ocrx_word' id='word_1_180' title='bbox 561 1422 703 1478; x_wconf 83' lang='lat' dir='ltr'>legum</span> <span class='ocrx_word' id='word_1_181' title='bbox 724 1422 889 1471; x_wconf 85' lang='lat' dir='ltr'>latores,</span> <span class='ocrx_word' id='word_1_182' title='bbox 907 1431 951 1464; x_wconf 91' lang='lat' dir='ltr'>et</span> <span class='ocrx_word' id='word_1_183' title='bbox 967 1437 1020 1464; x_wconf 85' lang='lat' dir='ltr'>ex</span> <span class='ocrx_word' id='word_1_184' title='bbox 1042 1422 1179 1478; x_wconf 90' lang='lat' dir='ltr'>plebe,</span> <span class='ocrx_word' id='word_1_185' title='bbox 1202 1430 1245 1462; x_wconf 90' lang='lat' dir='ltr'>et</span> <span class='ocrx_word' id='word_1_186' title='bbox 1265 1436 1320 1462; x_wconf 83' lang='lat' dir='ltr'>ex</span> <span class='ocrx_word' id='word_1_187' title='bbox 1341 1421 1549 1470; x_wconf 81' lang='lat' dir='ltr'>Patribus,</span> 
     </span>
     <span class='ocr_line' id='line_1_31' title="bbox 154 1477 1552 1536; baseline -0.002 -15"><span class='ocrx_word' id='word_1_188' title='bbox 154 1480 255 1536; x_wconf 91' lang='lat' dir='ltr'>‘qui</span> <span class='ocrx_word' id='word_1_189' title='bbox 286 1480 474 1536; x_wconf 86' lang='lat' dir='ltr'>utrisque</span> <span class='ocrx_word' id='word_1_190' title='bbox 502 1479 622 1521; x_wconf 88' lang='lat' dir='ltr'>utilia</span> <span class='ocrx_word' id='word_1_191' title='bbox 651 1480 819 1529; x_wconf 89' lang='lat' dir='ltr'>ferrent,</span> <span class='ocrx_word' id='word_1_192' title='bbox 849 1494 1043 1536; x_wconf 89' lang='lat' dir='ltr'>quaeque</span> <span class='ocrx_word' id='word_1_193' title='bbox 1075 1478 1320 1535; x_wconf 83' lang='lat' dir='ltr'>aequandae</span> <span class='ocrx_word' id='word_1_194' title='bbox 1349 1477 1552 1519; x_wconf 87' lang='lat' dir='ltr'>libertatis</span> 
     </span>
    </p>
   </div>
   <div class='ocr_carea' id='block_1_25' title="bbox 714 1537 724 1553">
    <p class='ocr_par' dir='ltr' id='par_1_25' title="bbox 714 1537 724 1553">
     <span class='ocr_line' id='line_1_32' title="bbox 714 1537 724 1553; baseline 0 0"><span class='ocrx_word' id='word_1_195' title='bbox 714 1537 724 1553; x_wconf 69' lang='lat'><em>9</em></span> 
     </span>
    </p>
   </div>
   <div class='ocr_carea' id='block_1_26' title="bbox 155 1536 708 1588">
    <p class='ocr_par' dir='ltr' id='par_1_26' title="bbox 155 1536 708 1588">
     <span class='ocr_line' id='line_1_33' title="bbox 155 1536 708 1588; baseline -0.005 -8"><span class='ocrx_word' id='word_1_196' title='bbox 155 1542 167 1560; x_wconf 90' lang='lat'>‘</span> <span class='ocrx_word' id='word_1_197' title='bbox 182 1545 333 1588; x_wconf 81' lang='lat' dir='ltr'>essent,</span> <span class='ocrx_word' id='word_1_198' title='bbox 355 1538 542 1579; x_wconf 84' lang='lat' dir='ltr'>sinerent</span> <span class='ocrx_word' id='word_1_199' title='bbox 566 1536 708 1578; x_wconf 86' lang='lat' dir='ltr'>creari.</span> 
     </span>
    </p>
   </div>
   <div class='ocr_carea' id='block_1_27' title="bbox 151 1700 830 2961">
    <p class='ocr_par' dir='ltr' id='par_1_27' title="bbox 151 1700 830 2576">
     <span class='ocr_line' id='line_1_34' title="bbox 155 1700 830 1733; baseline 0.001 -1"><span class='ocrx_word' id='word_1_200' title='bbox 155 1701 254 1732; x_wconf 80' lang='lat' dir='ltr'>videri</span> <span class='ocrx_word' id='word_1_201' title='bbox 270 1701 366 1732; x_wconf 89' lang='lat' dir='ltr'>debet</span> <span class='ocrx_word' id='word_1_202' title='bbox 382 1711 401 1731; x_wconf 76' lang='lat' dir='ltr'>a</span> <span class='ocrx_word' id='word_1_203' title='bbox 419 1701 512 1732; x_wconf 79' lang='lat' dir='ltr'>Livio</span> <span class='ocrx_word' id='word_1_204' title='bbox 527 1700 580 1732; x_wconf 84' lang='lat' dir='ltr'>hic</span> <span class='ocrx_word' id='word_1_205' title='bbox 605 1701 738 1733; x_wconf 78' lang='lat' dir='ltr'>omissas</span> <span class='ocrx_word' id='word_1_206' title='bbox 762 1712 830 1733; x_wconf 81' lang='lat' dir='ltr'>esse</span> 
     </span>
     <span class='ocr_line' id='line_1_35' title="bbox 152 1744 829 1783; baseline 0.001 -9"><span class='ocrx_word' id='word_1_207' title='bbox 152 1747 301 1774; x_wconf 77' lang='lat' dir='ltr'>cruentas</span> <span class='ocrx_word' id='word_1_208' title='bbox 318 1753 418 1783; x_wconf 85' lang='lat' dir='ltr'>prope</span> <span class='ocrx_word' id='word_1_209' title='bbox 439 1744 640 1775; x_wconf 87' lang='lat' dir='ltr'>tribunorum</span> <span class='ocrx_word' id='word_1_210' title='bbox 660 1755 734 1775; x_wconf 90' lang='lat' dir='ltr'>cum</span> <span class='ocrx_word' id='word_1_211' title='bbox 757 1755 829 1775; x_wconf 85' lang='lat' dir='ltr'>con-</span> 
     </span>
     <span class='ocr_line' id='line_1_36' title="bbox 152 1785 828 1826; baseline 0.001 -10"><span class='ocrx_word' id='word_1_212' title='bbox 152 1785 276 1817; x_wconf 72' lang='lat' dir='ltr'>sulibus</span> <span class='ocrx_word' id='word_1_213' title='bbox 303 1787 538 1823; x_wconf 79' lang='lat' dir='ltr'>contentiones,</span> <span class='ocrx_word' id='word_1_214' title='bbox 562 1792 594 1817; x_wconf 89' lang='lat' dir='ltr'>et</span> <span class='ocrx_word' id='word_1_215' title='bbox 620 1787 828 1826; x_wconf 77' lang='lat' dir='ltr'>asperrimam</span> 
     </span>
     <span class='ocr_line' id='line_1_37' title="bbox 153 1827 829 1860; baseline 0 -1"><span class='ocrx_word' id='word_1_216' title='bbox 153 1827 251 1860; x_wconf 86' lang='lat' dir='ltr'>Siccii</span> <span class='ocrx_word' id='word_1_217' title='bbox 270 1829 407 1860; x_wconf 83' lang='lat' dir='ltr'>Dentati</span> <span class='ocrx_word' id='word_1_218' title='bbox 427 1829 580 1860; x_wconf 76' lang='lat' dir='ltr'>adversus</span> <span class='ocrx_word' id='word_1_219' title='bbox 602 1830 732 1860; x_wconf 82' lang='lat' dir='ltr'>eosdem</span> <span class='ocrx_word' id='word_1_220' title='bbox 755 1840 829 1860; x_wconf 84' lang='lat' dir='ltr'>con-</span> 
     </span>
     <span class='ocr_line' id='line_1_38' title="bbox 151 1871 829 1910; baseline 0 -8"><span class='ocrx_word' id='word_1_221' title='bbox 151 1871 240 1902; x_wconf 72' lang='lat' dir='ltr'>eules</span> <span class='ocrx_word' id='word_1_222' title='bbox 254 1871 415 1902; x_wconf 82' lang='lat' dir='ltr'>actionem</span> <span class='ocrx_word' id='word_1_223' title='bbox 431 1881 488 1910; x_wconf 86' lang='lat' dir='ltr'>pro</span> <span class='ocrx_word' id='word_1_224' title='bbox 505 1872 574 1910; x_wconf 73' lang='lat' dir='ltr'>lege</span> <span class='ocrx_word' id='word_1_225' title='bbox 587 1871 720 1910; x_wconf 80' lang='lat' dir='ltr'>agraria,</span> <span class='ocrx_word' id='word_1_226' title='bbox 733 1882 829 1910; x_wconf 82' lang='lat' dir='ltr'>quam</span> 
     </span>
     <span class='ocr_line' id='line_1_39' title="bbox 151 1913 829 1953; baseline 0.001 -10"><span class='ocrx_word' id='word_1_227' title='bbox 151 1913 272 1944; x_wconf 88' lang='lat' dir='ltr'>tribuni</span> <span class='ocrx_word' id='word_1_228' title='bbox 286 1914 491 1944; x_wconf 80' lang='lat' dir='ltr'>revocabant.</span> <span class='ocrx_word' id='word_1_229' title='bbox 532 1913 617 1944; x_wconf 89' lang='lat' dir='ltr'>Vide</span> <span class='ocrx_word' id='word_1_230' title='bbox 628 1915 715 1953; x_wconf 84' lang='lat' dir='ltr'>apud</span> <span class='ocrx_word' id='word_1_231' title='bbox 731 1914 829 1944; x_wconf 86' lang='lat' dir='ltr'>Dion.</span> 
     </span>
     <span class='ocr_line' id='line_1_40' title="bbox 152 1956 829 1996; baseline 0 -10"><span class='ocrx_word' id='word_1_232' title='bbox 152 1965 183 1986; x_wconf 89' lang='lat' dir='ltr'>x.</span> <span class='ocrx_word' id='word_1_233' title='bbox 202 1964 251 1995; x_wconf 88' lang='lat'>3¹·</span> <span class='ocrx_word' id='word_1_234' title='bbox 270 1965 319 1996; x_wconf 83' lang='lat'>3²-</span> <span class='ocrx_word' id='word_1_235' title='bbox 338 1956 536 1986; x_wconf 80' lang='lat' dir='ltr'>luculentam</span> <span class='ocrx_word' id='word_1_236' title='bbox 555 1957 623 1986; x_wconf 83' lang='lat' dir='ltr'>eius</span> <span class='ocrx_word' id='word_1_237' title='bbox 638 1957 829 1994; x_wconf 78' lang='lat' dir='ltr'>orationem,</span> 
     </span>
     <span class='ocr_line' id='line_1_41' title="bbox 152 1996 828 2037; baseline 0 -9"><span class='ocrx_word' id='word_1_238' title='bbox 152 1996 186 2028; x_wconf 90' lang='lat' dir='ltr'>in</span> <span class='ocrx_word' id='word_1_239' title='bbox 202 2008 267 2037; x_wconf 84' lang='lat' dir='ltr'>qua</span> <span class='ocrx_word' id='word_1_240' title='bbox 281 2008 314 2029; x_wconf 78' lang='lat' dir='ltr'>se</span> <span class='ocrx_word' id='word_1_241' title='bbox 330 1998 399 2037; x_wconf 75' lang='lat' dir='ltr'>ipse</span> <span class='ocrx_word' id='word_1_242' title='bbox 415 1999 647 2029; x_wconf 87' lang='lat' dir='ltr'>commendans</span> <span class='ocrx_word' id='word_1_243' title='bbox 667 2003 773 2028; x_wconf 83' lang='lat' dir='ltr'>narrat</span> <span class='ocrx_word' id='word_1_244' title='bbox 796 2009 828 2028; x_wconf 80' lang='lat' dir='ltr'>se</span> 
     </span>
     <span class='ocr_line' id='line_1_42' title="bbox 152 2040 828 2080; baseline 0 -10"><span class='ocrx_word' id='word_1_245' title='bbox 152 2040 431 2080; x_wconf 78' lang='lat' dir='ltr'>quadragesimum</span> <span class='ocrx_word' id='word_1_246' title='bbox 454 2040 517 2070; x_wconf 83' lang='lat' dir='ltr'>iam</span> <span class='ocrx_word' id='word_1_247' title='bbox 543 2050 663 2070; x_wconf 87' lang='lat' dir='ltr'>annum</span> <span class='ocrx_word' id='word_1_248' title='bbox 688 2040 828 2070; x_wconf 86' lang='lat' dir='ltr'>militan-</span> 
     </span>
     <span class='ocr_line' id='line_1_43' title="bbox 152 2082 827 2121; baseline -0.001 -9"><span class='ocrx_word' id='word_1_249' title='bbox 152 2086 232 2119; x_wconf 86' lang='lat' dir='ltr'>tem,</span> <span class='ocrx_word' id='word_1_250' title='bbox 262 2086 391 2112; x_wconf 89' lang='lat' dir='ltr'>centum</span> <span class='ocrx_word' id='word_1_251' title='bbox 432 2082 541 2121; x_wconf 76' lang='lat' dir='ltr'>viginti</span> <span class='ocrx_word' id='word_1_252' title='bbox 582 2082 696 2121; x_wconf 69' lang='lat' dir='ltr'>pugnis</span> <span class='ocrx_word' id='word_1_253' title='bbox 734 2082 827 2112; x_wconf 88' lang='lat' dir='ltr'>inter-</span> 
     </span>
     <span class='ocr_line' id='line_1_44' title="bbox 153 2123 827 2162; baseline -0.001 -7"><span class='ocrx_word' id='word_1_254' title='bbox 153 2123 272 2155; x_wconf 76' lang='lat' dir='ltr'>fuisse:</span> <span class='ocrx_word' id='word_1_255' title='bbox 307 2124 440 2154; x_wconf 80' lang='lat' dir='ltr'>vulnera</span> <span class='ocrx_word' id='word_1_256' title='bbox 467 2124 608 2162; x_wconf 81' lang='lat' dir='ltr'>quinque</span> <span class='ocrx_word' id='word_1_257' title='bbox 636 2128 668 2154; x_wconf 86' lang='lat' dir='ltr'>et</span> <span class='ocrx_word' id='word_1_258' title='bbox 693 2124 827 2162; x_wconf 81' lang='lat' dir='ltr'>quadra-</span> 
     </span>
     <span class='ocr_line' id='line_1_45' title="bbox 151 2165 827 2206; baseline -0.001 -10"><span class='ocrx_word' id='word_1_259' title='bbox 151 2165 253 2205; x_wconf 61' lang='lat' dir='ltr'>ginta„</span> <span class='ocrx_word' id='word_1_260' title='bbox 267 2166 401 2196; x_wconf 75' lang='lat' dir='ltr'>adversa</span> <span class='ocrx_word' id='word_1_261' title='bbox 419 2166 540 2202; x_wconf 79' lang='lat' dir='ltr'>omnia,</span> <span class='ocrx_word' id='word_1_262' title='bbox 556 2165 740 2206; x_wconf 76' lang='lat' dir='ltr'>excepisse:</span> <span class='ocrx_word' id='word_1_263' title='bbox 770 2166 827 2195; x_wconf 79' lang='lat' dir='ltr'>vir-</span> 
     </span>
     <span class='ocr_line' id='line_1_46' title="bbox 152 2207 828 2247; baseline 0 -9"><span class='ocrx_word' id='word_1_264' title='bbox 152 2207 232 2239; x_wconf 73' lang='lat' dir='ltr'>tutis</span> <span class='ocrx_word' id='word_1_265' title='bbox 255 2218 328 2247; x_wconf 73' lang='lat' dir='ltr'>ergo</span> <span class='ocrx_word' id='word_1_266' title='bbox 352 2208 506 2238; x_wconf 80' lang='lat' dir='ltr'>donatum</span> <span class='ocrx_word' id='word_1_267' title='bbox 536 2208 634 2238; x_wconf 74' lang='lat' dir='ltr'>fuisse</span> <span class='ocrx_word' id='word_1_268' title='bbox 664 2211 828 2247; x_wconf 77' lang='lat' dir='ltr'>quattuor-</span> 
     </span>
     <span class='ocr_line' id='line_1_47' title="bbox 153 2249 827 2286; baseline -0.001 -5"><span class='ocrx_word' id='word_1_269' title='bbox 153 2250 258 2281; x_wconf 89' lang='lat' dir='ltr'>decim</span> <span class='ocrx_word' id='word_1_270' title='bbox 284 2250 408 2281; x_wconf 72' lang='lat' dir='ltr'>coronis</span> <span class='ocrx_word' id='word_1_271' title='bbox 432 2249 551 2286; x_wconf 68' lang='lat' dir='ltr'>civicis,</span> <span class='ocrx_word' id='word_1_272' title='bbox 575 2250 676 2280; x_wconf 78' lang='lat' dir='ltr'>tribus</span> <span class='ocrx_word' id='word_1_273' title='bbox 700 2250 827 2280; x_wconf 77' lang='lat' dir='ltr'>murali-</span> 
     </span>
     <span class='ocr_line' id='line_1_48' title="bbox 153 2292 827 2332; baseline -0.001 -9"><span class='ocrx_word' id='word_1_274' title='bbox 153 2293 224 2330; x_wconf 76' lang='lat' dir='ltr'>bus,</span> <span class='ocrx_word' id='word_1_275' title='bbox 248 2298 321 2323; x_wconf 87' lang='lat' dir='ltr'>octo</span> <span class='ocrx_word' id='word_1_276' title='bbox 348 2292 568 2332; x_wconf 63' lang='lat' dir='ltr'>proeliaril1u³‚</span> <span class='ocrx_word' id='word_1_277' title='bbox 583 2292 751 2331; x_wconf 75' lang='lat' dir='ltr'>torquibus</span> <span class='ocrx_word' id='word_1_278' title='bbox 773 2302 827 2322; x_wconf 83' lang='lat' dir='ltr'>au-</span> 
     </span>
     <span class='ocr_line' id='line_1_49' title="bbox 152 2334 829 2374; baseline -0.001 -9"><span class='ocrx_word' id='word_1_279' title='bbox 152 2334 214 2365; x_wconf 71' lang='lat' dir='ltr'>reis</span> <span class='ocrx_word' id='word_1_280' title='bbox 243 2335 344 2366; x_wconf 76' lang='lat' dir='ltr'>tribus</span> <span class='ocrx_word' id='word_1_281' title='bbox 372 2344 469 2374; x_wconf 79' lang='lat' dir='ltr'>supra</span> <span class='ocrx_word' id='word_1_282' title='bbox 496 2334 669 2374; x_wconf 73' lang='lat' dir='ltr'>octoginta,</span> <span class='ocrx_word' id='word_1_283' title='bbox 694 2334 829 2364; x_wconf 79' lang='lat' dir='ltr'>armillis</span> 
     </span>
     <span class='ocr_line' id='line_1_50' title="bbox 152 2376 828 2417; baseline -0.003 -9"><span class='ocrx_word' id='word_1_284' title='bbox 152 2377 258 2408; x_wconf 70' lang='lat' dir='ltr'>aureis</span> <span class='ocrx_word' id='word_1_285' title='bbox 293 2377 472 2417; x_wconf 77' lang='lat' dir='ltr'>sexaginta,</span> <span class='ocrx_word' id='word_1_286' title='bbox 510 2376 609 2407; x_wconf 68' lang='lat' dir='ltr'>hastis</span> <span class='ocrx_word' id='word_1_287' title='bbox 645 2377 757 2407; x_wconf 86' lang='lat' dir='ltr'>decem</span> <span class='ocrx_word' id='word_1_288' title='bbox 797 2381 828 2407; x_wconf 88' lang='lat' dir='ltr'>et</span> 
     </span>
     <span class='ocr_line' id='line_1_51' title="bbox 152 2418 828 2459; baseline -0.001 -9"><span class='ocrx_word' id='word_1_289' title='bbox 152 2423 237 2457; x_wconf 83' lang='lat' dir='ltr'>octo,</span> <span class='ocrx_word' id='word_1_290' title='bbox 275 2419 416 2459; x_wconf 72' lang='lat' dir='ltr'>phaleris</span> <span class='ocrx_word' id='word_1_291' title='bbox 452 2419 594 2458; x_wconf 84' lang='lat' dir='ltr'>quinque</span> <span class='ocrx_word' id='word_1_292' title='bbox 635 2423 667 2449; x_wconf 85' lang='lat' dir='ltr'>ct</span> <span class='ocrx_word' id='word_1_293' title='bbox 707 2418 828 2457; x_wconf 73' lang='lat' dir='ltr'>viginti.</span> 
     </span>
     <span class='ocr_line' id='line_1_52' title="bbox 152 2460 824 2502; baseline -0.004 -9"><span class='ocrx_word' id='word_1_294' title='bbox 152 2461 270 2493; x_wconf 78' lang='lat' dir='ltr'>Cetera</span> <span class='ocrx_word' id='word_1_295' title='bbox 295 2466 369 2502; x_wconf 86' lang='lat' dir='ltr'>pete</span> <span class='ocrx_word' id='word_1_296' title='bbox 393 2472 431 2492; x_wconf 84' lang='lat' dir='ltr'>ex</span> <span class='ocrx_word' id='word_1_297' title='bbox 451 2461 549 2492; x_wconf 86' lang='lat' dir='ltr'>Dion.</span> <span class='ocrx_word' id='word_1_298' title='bbox 595 2460 736 2492; x_wconf 85' lang='lat' dir='ltr'>Siccium</span> <span class='ocrx_word' id='word_1_299' title='bbox 760 2461 824 2491; x_wconf 79' lang='lat' dir='ltr'>lau-</span> 
     </span>
     <span class='ocr_line' id='line_1_53' title="bbox 153 2503 826 2543; baseline -0.001 -9"><span class='ocrx_word' id='word_1_300' title='bbox 153 2503 232 2534; x_wconf 69' lang='lat' dir='ltr'>dant</span> <span class='ocrx_word' id='word_1_301' title='bbox 269 2514 397 2543; x_wconf 82' lang='lat' dir='ltr'>quoque</span> <span class='ocrx_word' id='word_1_302' title='bbox 431 2504 504 2534; x_wconf 77' lang='lat' dir='ltr'>val.</span> <span class='ocrx_word' id='word_1_303' title='bbox 536 2504 627 2534; x_wconf 83' lang='lat' dir='ltr'>Max.</span> <span class='ocrx_word' id='word_1_304' title='bbox 660 2503 701 2533; x_wconf 93' lang='lat' dir='ltr'>iii.</span> <span class='ocrx_word' id='word_1_305' title='bbox 739 2513 762 2533; x_wconf 73' lang='grc' dir='ltr'>ι.</span> <span class='ocrx_word' id='word_1_306' title='bbox 795 2508 826 2533; x_wconf 88' lang='lat' dir='ltr'>et</span> 
     </span>
     <span class='ocr_line' id='line_1_54' title="bbox 155 2545 635 2576; baseline -0.002 0"><span class='ocrx_word' id='word_1_307' title='bbox 155 2545 240 2576; x_wconf 76' lang='lat' dir='ltr'>Piin.</span> <span class='ocrx_word' id='word_1_308' title='bbox 260 2546 304 2576; x_wconf 80' lang='lat' dir='ltr'>H.</span> <span class='ocrx_word' id='word_1_309' title='bbox 324 2546 366 2576; x_wconf 86' lang='lat' dir='ltr'>N.</span> <span class='ocrx_word' id='word_1_310' title='bbox 386 2545 436 2576; x_wconf 78' lang='lat' dir='ltr'>vii.</span> <span class='ocrx_word' id='word_1_311' title='bbox 455 2548 503 2576; x_wconf 80' lang='lat'>28.</span> <span class='ocrx_word' id='word_1_312' title='bbox 529 2547 635 2576; x_wconf 60' lang='lat' dir='ltr'>Cmcv.</span> 
     </span>
    </p>

    <p class='ocr_par' dir='ltr' id='par_1_28' title="bbox 153 2586 830 2961">
     <span class='ocr_line' id='line_1_55' title="bbox 195 2586 826 2626; baseline 0 -9"><span class='ocrx_word' id='word_1_313' title='bbox 195 2586 216 2617; x_wconf 92' lang='lat'><strong>6</strong></span> <span class='ocrx_word' id='word_1_314' title='bbox 239 2589 341 2618; x_wconf 76' lang='lat' dir='ltr'>Ambo</span> <span class='ocrx_word' id='word_1_315' title='bbox 369 2589 529 2626; x_wconf 71' lang='lat' dir='ltr'>corisnlcs]</span> <span class='ocrx_word' id='word_1_316' title='bbox 563 2588 675 2623; x_wconf 76' lang='lat' dir='ltr'>Quum</span> <span class='ocrx_word' id='word_1_317' title='bbox 707 2587 826 2617; x_wconf 79' lang='lat' dir='ltr'>tribuni</span> 
     </span>
     <span class='ocr_line' id='line_1_56' title="bbox 154 2628 826 2668; baseline -0.001 -9"><span class='ocrx_word' id='word_1_318' title='bbox 154 2630 316 2660; x_wconf 83' lang='lat' dir='ltr'>delectum</span> <span class='ocrx_word' id='word_1_319' title='bbox 346 2628 551 2668; x_wconf 75' lang='lat' dir='ltr'>impedirent,</span> <span class='ocrx_word' id='word_1_320' title='bbox 577 2634 706 2659; x_wconf 73' lang='lat' dir='ltr'>senatus</span> <span class='ocrx_word' id='word_1_321' title='bbox 736 2629 826 2658; x_wconf 75' lang='lat' dir='ltr'>iussit</span> 
     </span>
     <span class='ocr_line' id='line_1_57' title="bbox 155 2671 828 2711; baseline -0.003 -9"><span class='ocrx_word' id='word_1_322' title='bbox 155 2671 306 2711; x_wconf 68' lang='lat' dir='ltr'>patricios</span> <span class='ocrx_word' id='word_1_323' title='bbox 328 2681 400 2701; x_wconf 88' lang='lat' dir='ltr'>cnm</span> <span class='ocrx_word' id='word_1_324' title='bbox 427 2671 599 2702; x_wconf 72' lang='lat' dir='ltr'>clientibus</span> <span class='ocrx_word' id='word_1_325' title='bbox 624 2671 745 2701; x_wconf 81' lang='lat' dir='ltr'>bellum</span> <span class='ocrx_word' id='word_1_326' title='bbox 773 2680 828 2710; x_wconf 85' lang='lat' dir='ltr'>per</span> 
     </span>
     <span class='ocr_line' id='line_1_58' title="bbox 153 2713 826 2754; baseline 0 -12"><span class='ocrx_word' id='word_1_327' title='bbox 153 2724 187 2743; x_wconf 69' lang='lat' dir='ltr'>ne</span> <span class='ocrx_word' id='word_1_328' title='bbox 215 2713 300 2754; x_wconf 67' lang='lat' dir='ltr'>ipso·</span> <span class='ocrx_word' id='word_1_329' title='bbox 322 2713 475 2743; x_wconf 64' lang='lat' dir='ltr'>adversus</span> <span class='ocrx_word' id='word_1_330' title='bbox 501 2714 630 2752; x_wconf 69' lang='lat' dir='ltr'>Aequos</span> <span class='ocrx_word' id='word_1_331' title='bbox 653 2714 826 2751; x_wconf 69' lang='lat' dir='ltr'>gerendum</span> 
     </span>
     <span class='ocr_line' id='line_1_59' title="bbox 154 2754 826 2794; baseline -0.003 -9"><span class='ocrx_word' id='word_1_332' title='bbox 154 2755 333 2794; x_wconf 66' lang='lat' dir='ltr'>suscipere:</span> <span class='ocrx_word' id='word_1_333' title='bbox 360 2755 460 2794; x_wconf 57' lang='lat' dir='ltr'>iisque</span> <span class='ocrx_word' id='word_1_334' title='bbox 484 2754 618 2789; x_wconf 71' lang='lat' dir='ltr'>civibus,</span> <span class='ocrx_word' id='word_1_335' title='bbox 639 2754 692 2792; x_wconf 81' lang='lat' dir='ltr'>qui</span> <span class='ocrx_word' id='word_1_336' title='bbox 718 2764 826 2784; x_wconf 72' lang='lat' dir='ltr'>consu—</span> 
     </span>
     <span class='ocr_line' id='line_1_60' title="bbox 155 2795 830 2845; baseline -0.004 -18"><span class='ocrx_word' id='word_1_337' title='bbox 155 2797 239 2828; x_wconf 65' lang='lat' dir='ltr'>libus</span> <span class='ocrx_word' id='word_1_338' title='bbox 270 2796 461 2845; x_wconf 64' lang='lat' dir='ltr'>paruissent,</span> <span class='ocrx_word' id='word_1_339' title='bbox 487 2796 667 2836; x_wconf 66' lang='lat' dir='ltr'>propitios:</span> <span class='ocrx_word' id='word_1_340' title='bbox 697 2795 749 2835; x_wconf 84' lang='lat' dir='ltr'>qui</span> <span class='ocrx_word' id='word_1_341' title='bbox 776 2806 830 2825; x_wconf 73' lang='lat' dir='ltr'>eon</span> 
     </span>
     <span class='ocr_line' id='line_1_61' title="bbox 154 2837 829 2874; baseline -0.003 -4"><span class='ocrx_word' id='word_1_342' title='bbox 154 2840 380 2874; x_wconf 67' lang='lat' dir='ltr'>denominat-nt,</span> <span class='ocrx_word' id='word_1_343' title='bbox 412 2839 508 2869; x_wconf 77' lang='lat' dir='ltr'>iratos</span> <span class='ocrx_word' id='word_1_344' title='bbox 545 2837 705 2868; x_wconf 67' lang='lat' dir='ltr'>invocavit</span> <span class='ocrx_word' id='word_1_345' title='bbox 743 2838 829 2868; x_wconf 72' lang='lat' dir='ltr'>deon.</span> 
     </span>
     <span class='ocr_line' id='line_1_62' title="bbox 155 2881 830 2919; baseline -0.006 -6"><span class='ocrx_word' id='word_1_346' title='bbox 155 2881 241 2913; x_wconf 86' lang='lat' dir='ltr'>Tum</span> <span class='ocrx_word' id='word_1_347' title='bbox 267 2881 402 2917; x_wconf 67' lang='lat' dir='ltr'>Siccius,</span> <span class='ocrx_word' id='word_1_348' title='bbox 429 2881 469 2911; x_wconf 88' lang='lat' dir='ltr'>de</span> <span class='ocrx_word' id='word_1_349' title='bbox 496 2891 560 2919; x_wconf 83' lang='lat' dir='ltr'>quo</span> <span class='ocrx_word' id='word_1_350' title='bbox 584 2889 691 2919; x_wconf 62' lang='lat' dir='ltr'>snpra,</span> <span class='ocrx_word' id='word_1_351' title='bbox 716 2885 830 2919; x_wconf 62' lang='lat' dir='ltr'>sponte</span> 
     </span>
     <span class='ocr_line' id='line_1_63' title="bbox 155 2922 830 2961; baseline -0.006 -6"><span class='ocrx_word' id='word_1_352' title='bbox 155 2933 273 2955; x_wconf 83' lang='lat' dir='ltr'>nomen</span> <span class='ocrx_word' id='word_1_353' title='bbox 290 2923 392 2959; x_wconf 84' lang='lat' dir='ltr'>dedit,</span> <span class='ocrx_word' id='word_1_354' title='bbox 407 2928 505 2961; x_wconf 82' lang='lat' dir='ltr'>atque</span> <span class='ocrx_word' id='word_1_355' title='bbox 519 2922 615 2953; x_wconf 78' lang='lat' dir='ltr'>etium</span> <span class='ocrx_word' id='word_1_356' title='bbox 630 2922 830 2959; x_wconf 67' lang='lat' dir='ltr'>octingentos</span> 
     </span>
    </p>
   </div>
   <div class='ocr_carea' id='block_1_28' title="bbox 785 1534 1548 1593">
    <p class='ocr_par' dir='ltr' id='par_1_29' title="bbox 785 1534 1548 1593">
     <span class='ocr_line' id='line_1_64' title="bbox 785 1534 1548 1593; baseline -0.003 -15"><span class='ocrx_word' id='word_1_357' title='bbox 785 1536 896 1578; x_wconf 88' lang='lat' dir='ltr'>Rem</span> <span class='ocrx_word' id='word_1_358' title='bbox 918 1552 1005 1579; x_wconf 91' lang='lat' dir='ltr'>non</span> <span class='ocrx_word' id='word_1_359' title='bbox 1026 1537 1356 1593; x_wconf 79' lang='lat' dir='ltr'>aspernabantur</span> <span class='ocrx_word' id='word_1_360' title='bbox 1376 1534 1548 1577; x_wconf 86' lang='lat' dir='ltr'>Patres:</span> 
     </span>
    </p>
   </div>
   <div class='ocr_carea' id='block_1_29' title="bbox 871 1700 1553 2952">
    <p class='ocr_par' dir='ltr' id='par_1_30' title="bbox 874 1700 1553 1945">
     <span class='ocr_line' id='line_1_65' title="bbox 874 1700 1552 1741; baseline -0.003 -8"><span class='ocrx_word' id='word_1_361' title='bbox 874 1712 983 1733; x_wconf 85' lang='lat' dir='ltr'>secum</span> <span class='ocrx_word' id='word_1_362' title='bbox 1004 1702 1101 1733; x_wconf 84' lang='lat' dir='ltr'>traxit</span> <span class='ocrx_word' id='word_1_363' title='bbox 1118 1701 1327 1739; x_wconf 77' lang='lat' dir='ltr'>voluntarios,</span> <span class='ocrx_word' id='word_1_364' title='bbox 1342 1711 1478 1741; x_wconf 86' lang='lat' dir='ltr'>quorum</span> <span class='ocrx_word' id='word_1_365' title='bbox 1499 1700 1552 1732; x_wconf 86' lang='lat' dir='ltr'>sti-</span> 
     </span>
     <span class='ocr_line' id='line_1_66' title="bbox 875 1743 1553 1785; baseline -0.004 -9"><span class='ocrx_word' id='word_1_366' title='bbox 875 1745 994 1785; x_wconf 84' lang='lat' dir='ltr'>pendia</span> <span class='ocrx_word' id='word_1_367' title='bbox 1020 1745 1153 1776; x_wconf 87' lang='lat' dir='ltr'>emerita</span> <span class='ocrx_word' id='word_1_368' title='bbox 1181 1749 1291 1776; x_wconf 87' lang='lat' dir='ltr'>erant:</span> <span class='ocrx_word' id='word_1_369' title='bbox 1331 1754 1405 1774; x_wconf 88' lang='lat' dir='ltr'>cum</span> <span class='ocrx_word' id='word_1_370' title='bbox 1437 1743 1553 1783; x_wconf 74' lang='lat' dir='ltr'>quibus</span> 
     </span>
     <span class='ocr_line' id='line_1_67' title="bbox 875 1787 1551 1826; baseline -0.004 -8"><span class='ocrx_word' id='word_1_371' title='bbox 875 1788 915 1818; x_wconf 85' lang='lat' dir='ltr'>ab</span> <span class='ocrx_word' id='word_1_372' title='bbox 942 1787 1067 1818; x_wconf 87' lang='lat' dir='ltr'>infenso</span> <span class='ocrx_word' id='word_1_373' title='bbox 1091 1787 1224 1818; x_wconf 70' lang='lat' dir='ltr'>consule</span> <span class='ocrx_word' id='word_1_374' title='bbox 1251 1787 1283 1817; x_wconf 92' lang='lat' dir='ltr'>in</span> <span class='ocrx_word' id='word_1_375' title='bbox 1309 1791 1453 1826; x_wconf 83' lang='lat' dir='ltr'>apertam</span> <span class='ocrx_word' id='word_1_376' title='bbox 1483 1796 1551 1825; x_wconf 87' lang='lat' dir='ltr'>per-</span> 
     </span>
     <span class='ocr_line' id='line_1_68' title="bbox 875 1828 1552 1866; baseline -0.003 -6"><span class='ocrx_word' id='word_1_377' title='bbox 875 1829 993 1861; x_wconf 89' lang='lat' dir='ltr'>niciem</span> <span class='ocrx_word' id='word_1_378' title='bbox 1019 1829 1145 1866; x_wconf 74' lang='lat' dir='ltr'>missus,</span> <span class='ocrx_word' id='word_1_379' title='bbox 1170 1828 1431 1859; x_wconf 76' lang='lat' dir='ltr'>malevolentiam</span> <span class='ocrx_word' id='word_1_380' title='bbox 1461 1828 1552 1859; x_wconf 79' lang='lat' dir='ltr'>ducis</span> 
     </span>
     <span class='ocr_line' id='line_1_69' title="bbox 876 1870 1550 1911; baseline -0.003 -9"><span class='ocrx_word' id='word_1_381' title='bbox 876 1872 993 1902; x_wconf 77' lang='lat' dir='ltr'>virtute</span> <span class='ocrx_word' id='word_1_382' title='bbox 1023 1872 1147 1911; x_wconf 78' lang='lat' dir='ltr'>effugit,</span> <span class='ocrx_word' id='word_1_383' title='bbox 1180 1871 1457 1911; x_wconf 81' lang='lat' dir='ltr'>praecipuumque</span> <span class='ocrx_word' id='word_1_384' title='bbox 1488 1870 1550 1901; x_wconf 81' lang='lat' dir='ltr'>vic-</span> 
     </span>
     <span class='ocr_line' id='line_1_70' title="bbox 875 1913 1322 1945; baseline 0 -1"><span class='ocrx_word' id='word_1_385' title='bbox 875 1914 976 1945; x_wconf 88' lang='lat' dir='ltr'>toriae</span> <span class='ocrx_word' id='word_1_386' title='bbox 993 1915 1092 1945; x_wconf 83' lang='lat' dir='ltr'>decus</span> <span class='ocrx_word' id='word_1_387' title='bbox 1107 1913 1192 1945; x_wconf 89' lang='lat' dir='ltr'>tulit.</span> <span class='ocrx_word' id='word_1_388' title='bbox 1217 1914 1322 1945; x_wconf 72' lang='lat' dir='ltr'>Cnssv.</span> 
     </span>
    </p>

    <p class='ocr_par' dir='ltr' id='par_1_31' title="bbox 871 1955 1552 2792">
     <span class='ocr_line' id='line_1_71' title="bbox 919 1955 1552 1996; baseline -0.003 -9"><span class='ocrx_word' id='word_1_389' title='bbox 919 1965 935 1996; x_wconf 90' lang='lat'><em>7</em></span> <span class='ocrx_word' id='word_1_390' title='bbox 958 1959 999 1987; x_wconf 75' lang='lat' dir='ltr'>A.</span> <span class='ocrx_word' id='word_1_391' title='bbox 1023 1958 1153 1995; x_wconf 72' lang='lat' dir='ltr'>Aleria]</span> <span class='ocrx_word' id='word_1_392' title='bbox 1195 1956 1248 1986; x_wconf 85' lang='lat' dir='ltr'>De</span> <span class='ocrx_word' id='word_1_393' title='bbox 1282 1955 1377 1986; x_wconf 75' lang='lat' dir='ltr'>huius</span> <span class='ocrx_word' id='word_1_394' title='bbox 1410 1955 1552 1986; x_wconf 78' lang='lat' dir='ltr'>consulis</span> 
     </span>
     <span class='ocr_line' id='line_1_72' title="bbox 873 1998 1552 2029; baseline 0 -1"><span class='ocrx_word' id='word_1_395' title='bbox 873 1999 1004 2029; x_wconf 88' lang='lat' dir='ltr'>nomine</span> <span class='ocrx_word' id='word_1_396' title='bbox 1048 1999 1128 2028; x_wconf 86' lang='lat' dir='ltr'>mire</span> <span class='ocrx_word' id='word_1_397' title='bbox 1167 1998 1361 2028; x_wconf 81' lang='lat' dir='ltr'>dissentiunt</span> <span class='ocrx_word' id='word_1_398' title='bbox 1405 2002 1552 2028; x_wconf 73' lang='lat' dir='ltr'>auctores</span> 
     </span>
     <span class='ocr_line' id='line_1_73' title="bbox 874 2041 1552 2079; baseline 0 -10"><span class='ocrx_word' id='word_1_399' title='bbox 874 2041 996 2079; x_wconf 84' lang='lat' dir='ltr'>qnippe</span> <span class='ocrx_word' id='word_1_400' title='bbox 1020 2042 1040 2056; x_wconf 91' lang='grc'>“</span> <span class='ocrx_word' id='word_1_401' title='bbox 1053 2041 1104 2071; x_wconf 86' lang='lat' dir='ltr'>lex</span> <span class='ocrx_word' id='word_1_402' title='bbox 1121 2041 1162 2070; x_wconf 87' lang='lat' dir='ltr'>de</span> <span class='ocrx_word' id='word_1_403' title='bbox 1178 2041 1301 2070; x_wconf 81' lang='lat' dir='ltr'>multae</span> <span class='ocrx_word' id='word_1_404' title='bbox 1322 2042 1552 2070; x_wconf 80' lang='lat' dir='ltr'>sacramento”</span> 
     </span>
     <span class='ocr_line' id='line_1_74' title="bbox 874 2081 1552 2120; baseline -0.001 -9"><span class='ocrx_word' id='word_1_405' title='bbox 874 2081 923 2111; x_wconf 82' lang='lat' dir='ltr'>his</span> <span class='ocrx_word' id='word_1_406' title='bbox 948 2082 1134 2112; x_wconf 73' lang='lat' dir='ltr'>consulibus</span> <span class='ocrx_word' id='word_1_407' title='bbox 1162 2082 1287 2120; x_wconf 83' lang='lat' dir='ltr'>perlata</span> <span class='ocrx_word' id='word_1_408' title='bbox 1312 2086 1369 2111; x_wconf 77' lang='lat' dir='ltr'>est.</span> <span class='ocrx_word' id='word_1_409' title='bbox 1418 2081 1552 2119; x_wconf 67' lang='lat' dir='ltr'>Pighius</span> 
     </span>
     <span class='ocr_line' id='line_1_75' title="bbox 873 2123 1552 2162; baseline -0.001 -9"><span class='ocrx_word' id='word_1_410' title='bbox 873 2125 1028 2154; x_wconf 70' lang='lat' dir='ltr'>Aeterni«)</span> <span class='ocrx_word' id='word_1_411' title='bbox 1063 2125 1176 2162; x_wconf 81' lang='lat' dir='ltr'>probat</span> <span class='ocrx_word' id='word_1_412' title='bbox 1210 2127 1245 2153; x_wconf 80' lang='lat' dir='ltr'>ut</span> <span class='ocrx_word' id='word_1_413' title='bbox 1280 2123 1373 2153; x_wconf 83' lang='lat' dir='ltr'>codd.</span> <span class='ocrx_word' id='word_1_414' title='bbox 1406 2123 1552 2161; x_wconf 82' lang='lat' dir='ltr'>pluribus</span> 
     </span>
     <span class='ocr_line' id='line_1_76' title="bbox 874 2164 1549 2205; baseline -0.001 -10"><span class='ocrx_word' id='word_1_415' title='bbox 874 2166 1051 2201; x_wconf 75' lang='lat' dir='ltr'>firmatum,</span> <span class='ocrx_word' id='word_1_416' title='bbox 1067 2165 1216 2205; x_wconf 80' lang='lat' dir='ltr'>Sigonius</span> <span class='ocrx_word' id='word_1_417' title='bbox 1231 2169 1338 2195; x_wconf 84' lang='lat' dir='ltr'>autem</span> <span class='ocrx_word' id='word_1_418' title='bbox 1354 2164 1476 2196; x_wconf 72' lang='lat' dir='ltr'>Aterio.</span> <span class='ocrx_word' id='word_1_419' title='bbox 1511 2164 1549 2194; x_wconf 92' lang='lat' dir='ltr'>In</span> 
     </span>
     <span class='ocr_line' id='line_1_77' title="bbox 876 2206 1550 2245; baseline -0.001 -8"><span class='ocrx_word' id='word_1_420' title='bbox 876 2207 960 2238; x_wconf 88' lang='lat' dir='ltr'>l’lin.</span> <span class='ocrx_word' id='word_1_421' title='bbox 989 2207 1039 2237; x_wconf 79' lang='lat' dir='ltr'>vii.</span> <span class='ocrx_word' id='word_1_422' title='bbox 1064 2208 1112 2237; x_wconf 73' lang='lat'>28.</span> <span class='ocrx_word' id='word_1_423' title='bbox 1159 2208 1272 2238; x_wconf 68' lang='lat' dir='ltr'>Aterio</span> <span class='ocrx_word' id='word_1_424' title='bbox 1296 2206 1439 2245; x_wconf 77' lang='lat' dir='ltr'>reposuit</span> <span class='ocrx_word' id='word_1_425' title='bbox 1466 2206 1550 2238; x_wconf 80' lang='lat' dir='ltr'>llar-</span> 
     </span>
     <span class='ocr_line' id='line_1_78' title="bbox 873 2248 1550 2288; baseline -0.001 -8"><span class='ocrx_word' id='word_1_426' title='bbox 873 2250 1002 2286; x_wconf 68' lang='lat' dir='ltr'>dunum,</span> <span class='ocrx_word' id='word_1_427' title='bbox 1018 2249 1093 2280; x_wconf 87' lang='lat' dir='ltr'>licet</span> <span class='ocrx_word' id='word_1_428' title='bbox 1115 2259 1169 2279; x_wconf 77' lang='lat' dir='ltr'>sex</span> <span class='ocrx_word' id='word_1_429' title='bbox 1193 2248 1319 2279; x_wconf 73' lang='lat' dir='ltr'>codices</span> <span class='ocrx_word' id='word_1_430' title='bbox 1342 2259 1397 2288; x_wconf 83' lang='lat' dir='ltr'>pro</span> <span class='ocrx_word' id='word_1_431' title='bbox 1414 2250 1550 2279; x_wconf 68' lang='lat' dir='ltr'>Aternio</span> 
     </span>
     <span class='ocr_line' id='line_1_79' title="bbox 874 2290 1547 2331; baseline -0.001 -10"><span class='ocrx_word' id='word_1_432' title='bbox 874 2292 1006 2323; x_wconf 81' lang='lat' dir='ltr'>faciunt.</span> <span class='ocrx_word' id='word_1_433' title='bbox 1055 2293 1115 2331; x_wconf 79' lang='lat' dir='ltr'>Ap.</span> <span class='ocrx_word' id='word_1_434' title='bbox 1142 2290 1289 2322; x_wconf 86' lang='lat' dir='ltr'>Gellium</span> <span class='ocrx_word' id='word_1_435' title='bbox 1316 2290 1359 2321; x_wconf 84' lang='lat' dir='ltr'>xi.</span> <span class='ocrx_word' id='word_1_436' title='bbox 1390 2300 1413 2320; x_wconf 84' lang='lat'>1.</span> <span class='ocrx_word' id='word_1_437' title='bbox 1446 2290 1547 2328; x_wconf 67' lang='lat' dir='ltr'>legem</span> 
     </span>
     <span class='ocr_line' id='line_1_80' title="bbox 873 2332 1547 2373; baseline -0.003 -9"><span class='ocrx_word' id='word_1_438' title='bbox 873 2336 1043 2366; x_wconf 71' lang='lat' dir='ltr'>Aternium</span> <span class='ocrx_word' id='word_1_439' title='bbox 1060 2334 1091 2363; x_wconf 90' lang='lat' dir='ltr'>in</span> <span class='ocrx_word' id='word_1_440' title='bbox 1111 2333 1184 2373; x_wconf 78' lang='lat' dir='ltr'>plur</span> <span class='ocrx_word' id='word_1_441' title='bbox 1199 2333 1294 2364; x_wconf 78' lang='lat' dir='ltr'>MSS.</span> <span class='ocrx_word' id='word_1_442' title='bbox 1312 2332 1469 2371; x_wconf 73' lang='lat' dir='ltr'>legimns:</span> <span class='ocrx_word' id='word_1_443' title='bbox 1493 2333 1547 2362; x_wconf 71' lang='lat' dir='ltr'>sed</span> 
     </span>
     <span class='ocr_line' id='line_1_81' title="bbox 874 2374 1546 2413; baseline -0.004 -6"><span class='ocrx_word' id='word_1_444' title='bbox 874 2377 953 2407; x_wconf 82' lang='lat' dir='ltr'>haee</span> <span class='ocrx_word' id='word_1_445' title='bbox 976 2375 1084 2406; x_wconf 77' lang='lat' dir='ltr'>omnia</span> <span class='ocrx_word' id='word_1_446' title='bbox 1101 2375 1196 2406; x_wconf 69' lang='lat' dir='ltr'>missa</span> <span class='ocrx_word' id='word_1_447' title='bbox 1211 2374 1378 2411; x_wconf 67' lang='lat' dir='ltr'>tiu-inmun,</span> <span class='ocrx_word' id='word_1_448' title='bbox 1394 2374 1546 2413; x_wconf 84' lang='lat' dir='ltr'>quoniam</span> 
     </span>
     <span class='ocr_line' id='line_1_82' title="bbox 873 2416 1549 2457; baseline -0.001 -10"><span class='ocrx_word' id='word_1_449' title='bbox 873 2418 904 2448; x_wconf 91' lang='lat' dir='ltr'>in</span> <span class='ocrx_word' id='word_1_450' title='bbox 930 2419 999 2449; x_wconf 82' lang='lat' dir='ltr'>cod.</span> <span class='ocrx_word' id='word_1_451' title='bbox 1046 2418 1115 2449; x_wconf 82' lang='lat' dir='ltr'>Cic.</span> <span class='ocrx_word' id='word_1_452' title='bbox 1141 2418 1181 2447; x_wconf 79' lang='lat' dir='ltr'>de</span> <span class='ocrx_word' id='word_1_453' title='bbox 1207 2418 1290 2457; x_wconf 76' lang='lat' dir='ltr'>Rep.</span> <span class='ocrx_word' id='word_1_454' title='bbox 1308 2416 1338 2447; x_wconf 92' lang='lat' dir='ltr'>ii.</span> <span class='ocrx_word' id='word_1_455' title='bbox 1361 2425 1408 2455; x_wconf 79' lang='lat'>35.</span> <span class='ocrx_word' id='word_1_456' title='bbox 1433 2416 1549 2456; x_wconf 81' lang='lat' dir='ltr'>legitur</span> 
     </span>
     <span class='ocr_line' id='line_1_83' title="bbox 871 2458 1548 2499; baseline -0.004 -8"><span class='ocrx_word' id='word_1_457' title='bbox 871 2463 1040 2496; x_wconf 76' lang='lat' dir='ltr'>.·iterm&#39;us,</span> <span class='ocrx_word' id='word_1_458' title='bbox 1053 2470 1148 2499; x_wconf 79' lang='lat' dir='ltr'>qnam</span> <span class='ocrx_word' id='word_1_459' title='bbox 1168 2459 1338 2489; x_wconf 83' lang='lat' dir='ltr'>lectionem</span> <span class='ocrx_word' id='word_1_460' title='bbox 1356 2458 1548 2488; x_wconf 80' lang='lat' dir='ltr'>confirmant</span> 
     </span>
     <span class='ocr_line' id='line_1_84' title="bbox 872 2500 1548 2540; baseline -0.006 -7"><span class='ocrx_word' id='word_1_461' title='bbox 872 2504 1049 2540; x_wconf 72' lang='lat' dir='ltr'>fragmenta</span> <span class='ocrx_word' id='word_1_462' title='bbox 1080 2501 1164 2532; x_wconf 49' lang='lat' dir='ltr'>Fun.</span> <span class='ocrx_word' id='word_1_463' title='bbox 1191 2501 1299 2540; x_wconf 74' lang='lat' dir='ltr'>Capit.</span> <span class='ocrx_word' id='word_1_464' title='bbox 1325 2511 1343 2530; x_wconf 80' lang='grc' dir='ltr'><strong><em>η</em></strong></span> <span class='ocrx_word' id='word_1_465' title='bbox 1371 2500 1548 2539; x_wconf 66' lang='lat' dir='ltr'>Borghesi«)</span> 
     </span>
     <span class='ocr_line' id='line_1_85' title="bbox 871 2543 1548 2576; baseline -0.001 -2"><span class='ocrx_word' id='word_1_466' title='bbox 871 2545 968 2576; x_wconf 78' lang='lat' dir='ltr'>edita.</span> <span class='ocrx_word' id='word_1_467' title='bbox 1020 2545 1070 2574; x_wconf 82' lang='lat' dir='ltr'>De</span> <span class='ocrx_word' id='word_1_468' title='bbox 1099 2544 1159 2574; x_wconf 88' lang='lat' dir='ltr'>hoc</span> <span class='ocrx_word' id='word_1_469' title='bbox 1189 2543 1319 2573; x_wconf 88' lang='lat' dir='ltr'>nomine</span> <span class='ocrx_word' id='word_1_470' title='bbox 1350 2553 1444 2572; x_wconf 77' lang='lat' dir='ltr'>nenio</span> <span class='ocrx_word' id='word_1_471' title='bbox 1475 2543 1548 2573; x_wconf 86' lang='lat' dir='ltr'>doc-</span> 
     </span>
     <span class='ocr_line' id='line_1_86' title="bbox 872 2584 1547 2624; baseline -0.003 -8"><span class='ocrx_word' id='word_1_472' title='bbox 872 2587 936 2616; x_wconf 74' lang='lat' dir='ltr'>tius</span> <span class='ocrx_word' id='word_1_473' title='bbox 966 2586 1113 2617; x_wconf 69' lang='lat' dir='ltr'>disseruit</span> <span class='ocrx_word' id='word_1_474' title='bbox 1145 2595 1240 2624; x_wconf 76' lang='lat' dir='ltr'>quam</span> <span class='ocrx_word' id='word_1_475' title='bbox 1280 2585 1393 2614; x_wconf 75' lang='lat' dir='ltr'>harum</span> <span class='ocrx_word' id='word_1_476' title='bbox 1433 2584 1547 2614; x_wconf 79' lang='lat' dir='ltr'>doetri-</span> 
     </span>
     <span class='ocr_line' id='line_1_87' title="bbox 872 2625 1547 2665; baseline -0.003 -6"><span class='ocrx_word' id='word_1_477' title='bbox 872 2639 982 2659; x_wconf 84' lang='lat' dir='ltr'>narum</span> <span class='ocrx_word' id='word_1_478' title='bbox 1035 2627 1184 2665; x_wconf 67' lang='lat' dir='ltr'>magister</span> <span class='ocrx_word' id='word_1_479' title='bbox 1234 2626 1288 2656; x_wconf 81' lang='lat' dir='ltr'>illc</span> <span class='ocrx_word' id='word_1_480' title='bbox 1343 2625 1547 2663; x_wconf 50' lang='lat' dir='ltr'>numiui-nius.</span> 
     </span>
     <span class='ocr_line' id='line_1_88' title="bbox 875 2669 1546 2708; baseline -0.006 -7"><span class='ocrx_word' id='word_1_481' title='bbox 875 2671 992 2708; x_wconf 68' lang='lat' dir='ltr'>Legem</span> <span class='ocrx_word' id='word_1_482' title='bbox 1015 2670 1097 2700; x_wconf 76' lang='lat' dir='ltr'>lianc</span> <span class='ocrx_word' id='word_1_483' title='bbox 1114 2671 1154 2699; x_wconf 76' lang='lat' dir='ltr'>de</span> <span class='ocrx_word' id='word_1_484' title='bbox 1178 2669 1287 2698; x_wconf 66' lang='lat' dir='ltr'>inultis</span> <span class='ocrx_word' id='word_1_485' title='bbox 1306 2670 1475 2707; x_wconf 77' lang='lat' dir='ltr'>Tarpeiam</span> <span class='ocrx_word' id='word_1_486' title='bbox 1492 2679 1546 2708; x_wconf 81' lang='lat' dir='ltr'>np-</span> 
     </span>
     <span class='ocr_line' id='line_1_89' title="bbox 875 2711 1546 2751; baseline 0 -9"><span class='ocrx_word' id='word_1_487' title='bbox 875 2713 973 2751; x_wconf 77' lang='lat' dir='ltr'>pellat</span> <span class='ocrx_word' id='word_1_488' title='bbox 1016 2712 1129 2741; x_wconf 64' lang='lat' dir='ltr'>Festus</span> <span class='ocrx_word' id='word_1_489' title='bbox 1176 2711 1204 2740; x_wconf 89' lang='lat' dir='ltr'>in</span> <span class='ocrx_word' id='word_1_490' title='bbox 1247 2720 1312 2740; x_wconf 71' lang='lat' dir='ltr'>mc.</span> <span class='ocrx_word' id='word_1_491' title='bbox 1361 2712 1546 2742; x_wconf 71' lang='lat' dir='ltr'>I&#39;cculatus.</span> 
     </span>
     <span class='ocr_line' id='line_1_90' title="bbox 875 2751 1546 2792; baseline 0 -9"><span class='ocrx_word' id='word_1_492' title='bbox 875 2755 1045 2784; x_wconf 57' lang='lat' dir='ltr'>:tter-nium</span> <span class='ocrx_word' id='word_1_493' title='bbox 1064 2753 1199 2792; x_wconf 79' lang='lat' dir='ltr'>probunt</span> <span class='ocrx_word' id='word_1_494' title='bbox 1215 2751 1350 2783; x_wconf 73' lang='lat' dir='ltr'>Nicbhr.</span> <span class='ocrx_word' id='word_1_495' title='bbox 1365 2756 1394 2782; x_wconf 83' lang='lat' dir='ltr'>ot</span> <span class='ocrx_word' id='word_1_496' title='bbox 1414 2753 1546 2784; x_wconf 78' lang='lat' dir='ltr'>Amold.</span> 
     </span>
    </p>

    <p class='ocr_par' dir='ltr' id='par_1_32' title="bbox 875 2794 1547 2952">
     <span class='ocr_line' id='line_1_91' title="bbox 917 2794 1546 2832; baseline 0.002 -8"><span class='ocrx_word' id='word_1_497' title='bbox 917 2799 936 2824; x_wconf 67' lang='lat'>8</span> <span class='ocrx_word' id='word_1_498' title='bbox 954 2796 1311 2832; x_wconf 74' lang='lat' dir='ltr'>(&#39;‚(&#39;lnndu&#39;o(&#39;iceroncl</span> <span class='ocrx_word' id='word_1_499' title='bbox 1333 2794 1511 2825; x_wconf 77' lang='lat' dir='ltr'>Romilium</span> <span class='ocrx_word' id='word_1_500' title='bbox 1529 2807 1546 2825; x_wconf 87' lang='lat' dir='ltr'>n</span> 
     </span>
     <span class='ocr_line' id='line_1_92' title="bbox 875 2836 1545 2876; baseline 0 -9"><span class='ocrx_word' id='word_1_501' title='bbox 875 2837 980 2867; x_wconf 79' lang='lat' dir='ltr'>Siccin</span> <span class='ocrx_word' id='word_1_502' title='bbox 999 2837 1153 2871; x_wconf 77' lang='lat' dir='ltr'>Dentato,</span> <span class='ocrx_word' id='word_1_503' title='bbox 1169 2846 1265 2875; x_wconf 81' lang='lat' dir='ltr'>quem</span> <span class='ocrx_word' id='word_1_504' title='bbox 1283 2837 1372 2866; x_wconf 73' lang='lat' dir='ltr'>favor</span> <span class='ocrx_word' id='word_1_505' title='bbox 1389 2836 1490 2876; x_wconf 68' lang='lat' dir='ltr'>plebis</span> <span class='ocrx_word' id='word_1_506' title='bbox 1506 2838 1545 2867; x_wconf 80' lang='lat' dir='ltr'>nd</span> 
     </span>
     <span class='ocr_line' id='line_1_93' title="bbox 875 2879 1547 2914; baseline 0 -5"><span class='ocrx_word' id='word_1_507' title='bbox 875 2879 1072 2911; x_wconf 77' lang='lat' dir='ltr'>tribunatum</span> <span class='ocrx_word' id='word_1_508' title='bbox 1095 2883 1257 2914; x_wconf 78' lang='lat' dir='ltr'>evexerat,</span> <span class='ocrx_word' id='word_1_509' title='bbox 1271 2884 1456 2909; x_wconf 69' lang='lat' dir='ltr'>accusatum</span> <span class='ocrx_word' id='word_1_510' title='bbox 1480 2889 1547 2909; x_wconf 72' lang='lat' dir='ltr'>esse</span> 
     </span>
     <span class='ocr_line' id='line_1_94' title="bbox 877 2921 1518 2952; baseline 0.002 -1"><span class='ocrx_word' id='word_1_511' title='bbox 877 2921 973 2952; x_wconf 83' lang='lat' dir='ltr'>Dion.</span> <span class='ocrx_word' id='word_1_512' title='bbox 991 2927 1022 2952; x_wconf 83' lang='lat' dir='ltr'>et</span> <span class='ocrx_word' id='word_1_513' title='bbox 1042 2921 1125 2952; x_wconf 84' lang='lat' dir='ltr'>Plin.</span> <span class='ocrx_word' id='word_1_514' title='bbox 1142 2926 1288 2952; x_wconf 70' lang='lat' dir='ltr'>auctores</span> <span class='ocrx_word' id='word_1_515' title='bbox 1303 2926 1386 2952; x_wconf 78' lang='lat' dir='ltr'>sunt.</span> <span class='ocrx_word' id='word_1_516' title='bbox 1412 2922 1518 2952; x_wconf 63' lang='lat' dir='ltr'>Cum.</span> 
     </span>
    </p>
   </div>
   <div class='ocr_carea' id='block_1_30' title="bbox 1239 2965 1315 3003">
    <p class='ocr_par' dir='ltr' id='par_1_33' title="bbox 1239 2965 1315 3003">
     <span class='ocr_line' id='line_1_95' title="bbox 1239 2965 1315 3003; baseline 0.013 -1"><span class='ocrx_word' id='word_1_517' title='bbox 1239 2965 1315 3003; x_wconf 76' lang='grc' dir='ltr'>Ν2</span> 
     </span>
    </p>
   </div>
   <div class='ocr_carea' id='block_1_31' title="bbox 1445 617 1682 661">
    <p class='ocr_par' dir='ltr' id='par_1_34' title="bbox 1445 617 1682 661">
     <span class='ocr_line' id='line_1_96' title="bbox 1445 617 1682 661; baseline 0.004 -13"><span class='ocrx_word' id='word_1_518' title='bbox 1445 619 1553 661; x_wconf 75' lang='lat' dir='ltr'>Eam</span> <span class='ocrx_word' id='word_1_519' title='bbox 1566 617 1682 657; x_wconf 84' lang='lat' dir='ltr'>Aequi.</span> 
     </span>
    </p>
   </div>
   <div class='ocr_carea' id='block_1_32' title="bbox 1563 857 1763 1024">
    <p class='ocr_par' dir='ltr' id='par_1_35' title="bbox 1563 857 1754 982">
     <span class='ocr_line' id='line_1_97' title="bbox 1564 857 1753 897; baseline 0 -8"><span class='ocrx_word' id='word_1_520' title='bbox 1564 857 1608 889; x_wconf 91' lang='lat' dir='ltr'>U.</span> <span class='ocrx_word' id='word_1_521' title='bbox 1626 858 1664 889; x_wconf 92' lang='lat' dir='ltr'>C.</span> <span class='ocrx_word' id='word_1_522' title='bbox 1683 868 1753 897; x_wconf 83' lang='lat'>300.</span> 
     </span>
     <span class='ocr_line' id='line_1_98' title="bbox 1563 899 1754 940; baseline 0.01 -10"><span class='ocrx_word' id='word_1_523' title='bbox 1563 900 1602 930; x_wconf 86' lang='lat' dir='ltr'>A.</span> <span class='ocrx_word' id='word_1_524' title='bbox 1627 899 1664 931; x_wconf 86' lang='lat' dir='ltr'>C.</span> <span class='ocrx_word' id='word_1_525' title='bbox 1683 910 1754 940; x_wconf 78' lang='lat'>452.</span> 
     </span>
     <span class='ocr_line' id='line_1_99' title="bbox 1563 942 1715 982; baseline -0.007 -9"><span class='ocrx_word' id='word_1_526' title='bbox 1563 942 1618 982; x_wconf 91' lang='lat' dir='ltr'>Sp.</span> <span class='ocrx_word' id='word_1_527' title='bbox 1636 942 1715 973; x_wconf 86' lang='lat' dir='ltr'>Tar-</span> 
     </span>
    </p>

    <p class='ocr_par' dir='ltr' id='par_1_36' title="bbox 1563 984 1763 1024">
     <span class='ocr_line' id='line_1_100' title="bbox 1563 984 1763 1024; baseline 0.005 -9"><span class='ocrx_word' id='word_1_528' title='bbox 1563 984 1649 1024; x_wconf 78' lang='lat' dir='ltr'>peio,</span> <span class='ocrx_word' id='word_1_529' title='bbox 1665 986 1703 1015; x_wconf 91' lang='lat' dir='ltr'>A.</span> <span class='ocrx_word' id='word_1_530' title='bbox 1722 986 1763 1016; x_wconf 86' lang='grc' dir='ltr'>Α-</span> 
     </span>
    </p>
   </div>
  </div>
 </body>
</html>
