1934 3211
552 185 679 227 LIB.
714 184 791 226 IV.
838 184 986 226 CAP.
1021 188 1087 226 31.

121 280 330 322 exercitus
349 278 629 325 mitterentur,
651 274 799 331 religio
820 274 1003 316 obstitit:
1037 273 1198 315 fetiales
1218 273 1335 329 prius
1356 274 1528 315 mitten·
1542 284 1585 317 U.
1604 286 1642 317 C.
1661 286 1732 325 328.

120 336 196 378 dos
225 336 280 377 ad
309 350 374 377 res
404 333 655 391 repetendas
682 347 896 374 censuere.

1444 186 1525 227 257

119 393 208 434 acie
229 392 477 434 dimicatum
497 391 552 432 ad
569 390 834 432 Nomentum
856 397 899 431 et
920 388 1102 430 Fidenas
1122 388 1282 429 fuerat:
1315 387 1528 429 indutiae-

119 465 203 505 que
231 450 346 500 inde,
371 465 459 491 non
486 463 583 505 pair,
605 447 736 489 facta:
771 461 950 503 quarum
977 455 1021 488 et
1051 446 1142 488 djes
1166 445 1339 495 exierat,
1360 453 1404 486 et
1429 453 1525 486 ante

86 525 108 553 4
118 507 233 548 diem
271 507 585 549 rebellaverant.

665 505 787 546 Missi
827 513 969 546 tamen
1008 503 1169 545 fetiales
1183 520 1191 544 :

1243 517 1325 544 nec
1364 517 1525 552 eorum,

119 579 252 620 quum
273 580 388 607 more
410 573 578 621 patrum
598 563 724 604 iurati
744 570 987 618 repeterent
1006 577 1084 611 res,
1102 561 1230 602 verba
1249 568 1349 601 sunt
1369 559 1524 601 audjta.

121 621 423 665 Controversia
442 621 543 663 inde
564 621 656 670 fuit,
679 629 822 662 utrum
842 619 991 676 populi
1019 619 1136 660 iussu
1155 618 1415 659 indiceretur
1438 617 1528 658 bel·
1539 627 1737 700 {efflentilyus

1562 680 1579 700 Ε
1609 681 1665 701 um
1680 682 1727 702 ln-

117 678 220 730 lum,
252 695 307 721 an
342 680 441 721 satis
471 687 580 721 esset
609 676 1030 719 senatusconsultum.
1093 676 1315 718 Pervicere
1352 675 1525 725 tribuni,

118 736 416 779 denuntiando
437 736 714 792 impedituros
742 750 784 777 se
806 735 1033 784 delectum,
1055 743 1104 775 ut
1128 733 1320 776 consules
1340 733 1394 774 de
1415 731 1526 774 bello

87 794 173 836 5ad
211 794 421 851 populum
459 795 628 835 ferrent.

694 792 856 835 Omnes
897 788 1110 833 centuriae
1152 791 1319 832 iussere.

1382 789 1436 831 In
1475 805 1526 832 eo

118 867 290 908 quoque
322 852 441 908 plebs
481 850 671 907 superior
702 850 795 899 fuit,
830 849 947 905 quod
980 848 1130 898 tenuit,
1165 863 1219 889 ne
1254 847 1446 890 consules
1481 847 1526 888 in

117 910 359 965 proximum
380 923 540 950 annum
561 916 812 950 crearentur.

177 967 359 1008 Tribuni
380 966 564 1007 militum
587 964 795 1007 consulari
815 972 1021 1020 potestate
1043 972 1244 1020 quattuor
1264 963 1392 1005 creati
1414 970 1525 1012 sunt,

117 1081 239 1132 mius,
269 1082 324 1122 A.
347 1080 574 1123 Cornelius
602 1079 770 1122 Cossus.

116 1253 259 1296 dendo
287 1254 341 1295 ad
368 1269 444 1294 sua
471 1254 651 1310 quisque
683 1252 868 1302 consilia,
895 1267 1028 1308 quum
1057 1251 1172 1292 aliud
1200 1251 1270 1292 alii
1299 1251 1525 1300 videretur,

117 1320 375 1368 aperuerunt
395 1310 449 1352 ad
470 1311 734 1352 occasionem
755 1310 895 1351 locum
923 1309 1045 1351 hosti.

1110 1308 1320 1350 Incertam
1341 1323 1524 1364 namque

116 1369 264 1420 aciem,
286 1369 454 1423 signum
482 1368 572 1409 aliis
603 1368 706 1417 dari,
725 1367 914 1424 receptui
942 1367 1032 1408 aliis
1060 1366 1155 1408 cani
1182 1365 1438 1414 iubentibus,
1460 1365 1526 1405 in-

118 1441 260 1468 vasere
293 1434 534 1483 opportune
564 1425 791 1467 Veientes:
825 1434 960 1466 castra
988 1424 1229 1480 propinqua
1259 1423 1447 1464 turbatos
1477 1437 1525 1463 ac
1540 1427 1581 1458 In
1598 1433 1703 1460 castra

753 1481 856 1524 Plus
897 1482 1040 1537 itaque
1081 1480 1354 1536 ignominiae,
1397 1494 1525 1536 quam

690 1539 857 1581 Maesta
888 1539 1034 1580 civitas
1064 1537 1156 1588 fuit,
1188 1537 1301 1579 vinei
1331 1538 1677 1588 insuetazentjbus.

119 1493 237 1539 terga
277 1484 426 1526 dantes
466 1498 677 1539 accepere.

117 1541 260 1591 cladis,
297 1550 360 1583 est
394 1550 626 1597 acceptum.

119 1599 255 1640 odisse
273 1599 475 1649 tribunos,
490 1613 661 1655 poscere
679 1597 941 1646 dictatorem,
959 1596 1005 1637 in
1025 1611 1076 1638 eo
1092 1596 1200 1637 verti
1217 1610 1311 1652 spes
1331 1595 1522 1636 civitatis.

89 1665 106 1697 7
121 1656 179 1698 Et
198 1671 331 1713 quum
353 1656 410 1698 ibi
433 1670 602 1712 quoque
628 1655 774 1711 religio
796 1655 991 1704 obstaret,
1013 1669 1068 1695 ne
1094 1668 1182 1695 non
1209 1660 1352 1709 posset
1371 1652 1452 1694 nisi
1473 1654 1525 1694 ab

117 1714 289 1756 consule
310 1713 395 1756 dici
423 1714 615 1763 dictator,
645 1727 825 1769 augures
852 1711 1033 1754 consulti
1054 1726 1147 1753 eam
1176 1711 1423 1766 religionem
1452 1725 1525 1752 ex-

117 1787 269 1814 eluere.

87 1837 162 1871 8et
188 1829 276 1886 ipse
307 1829 359 1870 ab
390 1844 441 1871 eo
471 1829 670 1885 magister
700 1828 894 1884 equitum
922 1837 986 1869 est
1015 1827 1165 1868 dictus.

332 1771 386 1813 A.
413 1770 639 1813 Cornelius
671 1770 920 1812 dictatorem
962 1769 1094 1811 Mam.
1119 1768 1354 1810 Aemilium
1390 1768 1726 1809 dixit2Mamercus

1229 1826 1369 1875 Adeo,
1401 1825 1525 1866 Simul
1539 1818 1701 1892 flll‘c‘zitlgps

118 1887 287 1928 fortuna
314 1887 492 1929 civitatis
520 1886 674 1928 virtute
700 1901 798 1927 vera
828 1885 957 1941 eguit,
980 1884 1088 1926 nihil
1119 1884 1309 1926 censoria
1337 1883 1525 1924 animad-

86 1945 254 1991 9versio
274 1945 428 1994 effecit,
450 1960 536 2000 quo
565 1944 704 1985 minus
733 1943 922 1999 regimen
944 1957 1084 1984 rerum
1105 1957 1160 1984 ex
1188 1949 1334 1983 notata
1353 1940 1527 1996 indigne

119 2002 248 2044 domo
274 2010 500 2058 peteretur.
565 2001 781 2049 Veientes,
805 2015 849 2041 re
871 2000 1058 2041 secunda
1077 1999 1189 2048 elati,
1213 1999 1347 2039 missis
1368 1999 1526 2039 circum

123 2059 318 2101 Etruriae
347 2059 526 2116 populos
555 2057 715 2114 legatiS,
738 2057 934 2098 iactando
956 2066 1040 2098 tres
1067 2056 1197 2097 duces
1228 2056 1444 2096 Romanos
1476 2056 1527 2095 ab

119 2131 164 2158 se
194 2131 282 2158 uno
310 2116 473 2172 proelio
498 2115 623 2165 quOS,
653 2129 786 2170 quum
813 2123 954 2155 tamen
983 2113 1142 2154 nullam
1174 2112 1333 2168 publici
1364 2111 1525 2153 consilii

165 2275 184 2302 4
208 2264 306 2294 Missi
328 2267 434 2293 tamen
456 2262 607 2301 fetiales]
640 2261 734 2296 Quos
757 2260 802 2291 in-

126 2306 280 2338 terfectos
294 2304 391 2335 fuisse
406 2304 516 2335 scribit
534 2303 668 2334 Diodor.
686 2303 738 2333 xii.
753 2304 802 2333 80.

166 2357 183 2388 5
209 2350 326 2379 Omnes
349 2349 518 2379 centuriae
541 2347 680 2385 iussere]
715 2346 801 2376 Red-

124 2391 212 2422 ditur
235 2390 297 2421 ium
323 2389 475 2420 centuriis
498 2389 575 2419 belli
598 2393 629 2419 ct
653 2388 740 2428 pacis
755 2398 801 2417 ar-

122 2433 273 2464 bitrium:
306 2433 425 2463 exinde
454 2433 488 2462 fit
512 2436 547 2462 ut
571 2431 690 2462 tribuni
715 2431 801 2461 delo-

123 2476 190 2507 ctui
206 2486 270 2506 non
287 2475 429 2515 amplius
444 2474 635 2514 impediant.

166 2517 186 2547 6
218 2519 252 2548 T.
270 2519 442 2555 Quinctius
464 2519 602 2548 Pennus
622 2527 663 2547 ex
689 2526 800 2546 consu-

123 2561 211 2597 latu]
249 2559 288 2591 Τ.
304 2559 493 2596 Quinctius,
516 2570 579 2589 non
603 2568 689 2588 anno
713 2568 805 2597 supc-

124 2603 219 2638 riorc,
242 2603 297 2632 sed
323 2602 452 2632 biennio
468 2606 544 2632 unte
569 2602 680 2631 consul
709 2601 806 2630 fuisse

125 2649 322 2675 mummi-ntus
338 2649 394 2674 est.
438 2645 553 2682 ltaque
572 2644 620 2674 vel
639 2644 700 2673 line
712 2652 805 2673 voces

123 2699 164 2719 m·
180 2688 349 2717 consulatu
367 2687 526 2716 delendae
542 2690 628 2722 nunt,
645 2686 693 2715 vel
713 2685 804 2715 intel-

127 2730 290 2767 ligendum
308 2734 353 2758 est
372 2728 411 2759 ¹1¹.
428 2728 635 2764 Quinctium,
651 2729 807 2757 alterutro

125 2783 166 2802 cx
192 2771 350 2812 prioribus
373 2771 561 2801 consulibua
583 2775 723 2805 mortun,
744 2770 806 2799 suf-

127 2815 249 2845 fectum
268 2814 433 2844 consulem
452 2812 581 2842 tertium
600 2812 705 2842 fuisue.
729 2813 791 2842 (Ὶι.

173 2866 189 2897 7
214 2859 266 2888 Ne
292 2867 356 2886 mm
383 2857 502 2896 posset]
548 2855 643 2885 nnnc
670 2853 803 2893 scriptu-

127 2909 208 2936 ram,
238 2909 321 2938 quac
359 2909 379 2929 u
417 2897 547 2935 Sigania
585 2901 645 2931 cst,
675 2901 807 2926 tuentur

127 2942 238 2981 scripti
255 2951 368 2972 omncs
384 2940 492 2972 nostri.
528 2939 681 2971 Libenter
696 2943 804 2969 tamen

188 2997 284 3024 VOL.
310 2997 335 3023 1.

849 2270 922 2290 cum
947 2258 1113 2290 Gronovio
1137 2258 1320 2288 doleremus
1346 2268 1419 2288 non.
1467 2258 1525 2288 Ob-

848 2307 959 2339 staret,
975 2313 1016 2332 ne
1036 2307 1141 2341 posset
1159 2302 1221 2332 dici
1243 2301 1328 2331 idem
1352 2305 1400 2330 est
1422 2310 1460 2330 uc
1477 2311 1525 2330 vc-

848 2350 932 2376 taret
948 2346 1020 2375 dici.
1045 2346 1153 2375 (Jurtv.

891 2389 910 2417 8
935 2389 1097 2426 ΛΙαῃίεΙΡν
1112 2387 1272 2427 equitnm]
1302 2385 1341 2415 In
1363 2385 1450 2415 hunc
1471 2395 1525 2414 un-

847 2440 923 2460 num
947 2429 1110 2459 victoriam
1130 2429 1221 2459 Cossi
1245 2428 1453 2458 reficiendum
1479 2438 1524 2456 es-

845 2483 878 2504 se
897 2472 1017 2503 Fabius
1034 2477 1138 2511 punit,
1155 2471 1186 2501 in
1203 2481 1267 2510 quo
1283 2476 1316 2500 ut
1340 2471 1527 2509 pruefi‘clus

846 2516 947 2552 urbis,
964 2515 1086 2554 quippe
1113 2513 1181 2544 urbi
1208 2513 1382 2553 praefuisse
1398 2512 1527 2547 dicitur,

851 2562 881 2588 ct
911 2559 1061 2596 nmyister
1086 2557 1228 2597 equitum
1259 2565 1392 2585 munera
1417 2554 1527 2584 omnin

851 2599 1031 2630 consularia
1053 2600 1298 2638 exst-quclmtur.
1344 2597 1475 2627 'situlus
1491 2596 1525 2626 ἰΙ-

851 2644 892 2678 le,
915 2643 1072 2672 consulem
1104 2643 1223 2680 cepisse·
1251 2642 1393 2674 (im-suin,
1417 2638 1528 2678 spoliis

851 2684 1034 2724 inscriptus,
1063 2694 1100 2713 οτι
1133 2687 1201 2722 post
1230 2693 1305 2713 nnn.
1335 2691 1394 2721 327
1422 2681 1462 2712 U.
1488 2683 1526 2712 G.

851 2732 948 2766 captu
965 2727 1060 2756 suia-w
1077 2725 1189 2763 urmiit.

895 2781 914 2809 ι)
939 2770 1075 2808 lasti-cit}
1111 2767 1232 2798 Melius
1256 2768 1387 2797 fortame
1411 2767 1526 2805 legere-

852 2821 924 2840 mun
954 2821 1027 2841 cum
1056 2810 1140 2841 Tun.
1170 2810 1273 2840 Fnbro
1304 2815 1335 2840 et
1364 2808 1529 2840 (imum-in

850 2854 964 2893 (effi-rit.
982 2855 1089 2884 (Ὶυῑν.
1118 2854 1235 2892 (Ιῃὶόὁι
1252 2853 1283 2882 in
1301 2856 1425 2882 textum
1445 2861 1526 2881 rece<

853 2896 899 2935 pit
919 2895 1057 2926 Bckkcr.

1280 2994 1299 3019 S

963 330 1076 373 Cum
1107 329 1362 372 Veientibus
1391 346 1529 386 nuper
1541 328 1579 359 A.
1605 329 1642 360 C.
1661 337 1733 367 4²4·

1540 712 1674 746 dictum.

85 1023 170 1066 6T.
199 1023 429 1072 Quinctius
456 1024 632 1065 Pennus
659 1038 713 1064 ex
745 1021 980 1071 consulatu,
1013 1020 1063 1063 C.
1090 1020 1253 1071 Furius,
1287 1020 1350 1062 Μ.
1374 1021 1528 1062 Postu·
1541 1015 1586 1047 U·
1603 1016 1641 1047 C.
1661 1026 1733 1059 3²9·

834 1079 903 1120 Ex
930 1079 981 1121 iis
1012 1078 1169 1120 Cossus
1198 1078 1379 1135 praefuit
1408 1077 1524 1119 urbi:

118 1148 213 1189 tres,
250 1138 420 1180 delectu
454 1138 612 1188 habito,
649 1137 826 1194 profecti
866 1145 965 1178 sunt
1005 1135 1148 1187 Veios,
1183 1137 1525 1191 documentoque
1539 1143 1747 1181 ctio‚etc.Tr.

116 1195 246 1246 suere,
279 1211 408 1253 quam
438 1196 624 1253 plurium
654 1195 880 1251 imperium
910 1194 1021 1236 bello
1048 1193 1199 1235 inutile
1225 1202 1346 1235 esset.

1541 1059 1580 1089 A.
1602 1059 1641 1090 C.
1659 1069 1731 1100 423.

1540 1101 1580 1132 T.
1595 1101 1700 1137 Quin-

1409 1193 1527 1234 Ten,
1540 1186 1614 1218 Mn.

1542 1472 1702 1511 compulsi

1539 1514 1638 1545 Rom.
1646 1515 1745 1546 aVei·
