1934 3211
199 587 340 635 Romani

200 635 345 663 Victore&

270 925 336 963 28.

412 203 464 241 34
920 202 1066 244 ΤΙΤΙ
1109 203 1285 246 LIVII

411 290 550 332 hostes
574 290 741 331 transit.
775 299 816 332 et
849 291 1092 333 audiverant
1116 292 1226 334 clara
1248 308 1349 334 voce
1377 292 1550 343 dictum,
1571 300 1614 334 et
1641 307 1790 349 magna

412 362 505 404 pars
543 346 820 398 Fidenatium,
857 358 903 390 ut
942 350 1014 405 qui
1054 349 1190 391 coloni
1230 350 1361 391 additi
1398 349 1599 392 Romanis
1638 359 1788 399 essent,
1803 362 1821 394 3

413 405 565 447 Latine
605 405 801 447 sciebant.
863 406 1025 463 Itaque,
1059 423 1113 449 ne
1148 408 1285 450 subito
1317 423 1370 449 ex
1402 407 1575 449 collibus
1614 407 1792 449 decursu

414 463 674 505 Albanorum
719 463 1097 506 intercluderentur
1146 466 1197 507 ab
1244 465 1411 522 oppido,
1452 473 1567 530 terga
1609 473 1788 506 vertunt.

414 520 549 563 Instat
587 520 750 571 Tullus,
789 522 964 578 fusoque
1000 522 1265 564 Fidenatium
1300 537 1441 572 cornu,
1475 538 1521 563 m
1551 521 1790 572 Veientem,

414 578 550 620 alieno
583 593 733 634 pavore
765 579 1015 636 perculsum,
1050 580 1225 622 ferocior
1258 579 1377 621 redit.
1440 579 1534 621 Nec
1565 579 1627 620 1111
1658 579 1791 620 1111616

414 636 642 692 impetum:
685 636 758 678 sed
792 637 843 678 ab
875 637 1004 678 effusa
1039 636 1134 693 fuga
1167 638 1323 679 flumen
1363 637 1573 678 obiectum
1613 651 1638 677 a
1675 644 1792 692 tergo

414 694 589 736 arcebat.
655 692 753 742 Quo
784 702 1004 759 postquam
1033 694 1131 750 fuga
1160 694 1387 744 inclinavit,
1419 694 1501 744 alii,
1527 708 1641 735 arma
1670 692 1792 735 foede

414 751 626 817 iactantes,
648 751 693 792 111
713 766 863 807 aquam
888 752 999 792 caeci
1019 753 1215 794 ruebant:
1249 752 1330 802 alii,
1352 751 1454 792 dum
1481 759 1729 792 cunctantur
1747 750 1793 791 in

414 808 527 865 ripis,
553 808 662 850 inter
686 808 808 865 fugae
832 823 1081 874 pugnaeque
1105 809 1324 851 consilium
1349 809 1542 866 oppressi.
1591 807 1694 850 Non
1714 807 1794 850 alia

415 874 511 907 ante
534 865 726 907 Romana
744 881 886 922 pugna
905 866 1080 907 atrocior
1098 866 1187 908 11111.

473 923 585 964 Tum
610 922 800 964 Albanus
828 924 1046 973 exercitus,
1073 932 1279 981 spectator
1307 924 1555 974 certaminis,
1587 922 1793 965 deductus

413 981 459 1022 in
498 995 676 1036 campos
757 980 918 1022 Mettus
961 981 1088 1023 Tullo
1130 982 1316 1023 devictos
1354 982 1492 1023 hostes
1535 979 1790 1037 gratulatur·

414 1048 558 1080 contra
593 1037 741 1079 Tullus
777 1038 962 1080 Mettum
995 1039 1176 1096 benigne
1211 1039 1446 1105 alloquitur.
1523 1037 1651 1087 Quod
1684 1038 1792 1079 bene

414 1104 558 1145 vertat,
601 1107 733 1137 castra
771 1095 959 1137 Albanos
1006 1095 1208 1137 Romanis
1248 1097 1389 1138 castris
1428 1097 1601 1153 iungere
1647 1095 1789 1136 iubet:

412 1153 659 1195 sacrificium
684 1152 852 1194 lustrale
884 1153 929 1193 in
963 1153 1075 1194 diem
1106 1162 1318 1209 posterum
1344 1162 1471 1218 parat.
1534 1153 1621 1195 Ubi
1640 1152 1791 1202 illuxit,
1805 1170 1825 1198 4

413 1210 565 1267 paratis
586 1210 790 1260 omnibus,
812 1219 860 1252 111
879 1210 1039 1260 assolet,
1067 1211 1205 1252 vocari
1226 1211 1278 1252 ad
1299 1226 1544 1252 conelonem
1567 1219 1793 1276 utrumque

414 1268 645 1310 exercitum
690 1268 816 1309 iubet.
889 1268 1134 1318 Praecones,
1171 1270 1224 1310 ab
1271 1276 1458 1310 extremo
1504 1267 1599 1333 orsi,
1639 1267 1794 1324 primos

413 1326 602 1368 excivere
634 1325 832 1367 Albanos.
895 1325 968 1376 Hi,
990 1326 1173 1368 novitate
1202 1326 1327 1367 etiam
1351 1325 1412 1366 rei
1439 1325 1555 1375 moti,
1578 1333 1627 1366 ut
1652 1339 1795 1381 regem

416 1382 654 1425 Romanum
675 1383 993 1425 concionantem
1013 1383 1218 1433 audirent,
1240 1383 1419 1440 proximi
1440 1382 1674 1424 constitere.
1727 1381 1794 1423 Ex

200 1448 402 1489 Supplicium
414 1441 641 1497 composito
674 1449 829 1482 armata
857 1440 1139 1482 circumdatur
1167 1441 1359 1482 Romana
1388 1440 1522 1497 legio:
1556 1439 1824 1485 centurion-5

199 1492 240 1522 de
255 1492 360 1522 Metto

198 1538 349 1565 sumtum.

413 1498 506 1539 ibus
541 1498 684 1540 datum
720 1498 936 1554 negotium
971 1506 1070 1548 6131,
1108 1506 1155 1539 111
1189 1499 1277 1539 sine
1313 1513 1429 1539 mora
1462 1497 1638 1554 imperia
1676 1512 1795 1539 exse-

414 1564 653 1612 querentur.
715 1556 755 1597 T
757 1571 828 1597 um
858 1556 917 1596 ita
947 1555 1096 1596 Tullus
1130 1555 1240 1597 111111·
1283 1561 1294 1579 ‘
1310 1555 1506 1605 Romani,
1537 1555 1572 1596 si
1606 1569 1794 1610 unquam

415 1619 427 1637 ‘
439 1621 534 1655 ante
556 1613 655 1654 alias
674 1613 786 1655 ullo
776 1628 820 1654 111
840 1612 949 1654 bello
961 1613 1052 1663 fuit,
1068 1613 1181 1678 quod
1196 1613 1377 1669 primum
1398 1612 1476 1653 diis
1489 1611 1794 1654 immortalibus

415 1671 590 1727 ‘gratias
610 1671 798 1727 ageretis,
817 1670 970 1712 deinde
986 1679 1144 1712 vestrae
1167 1670 1350 1735 ipsorum
1370 1670 1528 1720 virtuti,
1550 1669 1794 1711 hesternum

415 1728 483 1769 ‘id
514 1728 720 1785 proelium
748 1728 838 1770 fuit.
900 1728 1159 1769 Dimicatum
1190 1736 1252 1769 est
1278 1743 1392 1770 enlm
1421 1742 1507 1769 non
1537 1726 1668 1783 magis
1697 1742 1794 1768 cum

415 1785 637 1836 ‘hostibus,
666 1801 805 1842 quam,
837 1801 943 1842 quae
972 1785 1183 1827 dimicatio
1212 1786 1343 1826 maior
1372 1793 1497 1841 atque
1518 1783 1796 1864 periculosior

414 1849 513 1894 ‘est,
538 1859 634 1885 cum
663 1843 898 1900 proditione
930 1858 977 1884 ac
1006 1843 1182 1899 perfidia
1211 1843 1428 1884 sociorum.
1491 1842 1617 1892 ham,
1643 1857 1697 1883 ne
1721 1857 1795 1884 vos

413 1907 425 1925 ‘
438 1901 539 1943 falsa
539 1901 699 1967 opinio
720 1908 872 1951 teneat,
890 1901 1048 1942 iniussu
1070 1915 1163 1942 meo
1180 1900 1336 1942 Albani
1352 1900 1516 1943 subiere
1537 1899 1591 1941 ad
1606 1907 1791 1965 montes:

414 1965 516 2000 ‘nec
537 1959 758 2015 imperium
781 1958 887 1999 illud
907 1973 1059 2008 meum,
1081 1958 1155 1999 sed
1176 1957 1395 1999 consilium
1415 1965 1458 1999 et
1481 1956 1647 2013 imperii
1667 1956 1794 1998 simu-

415 2016 538 2058 ‘latio
557 2016 654 2058 fuit:
687 2024 734 2057 ut
749 2031 840 2066 nec,
854 2016 972 2058 vobis
992 2015 1279 2072 ignorantibus
1291 2015 1426 2056 deseri
1441 2029 1528 2080 voS,
1540 2022 1796 2056 averteretur

415 2079 464 2115 ‘a
487 2074 711 2115 certamine
740 2073 925 2122 animus3
957 2082 1000 2114 et
1020 2073 1219 2122 hostibus,
1241 2072 1533 2114 circumveniri
1557 2086 1600 2114 se
1625 2086 1650 2113 a
1677 2080 1741 2113 ter
1768 2086 1794 2113 o

415 2132 550 2181 ‘ratis,
591 2140 723 2173 terror
756 2146 803 2172 ac
837 2130 936 2187 fuga
969 2130 1219 2172 iniiceretur.
1282 2129 1375 2171 Nec
1415 2145 1465 2171 ea
1497 2128 1633 2186 culpa,
1668 2086 1794 2186 (1113ιῆ11

458 2281 475 2312 3
500 2273 563 2309 Qui
575 2272 675 2303 coloni
687 2272 787 2301 additi
798 2270 950 2301 Romanis
961 2271 1079 2309 essent]
1125 2274 1194 2300 tum
1217 2271 1314 2301 ducto
1337 2273 1370 2300 et
1392 2279 1467 2300 mox
1490 2268 1658 2300 immolato
1682 2268 1739 2300 ille
1760 2268 1794 2300 in

416 2314 503 2345 Nam
526 2313 653 2345 colonia
673 2313 781 2352 aliquo
798 2313 947 2351 deducta,
962 2317 1084 2343 veteres
1126 2323 1240 2352 campo
1267 2312 1386 2343 Martio
1407 2312 1600 2343 lustrabatur
1619 2322 1640 2342 a
1659 2311 1794 2343 censori-

416 2356 527 2397 oppidi
550 2356 634 2387 cives
658 2359 784 2386 tantum
806 2365 870 2386 non
896 2365 1006 2386 omnes
1032 2365 1082 2385 co-
1125 2356 1195 2392 bus,
1204 2355 1251 2385 ita
1259 2356 1395 2386 lustrum
1403 2355 1616 2386 condentibus.
1640 2354 1795 2386 Similiter

417 2399 497 2430 lonis
527 2399 624 2430 Rom.
652 2398 788 2430 adscribi
817 2398 973 2429 solebant.
1029 2397 1082 2427 Fi·
1125 2397 1250 2428 lustrari
1270 2401 1303 2428 et
1323 2396 1448 2436 purgari
1468 2396 1613 2427 solebant
1631 2400 1701 2427 tum
1716 2396 1782 2436 agri

417 2442 519 2473 denae
540 2441 649 2481 itaque
673 2440 737 2471 iam
765 2440 891 2471 colonia
917 2441 1013 2471 Rom.
1042 2440 1081 2471 cf.
1124 2439 1256 2470 ineunte
1279 2449 1361 2477 vere,
1382 2449 1403 2469 a
1424 2438 1588 2469 Fratribus
1612 2438 1794 2475 Arvalibus‚

417 2484 458 2516 iv.
480 2494 526 2516 11.
549 2484 612 2515 viii.
637 2493 662 2515 1.
688 2493 735 2522 14.
782 2483 883 2518 “Qui
908 2483 940 2513 in
963 2492 1082 2522 expug-
1124 2481 1277 2512 sacrificio
1299 2482 1488 2518 ambarvali,
1510 2481 1542 2511 h.
1562 2491 1590 2512 e.
1613 2480 1698 2512 circa
1718 2491 1794 2512 arva

417 2531 493 2557 nato
513 2526 633 2566 oppido
652 2526 874 2565 relinquuntur
893 2526 988 2563 cives,
1009 2535 1081 2555 cum
1125 2525 1221 2554 ducto
1252 2534 1308 2564 pro
1337 2523 1423 2554 felici
1452 2523 1579 2563 frugum
1616 2527 1794 2563 proventu3

417 2569 506 2600 novis
528 2569 573 2599 ibi
596 2568 715 2600 colonis
737 2567 922 2605 habitaturi,
943 2571 1028 2598 recte
1050 2571 1083 2598 et
1125 2570 1194 2597 tum
1211 2566 1298 2597 Urbs
1317 2567 1357 2596 ob
1377 2565 1556 2606 prodigium
1572 2566 1622 2596 vel
1637 2565 1793 2606 insignem

416 2611 477 2651 ipsi
502 2613 601 2643 coloni
627 2611 787 2648 dicuntur,
813 2614 849 2641 ut
871 2620 949 2650 quos
974 2610 1082 2649 expel—
1126 2609 1342 2640 calamitatem
1355 2609 1406 2639 vel
1419 2608 1531 2648 ingens
1544 2608 1675 2648 aliquod
1689 2609 1794 2640 scelus

418 2654 504 2684 lendi
540 2654 589 2684 ius
625 2654 796 2684 victoribus
830 2653 963 2684 fuisset:
1010 2653 1084 2683 urbs
1126 2651 1310 2689 admissum,
1325 2651 1488 2682 amburbio
1503 2661 1526 2682 8.
1543 2652 1794 2683 amburbialilms

417 2696 503 2726 enim
529 2696 602 2727 talis
630 2696 695 2727 iam
721 2695 838 2726 civium
863 2696 958 2726 Rom.
982 2697 1082 2726 erat.'’
1124 2695 1242 2731 hostiis,
1258 2693 1342 2724 circa
1358 2693 1481 2725 Urbem
1497 2693 1711 2733 terminosque
1725 2693 1794 2724 eius

419 2737 548 2769 BAm-:n-
590 2739 664 2770 Hoc
679 2749 771 2769 sensu
787 2738 959 2769 Fidenates
974 2737 1083 2778 paullo
1125 2736 1237 2767 ductis.
1261 2736 1346 2767 RUP.

417 2783 492 2810 ante
528 2782 648 2811 colonia
681 2782 827 2812 Romana
862 2780 965 2811 vocati
999 2783 1083 2810 sunt.
1169 2787 1186 2818 5
1209 2779 1354 2810 Romana
1379 2779 1475 2818 leyio]
1512 2778 1680 2809 Romanus
1704 2787 1792 2809 exer-

424 2823 467 2853 Ue
485 2824 573 2862 queis
592 2824 691 2853 coloni
717 2824 817 2854 additi
831 2824 967 2854 Romani
987 2827 1090 2854 essent
1133 2821 1223 2853 citus.
1254 2821 1306 2852 Sic
1325 2820 1396 2852 infr.
1417 2820 1447 2851 ii.
1469 2820 1518 2852 26.
1561 2821 1681 2852 Sabina
1701 2821 1791 2859 legio.

420 2864 533 2904 probat
549 2863 661 2895 Faber.
1132 2864 1238 2896 (ἷκεν.
1265 2864 1304 2894 cf.
1319 2863 1389 2894 infr.
1405 2862 1513 2895 xxviii.
1531 2862 1580 2895 26.
1595 2862 1649 2894 ubi
1670 2865 1738 2893 arte
1753 2862 1790 2893 si-

465 2917 484 2944 4
506 2907 704 2945 Sacrificium
724 2908 872 2945 lustrale]
912 2907 1085 2938 Suovetau-
1129 2906 1197 2938 mili
1212 2906 1320 2946 Scipio
1336 2905 1444 2937 utitur.

422 2948 491 2986 rile,
521 2958 583 2987 quo
618 2948 700 2978 circa
731 2950 885 2987 populum
916 2959 939 2980 s.
969 2949 1085 2980 exerci-
