1934 3211
557 169 682 212 LIB.
717 169 795 210 IX.
845 169 989 211 CAP.
1023 175 1090 212 41.
1431 174 1510 215 547

97 260 451 317 3argentariarum
490 259 544 300 ad
583 259 719 300 forum
766 258 1001 300 ornandum
1042 259 1341 302 dividerentur.
1405 262 1510 304 Inde
1529 277 1570 308 U.
1588 278 1625 308 C.
1643 290 1714 316 444,

95 339 114 366 4
126 326 270 359 natum
285 316 452 358 initium
468 316 622 358 dicitur
635 316 712 358 fori
726 316 903 358 ornandi
919 317 971 357 ab
987 316 1203 366 aedilibus,
1221 332 1351 373 quum
1370 327 1509 362 tensae
1527 322 1562 350 Α·
1588 322 1625 352 C·
1645 323 1714 358 308·

123 374 386 416 ducerentur.
450 373 507 416 Et
528 374 709 416 Romani
734 373 907 431 quidem
939 374 992 415 ad
1023 374 1227 416 honorem
1253 375 1381 416 deum
1409 378 1509 419 insi-

183 431 274 474 ‘bus
289 431 413 474 armis
429 431 610 474 hostium
624 432 687 473 usi
703 440 818 473 sunt:
846 430 1065 489 Campani,
1080 433 1132 474 ab
1148 433 1342 489 superbia
1354 442 1396 474 et
1412 435 1508 476 odio
1522 441 1682 490 Samnites

93 506 111 536 5
122 446 390 540 Ξῒωηὶῒίυω,
406 489 655 547 gladiatores
671 489 806 547 (quod
822 489 1107 546 spectaculum
1120 490 1230 532 inter
1242 490 1386 547 epulas
1402 493 1510 548 erat)
1521 485 1722 524 glamatorcs.

92 556 172 590 6eo
192 556 342 590 ornatu
362 557 586 599 armarunt,
613 547 946 605 Samnitiumque
972 548 1142 590 nomine
1165 548 1479 606 compellarunt.

181 604 345 647 Eodem
362 620 472 647 anno
489 621 585 648 cum
606 606 777 663 reliquis
795 605 1067 648 Etruscorum
1084 606 1137 648 ad
1158 606 1388 657 Perusiam,
1403 622 1510 664 quae

121 671 165 705 et
185 663 275 720 ipsa
301 663 559 705 indutiarum
579 663 708 706 fidem
728 673 908 720 ruperat,
932 663 1086 706 Fabius
1112 664 1257 706 consul
1278 679 1356 706 nec
1383 665 1513 707 dubia

120 735 200 763 nec
235 721 395 763 difficili
428 722 601 764 victoria
636 721 818 763 dimicat.
881 721 1040 778 Ipsumv
1057 722 1260 779 oppidum
1300 723 1418 778 (nam
1458 724 1512 765 ad

120 779 288 821 moenia
307 780 440 821 victor
469 780 660 835 accessit)
690 780 878 836 cepisset,
902 780 945 820 ni
975 780 1101 836 legati
1132 779 1336 822 dedentes
1363 781 1509 823 urbem

120 837 313 879 exissent.
375 837 590 880 Praesidio
618 838 814 880 Perusiae
846 838 1053 894 imposito,
1076 837 1353 895 legationibus
1384 838 1511 881 Etru-

119 895 205 937 riae
246 895 470 937 amicitiam
510 896 750 952 petentibus
789 911 887 952 prae.
925 911 966 937 se
1002 896 1182 937 Romam
1224 896 1277 937 ad
1317 906 1511 939 senatum

119 953 265 1004 missis,
292 953 450 1003 consul,
478 954 776 1010 praestantiore
809 954 948 1003 etiam,
971 969 1097 1010 quam
1126 954 1316 1003 dictator,
1339 955 1511 997 victoria

119 1011 394 1067 triumphans,
417 1012 564 1053 urbem
594 1020 656 1053 est
681 1011 882 1053 invectus.
949 1011 1066 1060 Quin
1094 1012 1219 1053 etiam
1251 1012 1510 1054 devictorum

121 1068 372 1110 Samnitium
394 1068 522 1110 decus
543 1084 694 1125 magna
715 1085 768 1110 ex
788 1078 905 1126 parte
927 1069 981 1110 ad
1001 1069 1171 1126 legatos,
1195 1070 1242 1111 P.
1263 1070 1446 1112 Decium
1468 1081 1510 1113 et

119 1125 182 1168 M.
201 1126 431 1176 Valerium,
454 1135 516 1168 cst
542 1142 730 1168 versum:
764 1142 870 1184 quos
890 1127 1070 1184 populus
1099 1128 1301 1184 proximis
1331 1129 1510 1170 comitiis

117 1183 281 1242 ingenti
321 1199 528 1226 consensu
568 1185 783 1226 consulem
831 1185 1020 1235 alterum,
1063 1185 1240 1227 alterum
1275 1194 1509 1242 praetorem

116 1241 353 1284 declaravit.

89 1316 105 1348 7
175 1299 304 1342 Fabio
351 1301 404 1342 ob
444 1302 610 1357 egregie
656 1300 932 1357 perdomitam
982 1301 1193 1342 Etruriam
1241 1302 1510 1344 continuatur
1586 1316 1654 1353 41,

116 1358 379 1408 consulatus;
414 1358 572 1400 Decius
600 1358 759 1416 collega
784 1359 917 1400 datur.
965 1359 1158 1400 Valerius
1189 1368 1356 1415 praetor
1386 1375 1508 1416 quar·
1524 1372 1566 1403 U.
1584 1373 1622 1404 C.
1641 1381 1712 1411 445.

117 1424 207 1457 tum
227 1426 400 1457 creatus.
472 1414 678 1458 Consules
698 1417 840 1473 partiti
865 1417 1120 1473 provincias:
1169 1417 1337 1459 Etruria
1358 1417 1506 1469 Decio,
1521 1417 1560 1446 A.
1585 1417 1623 1447 C.
1642 1426 1713 1464 ,307-

119 1472 338 1515 Samnium
361 1473 489 1516 Fabio
510 1475 663 1516 evenit.
727 1474 766 1515 Is
779 1475 989 1531 profectus
1010 1475 1062 1516 ad
1080 1474 1309 1517 Nuceriam
1325 1475 1508 1517 Alfatcr-
1523 1460 1726 1532 {QHleglussffi

117 1546 228 1582 nam,
266 1540 355 1573 tum
390 1547 536 1589 pacem
571 1541 776 1589 petentes,
812 1532 927 1589 quod
962 1533 1023 1574 uti
1060 1548 1122 1582 ea,
1156 1548 1287 1588 quum
1324 1533 1506 1584 daretur,
1521 1527 1726 1577 eiaircwf.

115 1589 360 1640 noluissent,
384 1598 638 1646 aspernatus,
661 1590 946 1647 oppugnando
973 1590 1027 1631 ad
1048 1590 1307 1632 deditionem
1328 1591 1504 1647 subegit.

119 1645 230 1689 Cum
249 1646 505 1689 Samnitibus
526 1648 612 1689 acie
634 1648 891 1689 dimicatum.
955 1647 1085 1689 Haud
1106 1663 1258 1705 magno
1279 1650 1505 1692 certamine
1522 1662 1612 1692 Bene
1630 1672 1679 1693 res

114 1704 255 1747 hostes
282 1705 404 1746 victi:
438 1720 576 1762 neque
609 1705 698 1747 cius
728 1720 894 1762 pugnae
916 1706 1117 1747 memoria
1147 1706 1300 1748 tradita
1318 1707 1439 1758 foret,
1462 1708 1505 1749 ni
1519 1710 1605 1743 8⁰⁵t²¹
1623 1716 1695 1735 ⁰0¹¹·

115 1761 248 1805 Marsi
269 1778 320 1805 eo
340 1763 523 1820 primum
544 1763 703 1820 proelio
719 1778 817 1805 cum
840 1763 1044 1805 Romanis
1064 1763 1297 1806 bellassent.
1364 1764 1505 1807 Secuti
1519 1748 1674 1822 31¹0}an

114 1819 353 1863 Marsorum
364 1821 643 1863 defectionem
658 1821 824 1878 Peligni
838 1821 1016 1863 eandem
1030 1821 1238 1863 fortunam
1252 1823 1501 1865 habuerunt.

68 1919 70 1921 .
115 1877 251 1921 Decio
287 1894 455 1936 quoque
489 1879 607 1921 alteri
648 1879 808 1921 consuli
844 1879 1030 1921 secunda
1069 1880 1168 1921 belli
1203 1881 1370 1922 fortuna
1401 1891 1500 1923 erat.

114 1935 465 1994 Tarquiniensem
494 1947 609 1978 metu
630 1938 849 1991 subegerat
869 1938 1127 1978 frumentum
1158 1939 1363 1979 exercitui
1384 1954 1503 1995 prac—
1517 1954 1637 1983 (amn-a

114 1993 226 2043 bere,
243 2002 369 2051 atque
392 1994 573 2035 indutias
596 1995 636 2034 in
655 1994 929 2049 quadraginta
950 2010 1080 2035 annos
1101 2004 1255 2050 petere.
1319 1995 1504 2038 Volsini-
1521 1996 1678 2028 fflmsvoss·

114 2051 278 2092 ensium
298 2051 467 2092 castella
487 2051 647 2107 aliquot
667 2051 707 2091 vi
729 2052 866 2107 cepit:
901 2051 1107 2107 quaedam
1129 2068 1181 2093 ex
1215 2053 1264 2093 iis
1285 2053 1426 2103 diruit,
1450 2070 1501 2095 ue

114 2108 378 2166 receptaculo
391 2109 577 2150 hostibus
591 2118 750 2149 essent:
784 2109 1199 2176 circumferendoque
1213 2110 1362 2166 passim
1378 2111 1501 2160 bello,

114 2175 277 2208 tantum
301 2175 498 2208 terrorem
515 2167 579 2207 sui
600 2167 711 2215 fecit,
731 2176 776 2208 ut
797 2182 950 2207 nomeu
965 2182 1088 2208 omne
1115 2167 1334 2209 htruscum
1356 2169 1502 2210 foedus

115 2224 166 2265 ab
190 2223 360 2266 consule
389 2234 561 2280 peteret.
627 2225 690 2264 Ac
713 2224 765 2265 (lc
794 2240 844 2265 co
873 2224 1043 2280 quidem
1067 2225 1167 2265 nihi!
1203 2225 1497 2282 impetratum:

114 2281 300 2324 indutiae
322 2297 484 2323 annuae
516 2282 648 2323 datae.
714 2282 978 2338 Stipendium
1001 2283 1202 2323 exercitui
1236 2283 1427 2326 Romano
1449 2286 1499 2327 ab

157 2430 175 2460 3
199 2423 488 2461 Aryenlariarnml
516 2422 779 2455 ()llieiuur1un.in

114 2464 230 2504 quibus
251 2470 400 2503 argenton
427 2475 498 2494 msa
524 2466 730 2498 fabricantur,
751 2471 780 2494 vt

116 2507 241 2539 venalia
279 2513 430 2548 prostant.
509 2508 630 2537 Harum
679 2519 782 2538 run-u«

114 2551 309 2581 mentionem
335 2551 410 2581 facit
440 2550 547 2581 Lirin<
572 2551 656 2580 xxxi.
683 2560 729 2589 ιγ.
751 2557 781 2580 ot

113 2593 156 2624 xl.
175 2602 224 2633 5¹.
271 2593 356 2624 Libri
378 2593 496 2623 habent
513 2595 780 2632 “novatur-inrum.

112 2636 175 2666 Sed
207 2638 386 2675 ammalarii
411 2641 483 2666 sunt
509 2636 604 2666 iidem
632 2647 668 2665 ne
699 2648 779 2666 ηψπ

111 2679 203 2715 uarii,
226 2688 305 2718 quon
331 2679 377 2709 vel
403 2689 508 2708 nervon
532 2679 637 2712 suino,
663 2680 709 2709 rel
737 2685 780 2709 ta-

112 2721 226 2752 bernas
269 2721 437 2760 splendido
475 2722 632 2758 sulm-mvn
668 2727 780 2751 ormttu

112 2763 260 2794 habuisse
287 2764 377 2794 nullo
404 2764 499 2794 modo
532 2764 694 2803 probabile
724 2770 781 2795 ent.

114 2806 194 2837 Ideo
233 2806 349 2847 perlevi
389 2807 566 2837 mutatione
600 2807 688 2837 iuuit
722 2808 780 2843 legi

112 2849 261 2880 Muretus
275 2850 545 2889 arymean'nrum.
570 2851 675 2881 ctu-,u

155 2903 173 2930 ⁴
197 2894 303 2930 Quum
340 2897 448 2923 ten-vem
485 2894 697 2930 ducerentur]
743 2893 777 2923 ln

113 2935 250 2974 pompis,
260 2945 357 2974 qutun
375 2934 544 2965 nimulncrn
563 2935 704 2966 Deorum
722 2935 778 2966 cir-

828 2423 1102 2454 ciiiiivelierentiir.
1127 2434 1211 2463 supr.
1231 2434 1256 2454 v.
1275 2434 1324 2462 ⁴¹-

871 2475 886 2503 5
913 2467 1130 2503 (1'l(1dt‘(1!nres]
1166 2467 1238 2497 Hoc
1265 2467 1400 2506 prinlum
1429 2469 1498 2497 loco

827 2508 1018 2545 gladiatore-
1035 2514 1187 2539 memorat
1209 2509 1324 2540 Livius.
1350 2513 1455 2541 sum.

870 2551 889 2578 (ι
921 2553 1131 2589 -ΝἰιηιηίίιίιηιΙ
1190 2553 1284 2591 Apud
1336 2553 1498 2583 Romano«

827 2604 953 2632 quoque
985 2594 1044 2624 hoc
1072 2595 1201 2624 nomin«-
1226 2595 1417 2630 gladiatores
1444 2597 1495 2626 dc<

827 2636 1041 2672 siznahnntnr.
1070 2637 1181 2668 norat.
1203 2638 1261 2677 Ep.
1281 2638 1309 2668 ii.
1330 2648 1355 2669 τ.
1387 2640 1495 2670 “Cne-

827 2680 944 2713 dunur.
959 2685 989 2709 et
1007 2679 1140 2710 totidem
1160 2680 1260 2720 plagin
1279 2682 1496 2713 comunimus

829 2722 963 2756 hostem.
995 2723 1081 2752 leuto
1113 2724 1273 2753 Samnites
1301 2725 1339 2753 nd
1374 2725 1495 2756 lumina

829 2765 929 2803 prium
946 2765 1088 2795 duello.''
1111 2767 1217 2796 (ἵκκν.

874 2817 887 2846 7
912 2809 1131 2838 l'oneimmmr
1156 2810 1356 2849 famulatus]
1394 2810 1494 2841 Extra

825 2850 981 2884 ordinem.
1011 2861 1108 2890 quum
1148 2852 1279 2885 nemini.
1310 2853 1368 2883 nini
1400 2853 1493 2884 intor-

827 2893 936 2931 ponitis·
957 2894 1066 2924 decern
1093 2894 1195 2929 annin,
1217 2896 1419 2926 consulatum
1449 2907 1492 2926 rc·

827 2941 932 2975 petere
951 2936 1018 2973 lene
1037 2937 1154 2968 liceret.
1186 2937 1224 2968 rs.
1241 2948 1326 2977 supr.
1344 2939 1395 2970 rii.
1408 2949 1456 2975 42.

1147 2983 1271 3020 Νιι2
