<?xml version="1.0" encoding="UTF-8"?>
<!DOCTYPE html PUBLIC "-//W3C//DTD XHTML 1.0 Transitional//EN"
    "http://www.w3.org/TR/xhtml1/DTD/xhtml1-transitional.dtd">
<html xmlns="http://www.w3.org/1999/xhtml" xml:lang="en" lang="en">
 <head>
  <title>
</title>
<meta http-equiv="Content-Type" content="text/html;charset=utf-8" />
  <meta name='ocr-system' content='tesseract 3.04.00' />
  <meta name='ocr-capabilities' content='ocr_page ocr_carea ocr_par ocr_line ocrx_word'/>
</head>
<body>
  <div class='ocr_page' id='page_1' title='image "./historiarumli01livyuoft_0183.png"; bbox 0 0 1934 3211; ppageno 0'>
   <div class='ocr_carea' id='block_1_1' title="bbox 0 2525 4 3054">
    <p class='ocr_par' dir='ltr' id='par_1_1' title="bbox 0 2525 4 3054">
     <span class='ocr_line' id='line_1_1' title="bbox 0 2525 4 3054; baseline 0 0"><span class='ocrx_word' id='word_1_1' title='bbox 0 2525 4 3054; x_wconf 95' lang='lat' dir='ltr'> </span> 
     </span>
    </p>
   </div>
   <div class='ocr_carea' id='block_1_2' title="bbox 586 183 1124 226">
    <p class='ocr_par' dir='ltr' id='par_1_2' title="bbox 586 183 1124 226">
     <span class='ocr_line' id='line_1_2' title="bbox 586 183 1124 226; baseline 0.002 -1"><span class='ocrx_word' id='word_1_2' title='bbox 586 183 713 225; x_wconf 90' lang='lat' dir='ltr'>LIB.</span> <span class='ocrx_word' id='word_1_3' title='bbox 746 183 828 226; x_wconf 94' lang='lat' dir='ltr'>III.</span> <span class='ocrx_word' id='word_1_4' title='bbox 876 183 1023 225; x_wconf 89' lang='lat' dir='ltr'>CAP.</span> <span class='ocrx_word' id='word_1_5' title='bbox 1057 189 1124 226; x_wconf 81' lang='lat'>24.</span> 
     </span>
    </p>
   </div>
   <div class='ocr_carea' id='block_1_3' title="bbox 165 271 1764 387">
    <p class='ocr_par' dir='ltr' id='par_1_3' title="bbox 165 271 1764 387">
     <span class='ocr_line' id='line_1_3' title="bbox 165 271 1764 330; baseline -0.003 -13"><span class='ocrx_word' id='word_1_6' title='bbox 165 273 381 323; x_wconf 84' lang='lat' dir='ltr'>Romanis,</span> <span class='ocrx_word' id='word_1_7' title='bbox 407 271 528 329; x_wconf 90' lang='lat' dir='ltr'>pulso</span> <span class='ocrx_word' id='word_1_8' title='bbox 557 272 689 323; x_wconf 88' lang='lat' dir='ltr'>hoste,</span> <span class='ocrx_word' id='word_1_9' title='bbox 722 272 958 329; x_wconf 90' lang='lat' dir='ltr'>periculum</span> <span class='ocrx_word' id='word_1_10' title='bbox 989 288 1076 315; x_wconf 90' lang='lat' dir='ltr'>esse</span> <span class='ocrx_word' id='word_1_11' title='bbox 1098 273 1292 323; x_wconf 84' lang='lat' dir='ltr'><strong>desierat,</strong></span> <span class='ocrx_word' id='word_1_12' title='bbox 1315 282 1358 315; x_wconf 91' lang='lat' dir='ltr'>et</span> <span class='ocrx_word' id='word_1_13' title='bbox 1387 274 1474 330; x_wconf 92' lang='lat' dir='ltr'>ipse</span> <span class='ocrx_word' id='word_1_14' title='bbox 1506 276 1558 316; x_wconf 89' lang='lat' dir='ltr'>ab</span> <span class='ocrx_word' id='word_1_15' title='bbox 1574 283 1618 315; x_wconf 85' lang='lat' dir='ltr'>U.</span> <span class='ocrx_word' id='word_1_16' title='bbox 1635 283 1673 314; x_wconf 90' lang='lat' dir='ltr'>C.</span> <span class='ocrx_word' id='word_1_17' title='bbox 1692 291 1764 324; x_wconf 83' lang='lat'><strong>295·</strong></span> 
     </span>
     <span class='ocr_line' id='line_1_4' title="bbox 622 326 1764 387; baseline -0.002 -16"><span class='ocrx_word' id='word_1_18' title='bbox 622 329 688 371; x_wconf 89' lang='lat' dir='ltr'>Ita</span> <span class='ocrx_word' id='word_1_19' title='bbox 719 330 909 371; x_wconf 86' lang='lat' dir='ltr'>bifariam</span> <span class='ocrx_word' id='word_1_20' title='bbox 941 330 1132 372; x_wconf 88' lang='lat' dir='ltr'>consules</span> <span class='ocrx_word' id='word_1_21' title='bbox 1164 331 1339 387; x_wconf 85' lang='lat' dir='ltr'>ingressi</span> <span class='ocrx_word' id='word_1_22' title='bbox 1374 331 1558 373; x_wconf 88' lang='lat' dir='ltr'>hostium</span> <span class='ocrx_word' id='word_1_23' title='bbox 1573 326 1612 357; x_wconf 84' lang='lat' dir='ltr'>A.</span> <span class='ocrx_word' id='word_1_24' title='bbox 1636 326 1674 357; x_wconf 88' lang='lat' dir='ltr'>C.</span> <span class='ocrx_word' id='word_1_25' title='bbox 1691 333 1764 365; x_wconf 82' lang='grc'><strong>457·</strong></span> 
     </span>
    </p>
   </div>
   <div class='ocr_carea' id='block_1_4' title="bbox 166 329 559 386">
    <p class='ocr_par' dir='ltr' id='par_1_4' title="bbox 166 329 559 386">
     <span class='ocr_line' id='line_1_5' title="bbox 166 329 559 386; baseline -0.005 -13"><span class='ocrx_word' id='word_1_26' title='bbox 166 331 305 373; x_wconf 89' lang='lat' dir='ltr'>Roma</span> <span class='ocrx_word' id='word_1_27' title='bbox 337 329 559 386; x_wconf 86' lang='lat' dir='ltr'>profectus.</span> 
     </span>
    </p>
   </div>
   <div class='ocr_carea' id='block_1_5' title="bbox 1479 187 1555 228">
    <p class='ocr_par' dir='ltr' id='par_1_5' title="bbox 1479 187 1555 228">
     <span class='ocr_line' id='line_1_6' title="bbox 1479 187 1555 228; baseline 0 -1"><span class='ocrx_word' id='word_1_28' title='bbox 1479 187 1555 228; x_wconf 87' lang='lat'>171</span> 
     </span>
    </p>
   </div>
   <div class='ocr_carea' id='block_1_6' title="bbox 163 387 1560 444">
    <p class='ocr_par' dir='ltr' id='par_1_6' title="bbox 163 387 1560 444">
     <span class='ocr_line' id='line_1_7' title="bbox 163 387 1560 444; baseline 0.001 -15"><span class='ocrx_word' id='word_1_29' title='bbox 163 388 281 437; x_wconf 89' lang='lat' dir='ltr'>fines,</span> <span class='ocrx_word' id='word_1_30' title='bbox 310 387 473 443; x_wconf 85' lang='lat' dir='ltr'>ingenti</span> <span class='ocrx_word' id='word_1_31' title='bbox 504 387 733 429; x_wconf 85' lang='lat' dir='ltr'>certamine</span> <span class='ocrx_word' id='word_1_32' title='bbox 764 387 863 428; x_wconf 89' lang='lat' dir='ltr'>hinc</span> <span class='ocrx_word' id='word_1_33' title='bbox 885 387 1074 438; x_wconf 89' lang='lat' dir='ltr'><strong>Volscos,</strong></span> <span class='ocrx_word' id='word_1_34' title='bbox 1096 388 1197 429; x_wconf 89' lang='lat' dir='ltr'>hinc</span> <span class='ocrx_word' id='word_1_35' title='bbox 1219 388 1394 444; x_wconf 90' lang='lat' dir='ltr'>Aequos</span> <span class='ocrx_word' id='word_1_36' title='bbox 1424 403 1560 444; x_wconf 91' lang='lat' dir='ltr'>popu-</span> 
     </span>
    </p>
   </div>
   <div class='ocr_carea' id='block_1_7' title="bbox 133 444 555 544">
    <p class='ocr_par' dir='ltr' id='par_1_7' title="bbox 133 444 555 544">
     <span class='ocr_line' id='line_1_8' title="bbox 133 444 384 509; baseline -0.016 -21"><span class='ocrx_word' id='word_1_37' title='bbox 133 455 152 488; x_wconf 87' lang='lat'><strong>5</strong></span> <span class='ocrx_word' id='word_1_38' title='bbox 163 444 314 486; x_wconf 87' lang='lat' dir='ltr'>lantur.</span> <span class='ocrx_word' id='word_1_39' title='bbox 377 501 384 509; x_wconf 45' lang='grc'><strong>.</strong></span> 
     </span>
     <span class='ocr_line' id='line_1_9' title="bbox 163 510 555 544; baseline -0.005 0"><span class='ocrx_word' id='word_1_40' title='bbox 163 510 354 544; x_wconf 86' lang='lat' dir='ltr'>auctores</span> <span class='ocrx_word' id='word_1_41' title='bbox 374 517 555 543; x_wconf 78' lang='lat' dir='ltr'>invenio.</span> 
     </span>
    </p>
   </div>
   <div class='ocr_carea' id='block_1_8' title="bbox 382 443 1561 558">
    <p class='ocr_par' dir='ltr' id='par_1_8' title="bbox 382 443 1561 558">
     <span class='ocr_line' id='line_1_10' title="bbox 382 443 1559 502; baseline 0.002 -17"><span class='ocrx_word' id='word_1_42' title='bbox 382 443 548 486; x_wconf 90' lang='lat' dir='ltr'>Eodem</span> <span class='ocrx_word' id='word_1_43' title='bbox 587 460 699 486; x_wconf 91' lang='lat' dir='ltr'>anno</span> <span class='ocrx_word' id='word_1_44' title='bbox 734 445 913 486; x_wconf 85' lang='lat' dir='ltr'>descisse</span> <span class='ocrx_word' id='word_1_45' title='bbox 946 445 1155 495; x_wconf 87' lang='lat' dir='ltr'>Antiates,</span> <span class='ocrx_word' id='word_1_46' title='bbox 1189 445 1302 502; x_wconf 91' lang='lat' dir='ltr'>apud</span> <span class='ocrx_word' id='word_1_47' title='bbox 1337 445 1559 501; x_wconf 89' lang='lat' dir='ltr'>plerosque</span> 
     </span>
     <span class='ocr_line' id='line_1_11' title="bbox 618 501 1561 558; baseline 0.002 -16"><span class='ocrx_word' id='word_1_48' title='bbox 618 501 668 543; x_wconf 90' lang='lat' dir='ltr'>L.</span> <span class='ocrx_word' id='word_1_49' title='bbox 695 501 942 544; x_wconf 87' lang='lat' dir='ltr'>Cornelium</span> <span class='ocrx_word' id='word_1_50' title='bbox 964 502 1178 544; x_wconf 89' lang='lat' dir='ltr'>consulem</span> <span class='ocrx_word' id='word_1_51' title='bbox 1210 503 1255 544; x_wconf 91' lang='lat' dir='ltr'>id</span> <span class='ocrx_word' id='word_1_52' title='bbox 1284 502 1442 544; x_wconf 88' lang='lat' dir='ltr'>bellum</span> <span class='ocrx_word' id='word_1_53' title='bbox 1467 518 1561 558; x_wconf 84' lang='lat' dir='ltr'>ges-</span> 
     </span>
    </p>
   </div>
   <div class='ocr_carea' id='block_1_9' title="bbox 163 559 1562 730">
    <p class='ocr_par' dir='ltr' id='par_1_9' title="bbox 163 559 1562 730">
     <span class='ocr_line' id='line_1_12' title="bbox 163 559 1562 616; baseline 0 -16"><span class='ocrx_word' id='word_1_54' title='bbox 163 559 276 609; x_wconf 88' lang='lat' dir='ltr'>sisse,</span> <span class='ocrx_word' id='word_1_55' title='bbox 313 559 602 615; x_wconf 88' lang='lat' dir='ltr'>oppidumque</span> <span class='ocrx_word' id='word_1_56' title='bbox 638 560 810 616; x_wconf 81' lang='lat' dir='ltr'>cepisse,</span> <span class='ocrx_word' id='word_1_57' title='bbox 847 569 1009 602; x_wconf 89' lang='lat' dir='ltr'>certum</span> <span class='ocrx_word' id='word_1_58' title='bbox 1050 561 1266 610; x_wconf 86' lang='lat' dir='ltr'>affirmare,</span> <span class='ocrx_word' id='word_1_59' title='bbox 1306 560 1405 616; x_wconf 86' lang='lat' dir='ltr'>quia</span> <span class='ocrx_word' id='word_1_60' title='bbox 1445 560 1562 601; x_wconf 85' lang='lat' dir='ltr'>nulla</span> 
     </span>
     <span class='ocr_line' id='line_1_13' title="bbox 164 616 1528 673; baseline -0.001 -15"><span class='ocrx_word' id='word_1_61' title='bbox 164 616 278 673; x_wconf 85' lang='lat' dir='ltr'>apud</span> <span class='ocrx_word' id='word_1_62' title='bbox 297 617 544 658; x_wconf 86' lang='lat' dir='ltr'>vetustiores</span> <span class='ocrx_word' id='word_1_63' title='bbox 565 617 786 673; x_wconf 84' lang='lat' dir='ltr'>scriptores</span> <span class='ocrx_word' id='word_1_64' title='bbox 807 618 896 658; x_wconf 90' lang='lat' dir='ltr'>eius</span> <span class='ocrx_word' id='word_1_65' title='bbox 917 618 977 659; x_wconf 91' lang='lat' dir='ltr'>rei</span> <span class='ocrx_word' id='word_1_66' title='bbox 998 618 1158 659; x_wconf 89' lang='lat' dir='ltr'>mentio</span> <span class='ocrx_word' id='word_1_67' title='bbox 1179 626 1253 668; x_wconf 88' lang='lat' dir='ltr'>est,</span> <span class='ocrx_word' id='word_1_68' title='bbox 1276 633 1362 658; x_wconf 92' lang='lat' dir='ltr'>non</span> <span class='ocrx_word' id='word_1_69' title='bbox 1384 617 1528 658; x_wconf 86' lang='lat' dir='ltr'>ausim.</span> 
     </span>
     <span class='ocr_line' id='line_1_14' title="bbox 223 673 1560 730; baseline 0 -15"><span class='ocrx_word' id='word_1_70' title='bbox 223 673 321 716; x_wconf 86' lang='lat' dir='ltr'>Hoc</span> <span class='ocrx_word' id='word_1_71' title='bbox 341 674 452 716; x_wconf 92' lang='lat' dir='ltr'>bello</span> <span class='ocrx_word' id='word_1_72' title='bbox 473 674 671 730; x_wconf 89' lang='lat' dir='ltr'>perfecto,</span> <span class='ocrx_word' id='word_1_73' title='bbox 694 675 968 716; x_wconf 91' lang='lat' dir='ltr'>tribunicium</span> <span class='ocrx_word' id='word_1_74' title='bbox 989 675 1104 717; x_wconf 90' lang='lat' dir='ltr'>domi</span> <span class='ocrx_word' id='word_1_75' title='bbox 1128 675 1287 717; x_wconf 87' lang='lat' dir='ltr'>bellum</span> <span class='ocrx_word' id='word_1_76' title='bbox 1308 675 1455 716; x_wconf 84' lang='lat' dir='ltr'>Patres</span> <span class='ocrx_word' id='word_1_77' title='bbox 1477 684 1560 716; x_wconf 93' lang='lat' dir='ltr'>ter-</span> 
     </span>
    </p>
   </div>
   <div class='ocr_carea' id='block_1_10' title="bbox 163 730 272 773">
    <p class='ocr_par' dir='ltr' id='par_1_10' title="bbox 163 730 272 773">
     <span class='ocr_line' id='line_1_15' title="bbox 163 730 272 773; baseline 0.009 -1"><span class='ocrx_word' id='word_1_78' title='bbox 163 730 272 773; x_wconf 87' lang='lat' dir='ltr'>ritat.</span> 
     </span>
    </p>
   </div>
   <div class='ocr_carea' id='block_1_11' title="bbox 133 786 1560 847">
    <p class='ocr_par' dir='ltr' id='par_1_11' title="bbox 133 786 1560 847">
     <span class='ocr_line' id='line_1_16' title="bbox 133 786 1560 847; baseline 0 -17"><span class='ocrx_word' id='word_1_79' title='bbox 133 788 324 830; x_wconf 89' lang='lat' dir='ltr'>6‘citus:</span> <span class='ocrx_word' id='word_1_80' title='bbox 357 789 668 831; x_wconf 84' lang='lat' dir='ltr'>frustrationem</span> <span class='ocrx_word' id='word_1_81' title='bbox 699 805 792 831; x_wconf 89' lang='lat' dir='ltr'>eam</span> <span class='ocrx_word' id='word_1_82' title='bbox 823 790 925 847; x_wconf 81' lang='lat' dir='ltr'>legis</span> <span class='ocrx_word' id='word_1_83' title='bbox 958 786 1167 832; x_wconf 86' lang='lat' dir='ltr'>tollendae</span> <span class='ocrx_word' id='word_1_84' title='bbox 1190 805 1306 832; x_wconf 91' lang='lat' dir='ltr'>esse:</span> <span class='ocrx_word' id='word_1_85' title='bbox 1340 805 1383 831; x_wconf 89' lang='lat' dir='ltr'>se</span> <span class='ocrx_word' id='word_1_86' title='bbox 1405 789 1560 831; x_wconf 91' lang='lat' dir='ltr'>nihilo-</span> 
     </span>
    </p>
   </div>
   <div class='ocr_carea' id='block_1_12' title="bbox 167 846 1029 903">
    <p class='ocr_par' dir='ltr' id='par_1_12' title="bbox 167 846 1029 903">
     <span class='ocr_line' id='line_1_17' title="bbox 167 846 1029 903; baseline 0.002 -16"><span class='ocrx_word' id='word_1_87' title='bbox 167 846 333 887; x_wconf 89' lang='lat' dir='ltr'>‘minus</span> <span class='ocrx_word' id='word_1_88' title='bbox 367 861 456 888; x_wconf 93' lang='lat' dir='ltr'>rem</span> <span class='ocrx_word' id='word_1_89' title='bbox 492 856 727 903; x_wconf 87' lang='lat' dir='ltr'>susceptam</span> <span class='ocrx_word' id='word_1_90' title='bbox 762 849 1029 903; x_wconf 84' lang='lat' dir='ltr'>pe1·acturos.’</span> 
     </span>
    </p>
   </div>
   <div class='ocr_carea' id='block_1_13' title="bbox 1098 847 1544 890">
    <p class='ocr_par' dir='ltr' id='par_1_13' title="bbox 1098 847 1544 890">
     <span class='ocr_line' id='line_1_18' title="bbox 1098 847 1544 890; baseline -0.004 0"><span class='ocrx_word' id='word_1_91' title='bbox 1098 848 1298 890; x_wconf 84' lang='lat' dir='ltr'>Obtinuit</span> <span class='ocrx_word' id='word_1_92' title='bbox 1334 855 1476 888; x_wconf 91' lang='lat' dir='ltr'>tamen</span> <span class='ocrx_word' id='word_1_93' title='bbox 1508 847 1544 888; x_wconf 93' lang='lat' dir='ltr'>P</span> 
     </span>
    </p>
   </div>
   <div class='ocr_carea' id='block_1_14' title="bbox 137 903 1560 960">
    <p class='ocr_par' dir='ltr' id='par_1_14' title="bbox 137 903 1560 960">
     <span class='ocr_line' id='line_1_19' title="bbox 137 903 1560 960; baseline 0.001 -16"><span class='ocrx_word' id='word_1_94' title='bbox 137 903 391 945; x_wconf 84' lang='lat' dir='ltr'>7Lucretius</span> <span class='ocrx_word' id='word_1_95' title='bbox 421 904 655 960; x_wconf 81' lang='lat' dir='ltr'>praefectus</span> <span class='ocrx_word' id='word_1_96' title='bbox 679 906 805 955; x_wconf 88' lang='lat' dir='ltr'>urbis,</span> <span class='ocrx_word' id='word_1_97' title='bbox 836 915 883 946; x_wconf 85' lang='lat' dir='ltr'>ut</span> <span class='ocrx_word' id='word_1_98' title='bbox 914 906 1098 947; x_wconf 87' lang='lat' dir='ltr'>actiones</span> <span class='ocrx_word' id='word_1_99' title='bbox 1129 905 1377 946; x_wconf 85' lang='lat' dir='ltr'>tribuniciae</span> <span class='ocrx_word' id='word_1_100' title='bbox 1412 905 1456 945; x_wconf 90' lang='lat' dir='ltr'>in</span> <span class='ocrx_word' id='word_1_101' title='bbox 1486 904 1560 946; x_wconf 89' lang='lat' dir='ltr'>ad-</span> 
     </span>
    </p>
   </div>
   <div class='ocr_carea' id='block_1_15' title="bbox 166 961 890 1004">
    <p class='ocr_par' dir='ltr' id='par_1_15' title="bbox 166 961 890 1004">
     <span class='ocr_line' id='line_1_20' title="bbox 166 961 890 1004; baseline 0.001 -2"><span class='ocrx_word' id='word_1_102' title='bbox 166 969 340 1002; x_wconf 89' lang='lat' dir='ltr'>ventum</span> <span class='ocrx_word' id='word_1_103' title='bbox 368 961 588 1003; x_wconf 90' lang='lat' dir='ltr'>consulum</span> <span class='ocrx_word' id='word_1_104' title='bbox 610 962 890 1004; x_wconf 86' lang='lat' dir='ltr'>differrentur.</span> 
     </span>
    </p>
   </div>
   <div class='ocr_carea' id='block_1_16' title="bbox 955 962 1561 1004">
    <p class='ocr_par' dir='ltr' id='par_1_16' title="bbox 955 962 1561 1004">
     <span class='ocr_line' id='line_1_21' title="bbox 955 962 1561 1004; baseline 0 -1"><span class='ocrx_word' id='word_1_105' title='bbox 955 962 1057 1003; x_wconf 86' lang='lat' dir='ltr'>Erat</span> <span class='ocrx_word' id='word_1_106' title='bbox 1078 972 1121 1004; x_wconf 89' lang='lat' dir='ltr'>et</span> <span class='ocrx_word' id='word_1_107' title='bbox 1142 978 1250 1003; x_wconf 80' lang='lat' dir='ltr'>nova</span> <span class='ocrx_word' id='word_1_108' title='bbox 1270 971 1416 1003; x_wconf 88' lang='lat' dir='ltr'>exorta</span> <span class='ocrx_word' id='word_1_109' title='bbox 1436 977 1561 1003; x_wconf 88' lang='lat' dir='ltr'>causa</span> 
     </span>
    </p>
   </div>
   <div class='ocr_carea' id='block_1_17' title="bbox 134 1018 1561 1132">
    <p class='ocr_par' dir='ltr' id='par_1_17' title="bbox 134 1018 1561 1132">
     <span class='ocr_line' id='line_1_22' title="bbox 134 1018 1561 1076; baseline 0.001 -17"><span class='ocrx_word' id='word_1_110' title='bbox 134 1027 316 1060; x_wconf 90' lang='lat' dir='ltr'>8motus.</span> <span class='ocrx_word' id='word_1_111' title='bbox 380 1019 433 1059; x_wconf 91' lang='lat' dir='ltr'>A.</span> <span class='ocrx_word' id='word_1_112' title='bbox 464 1018 687 1060; x_wconf 87' lang='lat' dir='ltr'>Cornelius</span> <span class='ocrx_word' id='word_1_113' title='bbox 715 1029 756 1061; x_wconf 91' lang='lat' dir='ltr'>et</span> <span class='ocrx_word' id='word_1_114' title='bbox 789 1020 842 1068; x_wconf 84' lang='lat' dir='ltr'>Q.</span> <span class='ocrx_word' id='word_1_115' title='bbox 871 1020 1068 1061; x_wconf 75' lang='lat' dir='ltr'>Servilius</span> <span class='ocrx_word' id='word_1_116' title='bbox 1099 1028 1340 1076; x_wconf 90' lang='lat' dir='ltr'>quaestores</span> <span class='ocrx_word' id='word_1_117' title='bbox 1370 1019 1429 1061; x_wconf 89' lang='lat' dir='ltr'>M.</span> <span class='ocrx_word' id='word_1_118' title='bbox 1456 1019 1561 1061; x_wconf 89' lang='lat' dir='ltr'>Vol-</span> 
     </span>
     <span class='ocr_line' id='line_1_23' title="bbox 166 1075 1558 1132; baseline 0.001 -16"><span class='ocrx_word' id='word_1_119' title='bbox 166 1075 264 1125; x_wconf 89' lang='lat' dir='ltr'>scio,</span> <span class='ocrx_word' id='word_1_120' title='bbox 287 1076 403 1132; x_wconf 91' lang='lat' dir='ltr'>quod</span> <span class='ocrx_word' id='word_1_121' title='bbox 423 1075 548 1117; x_wconf 88' lang='lat' dir='ltr'>falsus</span> <span class='ocrx_word' id='word_1_122' title='bbox 569 1076 683 1117; x_wconf 87' lang='lat' dir='ltr'>haud</span> <span class='ocrx_word' id='word_1_123' title='bbox 705 1077 832 1118; x_wconf 86' lang='lat' dir='ltr'>dubie</span> <span class='ocrx_word' id='word_1_124' title='bbox 855 1078 971 1118; x_wconf 88' lang='lat' dir='ltr'>testis</span> <span class='ocrx_word' id='word_1_125' title='bbox 993 1078 1036 1118; x_wconf 93' lang='lat' dir='ltr'>in</span> <span class='ocrx_word' id='word_1_126' title='bbox 1056 1078 1296 1118; x_wconf 83' lang='lat' dir='ltr'>Kaesonem</span> <span class='ocrx_word' id='word_1_127' title='bbox 1319 1077 1558 1126; x_wconf 83' lang='lat' dir='ltr'>exstitisset,</span> 
     </span>
    </p>
   </div>
   <div class='ocr_carea' id='block_1_18' title="bbox 165 1132 522 1175">
    <p class='ocr_par' dir='ltr' id='par_1_18' title="bbox 165 1132 522 1175">
     <span class='ocr_line' id='line_1_24' title="bbox 165 1132 522 1175; baseline 0 -1"><span class='ocrx_word' id='word_1_128' title='bbox 165 1132 279 1174; x_wconf 78' lang='lat' dir='ltr'>diem</span> <span class='ocrx_word' id='word_1_129' title='bbox 315 1133 522 1175; x_wconf 84' lang='lat' dir='ltr'>dixerant.</span> 
     </span>
    </p>
   </div>
   <div class='ocr_carea' id='block_1_19' title="bbox 598 1133 1557 1190">
    <p class='ocr_par' dir='ltr' id='par_1_19' title="bbox 598 1133 1557 1190">
     <span class='ocr_line' id='line_1_25' title="bbox 598 1133 1557 1190; baseline 0.001 -16"><span class='ocrx_word' id='word_1_130' title='bbox 598 1133 750 1175; x_wconf 87' lang='lat' dir='ltr'>Multis</span> <span class='ocrx_word' id='word_1_131' title='bbox 784 1135 897 1175; x_wconf 88' lang='lat' dir='ltr'>enim</span> <span class='ocrx_word' id='word_1_132' title='bbox 939 1136 1160 1176; x_wconf 84' lang='lat' dir='ltr'>emanabat</span> <span class='ocrx_word' id='word_1_133' title='bbox 1202 1134 1380 1184; x_wconf 88' lang='lat' dir='ltr'>indiciis,</span> <span class='ocrx_word' id='word_1_134' title='bbox 1418 1149 1557 1190; x_wconf 89' lang='lat' dir='ltr'>neque</span> 
     </span>
    </p>
   </div>
   <div class='ocr_carea' id='block_1_20' title="bbox 164 1189 1563 1477">
    <p class='ocr_par' dir='ltr' id='par_1_20' title="bbox 164 1189 1563 1477">
     <span class='ocr_line' id='line_1_26' title="bbox 164 1189 1560 1249; baseline 0.001 -18"><span class='ocrx_word' id='word_1_135' title='bbox 164 1189 335 1232; x_wconf 76' lang='lat' dir='ltr'>fiatrem</span> <span class='ocrx_word' id='word_1_136' title='bbox 361 1190 533 1240; x_wconf 90' lang='lat' dir='ltr'>Volscii,</span> <span class='ocrx_word' id='word_1_137' title='bbox 563 1206 616 1231; x_wconf 84' lang='lat' dir='ltr'>cx</span> <span class='ocrx_word' id='word_1_138' title='bbox 647 1207 732 1247; x_wconf 91' lang='lat' dir='ltr'>quo</span> <span class='ocrx_word' id='word_1_139' title='bbox 763 1191 892 1233; x_wconf 90' lang='lat' dir='ltr'>semel</span> <span class='ocrx_word' id='word_1_140' title='bbox 923 1191 1051 1233; x_wconf 89' lang='lat' dir='ltr'>fuerit</span> <span class='ocrx_word' id='word_1_141' title='bbox 1083 1207 1217 1249; x_wconf 83' lang='lat' dir='ltr'>aeger,</span> <span class='ocrx_word' id='word_1_142' title='bbox 1252 1207 1440 1248; x_wconf 86' lang='lat' dir='ltr'>unquam</span> <span class='ocrx_word' id='word_1_143' title='bbox 1474 1206 1560 1232; x_wconf 90' lang='lat' dir='ltr'>non</span> 
     </span>
     <span class='ocr_line' id='line_1_27' title="bbox 166 1247 1563 1306; baseline 0.001 -18"><span class='ocrx_word' id='word_1_144' title='bbox 166 1247 293 1289; x_wconf 91' lang='lat' dir='ltr'>modo</span> <span class='ocrx_word' id='word_1_145' title='bbox 309 1247 443 1288; x_wconf 89' lang='lat' dir='ltr'>visum</span> <span class='ocrx_word' id='word_1_146' title='bbox 461 1248 504 1288; x_wconf 91' lang='lat' dir='ltr'>in</span> <span class='ocrx_word' id='word_1_147' title='bbox 525 1248 706 1304; x_wconf 90' lang='lat' dir='ltr'>publico,</span> <span class='ocrx_word' id='word_1_148' title='bbox 725 1248 799 1290; x_wconf 91' lang='lat' dir='ltr'>sed</span> <span class='ocrx_word' id='word_1_149' title='bbox 819 1264 872 1290; x_wconf 89' lang='lat' dir='ltr'>ne</span> <span class='ocrx_word' id='word_1_150' title='bbox 895 1250 1163 1291; x_wconf 84' lang='lat' dir='ltr'>assurrexisse</span> <span class='ocrx_word' id='word_1_151' title='bbox 1181 1249 1353 1306; x_wconf 86' lang='lat' dir='ltr'>quidem</span> <span class='ocrx_word' id='word_1_152' title='bbox 1375 1265 1428 1290; x_wconf 86' lang='lat' dir='ltr'>ex</span> <span class='ocrx_word' id='word_1_153' title='bbox 1451 1263 1563 1290; x_wconf 91' lang='lat' dir='ltr'>mor-</span> 
     </span>
     <span class='ocr_line' id='line_1_28' title="bbox 165 1304 1562 1361; baseline 0.001 -16"><span class='ocrx_word' id='word_1_154' title='bbox 165 1304 235 1354; x_wconf 94' lang='lat' dir='ltr'>bo,</span> <span class='ocrx_word' id='word_1_155' title='bbox 268 1304 580 1361; x_wconf 89' lang='lat' dir='ltr'>multorumque</span> <span class='ocrx_word' id='word_1_156' title='bbox 613 1307 706 1347; x_wconf 90' lang='lat' dir='ltr'>tabe</span> <span class='ocrx_word' id='word_1_157' title='bbox 739 1307 947 1347; x_wconf 86' lang='lat' dir='ltr'>mensium</span> <span class='ocrx_word' id='word_1_158' title='bbox 978 1316 1214 1348; x_wconf 87' lang='lat' dir='ltr'>mortuum:</span> <span class='ocrx_word' id='word_1_159' title='bbox 1251 1321 1329 1347; x_wconf 90' lang='lat' dir='ltr'>nec</span> <span class='ocrx_word' id='word_1_160' title='bbox 1360 1306 1425 1347; x_wconf 91' lang='lat' dir='ltr'>his</span> <span class='ocrx_word' id='word_1_161' title='bbox 1456 1315 1562 1347; x_wconf 90' lang='lat' dir='ltr'>tem-</span> 
     </span>
     <span class='ocr_line' id='line_1_29' title="bbox 168 1361 1563 1418; baseline 0.001 -16"><span class='ocrx_word' id='word_1_162' title='bbox 168 1361 352 1418; x_wconf 86' lang='lat' dir='ltr'>poribus,</span> <span class='ocrx_word' id='word_1_163' title='bbox 375 1363 419 1402; x_wconf 91' lang='lat' dir='ltr'>in</span> <span class='ocrx_word' id='word_1_164' title='bbox 441 1377 548 1418; x_wconf 87' lang='lat' dir='ltr'>quae</span> <span class='ocrx_word' id='word_1_165' title='bbox 581 1363 696 1404; x_wconf 89' lang='lat' dir='ltr'>testis</span> <span class='ocrx_word' id='word_1_166' title='bbox 726 1363 886 1405; x_wconf 90' lang='lat' dir='ltr'>crimen</span> <span class='ocrx_word' id='word_1_167' title='bbox 917 1364 1176 1413; x_wconf 89' lang='lat' dir='ltr'>coniecisset,</span> <span class='ocrx_word' id='word_1_168' title='bbox 1208 1363 1450 1404; x_wconf 87' lang='lat' dir='ltr'>Kaesonem</span> <span class='ocrx_word' id='word_1_169' title='bbox 1474 1363 1563 1404; x_wconf 87' lang='lat' dir='ltr'>Ro-</span> 
     </span>
     <span class='ocr_line' id='line_1_30' title="bbox 168 1419 1561 1477; baseline 0.001 -18"><span class='ocrx_word' id='word_1_170' title='bbox 168 1433 260 1460; x_wconf 86' lang='lat' dir='ltr'>mae</span> <span class='ocrx_word' id='word_1_171' title='bbox 282 1419 440 1460; x_wconf 88' lang='lat' dir='ltr'>visum:</span> <span class='ocrx_word' id='word_1_172' title='bbox 474 1420 787 1469; x_wconf 87' lang='lat' dir='ltr'>affirmantibus,</span> <span class='ocrx_word' id='word_1_173' title='bbox 811 1421 883 1477; x_wconf 92' lang='lat' dir='ltr'>qui</span> <span class='ocrx_word' id='word_1_174' title='bbox 911 1436 995 1462; x_wconf 85' lang='lat' dir='ltr'>una</span> <span class='ocrx_word' id='word_1_175' title='bbox 1024 1429 1276 1470; x_wconf 87' lang='lat' dir='ltr'>meruerant,</span> <span class='ocrx_word' id='word_1_176' title='bbox 1299 1435 1442 1461; x_wconf 92' lang='lat' dir='ltr'>secum</span> <span class='ocrx_word' id='word_1_177' title='bbox 1463 1435 1561 1461; x_wconf 88' lang='lat' dir='ltr'>eum</span> 
     </span>
    </p>
   </div>
   <div class='ocr_carea' id='block_1_21' title="bbox 136 1476 1436 1593">
    <p class='ocr_par' dir='ltr' id='par_1_21' title="bbox 136 1476 1436 1593">
     <span class='ocr_line' id='line_1_31' title="bbox 136 1476 1436 1533; baseline 0 -15"><span class='ocrx_word' id='word_1_178' title='bbox 136 1483 260 1520; x_wconf 91' lang='lat' dir='ltr'>9tum</span> <span class='ocrx_word' id='word_1_179' title='bbox 287 1476 549 1532; x_wconf 87' lang='lat' dir='ltr'>frequentem</span> <span class='ocrx_word' id='word_1_180' title='bbox 582 1477 635 1518; x_wconf 89' lang='lat' dir='ltr'>ad</span> <span class='ocrx_word' id='word_1_181' title='bbox 666 1478 785 1533; x_wconf 85' lang='lat' dir='ltr'>signa</span> <span class='ocrx_word' id='word_1_182' title='bbox 814 1478 902 1518; x_wconf 91' lang='lat' dir='ltr'>sine</span> <span class='ocrx_word' id='word_1_183' title='bbox 935 1478 1020 1519; x_wconf 92' lang='lat' dir='ltr'>ullo</span> <span class='ocrx_word' id='word_1_184' title='bbox 1042 1487 1280 1520; x_wconf 85' lang='lat' dir='ltr'>commeatu</span> <span class='ocrx_word' id='word_1_185' title='bbox 1299 1477 1436 1518; x_wconf 90' lang='lat' dir='ltr'>fuisse.</span> 
     </span>
     <span class='ocr_line' id='line_1_32' title="bbox 136 1530 1344 1593; baseline 0.001 -18"><span class='ocrx_word' id='word_1_186' title='bbox 136 1530 227 1593; x_wconf 51' lang='lat' dir='ltr'>ssita</span> <span class='ocrx_word' id='word_1_187' title='bbox 246 1543 365 1584; x_wconf 87' lang='lat' dir='ltr'>esset,</span> <span class='ocrx_word' id='word_1_188' title='bbox 388 1533 507 1575; x_wconf 90' lang='lat' dir='ltr'>multi</span> <span class='ocrx_word' id='word_1_189' title='bbox 538 1534 731 1590; x_wconf 89' lang='lat' dir='ltr'>privatim</span> <span class='ocrx_word' id='word_1_190' title='bbox 761 1534 953 1576; x_wconf 90' lang='lat' dir='ltr'>ferebant</span> <span class='ocrx_word' id='word_1_191' title='bbox 974 1534 1144 1577; x_wconf 91' lang='lat' dir='ltr'>Volscio</span> <span class='ocrx_word' id='word_1_192' title='bbox 1173 1534 1344 1576; x_wconf 79' lang='lat' dir='ltr'>iudices,</span> 
     </span>
    </p>
   </div>
   <div class='ocr_carea' id='block_1_22' title="bbox 166 1651 846 2961">
    <p class='ocr_par' dir='ltr' id='par_1_22' title="bbox 166 1651 840 1904">
     <span class='ocr_line' id='line_1_33' title="bbox 204 1651 839 1691; baseline 0.002 -10"><span class='ocrx_word' id='word_1_193' title='bbox 204 1658 222 1690; x_wconf 87' lang='lat'>5</span> <span class='ocrx_word' id='word_1_194' title='bbox 235 1651 553 1690; x_wconf 76' lang='lat' dir='ltr'>DescisseAntiates]</span> <span class='ocrx_word' id='word_1_195' title='bbox 568 1651 661 1682; x_wconf 84' lang='lat' dir='ltr'>Haec</span> <span class='ocrx_word' id='word_1_196' title='bbox 672 1661 839 1691; x_wconf 72' lang='lat' dir='ltr'>perperam</span> 
     </span>
     <span class='ocr_line' id='line_1_34' title="bbox 167 1693 839 1733; baseline 0 -9"><span class='ocrx_word' id='word_1_197' title='bbox 167 1697 346 1731; x_wconf 77' lang='lat' dir='ltr'>nan-antur,</span> <span class='ocrx_word' id='word_1_198' title='bbox 360 1693 482 1733; x_wconf 87' lang='lat' dir='ltr'>quippe</span> <span class='ocrx_word' id='word_1_199' title='bbox 499 1693 633 1724; x_wconf 87' lang='lat' dir='ltr'>Antium</span> <span class='ocrx_word' id='word_1_200' title='bbox 658 1694 751 1724; x_wconf 84' lang='lat' dir='ltr'>venia</span> <span class='ocrx_word' id='word_1_201' title='bbox 776 1695 839 1724; x_wconf 80' lang='lat' dir='ltr'>Ro-</span> 
     </span>
     <span class='ocr_line' id='line_1_35' title="bbox 166 1736 838 1775; baseline 0.001 -9"><span class='ocrx_word' id='word_1_202' title='bbox 166 1745 334 1766; x_wconf 81' lang='lat' dir='ltr'>manorum</span> <span class='ocrx_word' id='word_1_203' title='bbox 359 1736 390 1766; x_wconf 90' lang='lat' dir='ltr'>in</span> <span class='ocrx_word' id='word_1_204' title='bbox 414 1746 504 1766; x_wconf 89' lang='lat' dir='ltr'>suam</span> <span class='ocrx_word' id='word_1_205' title='bbox 530 1740 722 1775; x_wconf 85' lang='lat' dir='ltr'>potestatem</span> <span class='ocrx_word' id='word_1_206' title='bbox 740 1737 838 1767; x_wconf 83' lang='lat' dir='ltr'>redie-</span> 
     </span>
     <span class='ocr_line' id='line_1_36' title="bbox 166 1778 840 1818; baseline 0.001 -9"><span class='ocrx_word' id='word_1_207' title='bbox 166 1782 227 1816; x_wconf 85' lang='lat' dir='ltr'>rat,</span> <span class='ocrx_word' id='word_1_208' title='bbox 240 1783 277 1809; x_wconf 88' lang='lat' dir='ltr'>ut</span> <span class='ocrx_word' id='word_1_209' title='bbox 299 1789 381 1818; x_wconf 83' lang='lat' dir='ltr'>quae</span> <span class='ocrx_word' id='word_1_210' title='bbox 404 1779 478 1808; x_wconf 85' lang='lat' dir='ltr'>urbs</span> <span class='ocrx_word' id='word_1_211' title='bbox 502 1778 533 1808; x_wconf 93' lang='lat' dir='ltr'>in</span> <span class='ocrx_word' id='word_1_212' title='bbox 554 1778 697 1809; x_wconf 85' lang='lat' dir='ltr'>amicitia</span> <span class='ocrx_word' id='word_1_213' title='bbox 722 1780 840 1810; x_wconf 86' lang='lat' dir='ltr'>Roma-</span> 
     </span>
     <span class='ocr_line' id='line_1_37' title="bbox 166 1822 839 1861; baseline 0.001 -10"><span class='ocrx_word' id='word_1_214' title='bbox 166 1830 280 1852; x_wconf 84' lang='lat' dir='ltr'>norum</span> <span class='ocrx_word' id='word_1_215' title='bbox 298 1831 354 1861; x_wconf 92' lang='lat' dir='ltr'>per</span> <span class='ocrx_word' id='word_1_216' title='bbox 364 1832 465 1852; x_wconf 87' lang='lat' dir='ltr'>annos</span> <span class='ocrx_word' id='word_1_217' title='bbox 476 1822 576 1852; x_wconf 83' lang='lat' dir='ltr'>ferme</span> <span class='ocrx_word' id='word_1_218' title='bbox 589 1832 661 1852; x_wconf 82' lang='lat' dir='ltr'>cxx.</span> <span class='ocrx_word' id='word_1_219' title='bbox 678 1822 839 1852; x_wconf 86' lang='lat' dir='ltr'>manserit.</span> 
     </span>
     <span class='ocr_line' id='line_1_38' title="bbox 167 1863 489 1904; baseline 0 -10"><span class='ocrx_word' id='word_1_220' title='bbox 167 1863 304 1894; x_wconf 84' lang='lat' dir='ltr'>Niebhr.</span> <span class='ocrx_word' id='word_1_221' title='bbox 321 1863 352 1894; x_wconf 92' lang='lat' dir='ltr'>ii.</span> <span class='ocrx_word' id='word_1_222' title='bbox 370 1874 400 1904; x_wconf 88' lang='lat' dir='ltr'>p.</span> <span class='ocrx_word' id='word_1_223' title='bbox 419 1873 489 1903; x_wconf 77' lang='lat'><strong>²54·</strong></span> 
     </span>
    </p>

    <p class='ocr_par' dir='ltr' id='par_1_23' title="bbox 166 1904 843 2116">
     <span class='ocr_line' id='line_1_39' title="bbox 209 1904 842 1946; baseline 0.003 -10"><span class='ocrx_word' id='word_1_224' title='bbox 209 1904 229 1937; x_wconf 94' lang='lat'><strong>6</strong></span> <span class='ocrx_word' id='word_1_225' title='bbox 245 1907 501 1937; x_wconf 76' lang='lat' dir='ltr'>Frustrationem</span> <span class='ocrx_word' id='word_1_226' title='bbox 512 1917 580 1937; x_wconf 85' lang='lat' dir='ltr'>eam</span> <span class='ocrx_word' id='word_1_227' title='bbox 595 1907 672 1946; x_wconf 71' lang='lat' dir='ltr'>leyt&#39;s</span> <span class='ocrx_word' id='word_1_228' title='bbox 687 1908 842 1938; x_wconf 77' lang='lat' dir='ltr'>tollendae</span> 
     </span>
     <span class='ocr_line' id='line_1_40' title="bbox 166 1949 841 1988; baseline 0 -8"><span class='ocrx_word' id='word_1_229' title='bbox 166 1950 249 1987; x_wconf 70' lang='lat' dir='ltr'>esse]</span> <span class='ocrx_word' id='word_1_230' title='bbox 278 1949 352 1979; x_wconf 82' lang='lat' dir='ltr'>Hac</span> <span class='ocrx_word' id='word_1_231' title='bbox 367 1949 486 1988; x_wconf 85' lang='lat' dir='ltr'>specie,</span> <span class='ocrx_word' id='word_1_232' title='bbox 502 1949 562 1979; x_wconf 89' lang='lat' dir='ltr'>hoc</span> <span class='ocrx_word' id='word_1_233' title='bbox 586 1950 692 1980; x_wconf 88' lang='lat' dir='ltr'>colore</span> <span class='ocrx_word' id='word_1_234' title='bbox 713 1950 841 1980; x_wconf 81' lang='lat' dir='ltr'>fraudu-</span> 
     </span>
     <span class='ocr_line' id='line_1_41' title="bbox 168 1991 843 2031; baseline 0.001 -10"><span class='ocrx_word' id='word_1_235' title='bbox 168 1991 272 2022; x_wconf 84' lang='lat' dir='ltr'>lenter</span> <span class='ocrx_word' id='word_1_236' title='bbox 306 1991 353 2022; x_wconf 82' lang='lat' dir='ltr'>uti</span> <span class='ocrx_word' id='word_1_237' title='bbox 389 1991 540 2031; x_wconf 82' lang='lat' dir='ltr'>patricios</span> <span class='ocrx_word' id='word_1_238' title='bbox 569 1992 733 2022; x_wconf 83' lang='lat' dir='ltr'>tollendae</span> <span class='ocrx_word' id='word_1_239' title='bbox 763 1992 843 2031; x_wconf 86' lang='lat' dir='ltr'>legis</span> 
     </span>
     <span class='ocr_line' id='line_1_42' title="bbox 169 2033 842 2074; baseline 0 -10"><span class='ocrx_word' id='word_1_240' title='bbox 169 2043 274 2064; x_wconf 75' lang='lat' dir='ltr'>causa.</span> <span class='ocrx_word' id='word_1_241' title='bbox 299 2034 404 2065; x_wconf 68' lang='lat' dir='ltr'>Cnnv.</span> <span class='ocrx_word' id='word_1_242' title='bbox 443 2034 482 2063; x_wconf 83' lang='lat' dir='ltr'>cf.</span> <span class='ocrx_word' id='word_1_243' title='bbox 515 2033 585 2064; x_wconf 83' lang='lat' dir='ltr'>infr.</span> <span class='ocrx_word' id='word_1_244' title='bbox 619 2043 667 2073; x_wconf 89' lang='lat'>31.</span> <span class='ocrx_word' id='word_1_245' title='bbox 698 2045 842 2074; x_wconf 77' lang='lat' dir='ltr'>quaeque</span> 
     </span>
     <span class='ocr_line' id='line_1_43' title="bbox 167 2077 819 2116; baseline -0.002 -10"><span class='ocrx_word' id='word_1_246' title='bbox 167 2077 398 2116; x_wconf 68' lang='lat' dir='ltr'>exaequandae</span> <span class='ocrx_word' id='word_1_247' title='bbox 413 2077 570 2106; x_wconf 68' lang='lat' dir='ltr'>libertatis</span> <span class='ocrx_word' id='word_1_248' title='bbox 585 2080 696 2106; x_wconf 73' lang='lat' dir='ltr'>essent.</span> <span class='ocrx_word' id='word_1_249' title='bbox 722 2080 753 2105; x_wconf 89' lang='lat' dir='ltr'>et</span> <span class='ocrx_word' id='word_1_250' title='bbox 772 2085 819 2116; x_wconf 82' lang='lat'>39.</span> 
     </span>
    </p>

    <p class='ocr_par' dir='ltr' id='par_1_24' title="bbox 168 2118 846 2497">
     <span class='ocr_line' id='line_1_44' title="bbox 215 2118 842 2157; baseline -0.002 -9"><span class='ocrx_word' id='word_1_251' title='bbox 215 2125 231 2157; x_wconf 90' lang='lat'><strong>7</strong></span> <span class='ocrx_word' id='word_1_252' title='bbox 253 2118 394 2148; x_wconf 70' lang='lat' dir='ltr'>Publius</span> <span class='ocrx_word' id='word_1_253' title='bbox 424 2119 609 2155; x_wconf 70' lang='lat' dir='ltr'>Lucretius]</span> <span class='ocrx_word' id='word_1_254' title='bbox 650 2118 842 2156; x_wconf 85' lang='lat' dir='ltr'>Suspectum</span> 
     </span>
     <span class='ocr_line' id='line_1_45' title="bbox 169 2161 844 2199; baseline 0.001 -10"><span class='ocrx_word' id='word_1_255' title='bbox 169 2164 217 2190; x_wconf 75' lang='lat' dir='ltr'>est</span> <span class='ocrx_word' id='word_1_256' title='bbox 242 2169 437 2199; x_wconf 73' lang='lat' dir='ltr'>praenomen</span> <span class='ocrx_word' id='word_1_257' title='bbox 462 2161 601 2190; x_wconf 60' lang='lat' dir='ltr'>Publius</span> <span class='ocrx_word' id='word_1_258' title='bbox 629 2170 685 2199; x_wconf 88' lang='lat' dir='ltr'>pro</span> <span class='ocrx_word' id='word_1_259' title='bbox 711 2162 844 2197; x_wconf 70' lang='lat' dir='ltr'>Lucius,</span> 
     </span>
     <span class='ocr_line' id='line_1_46' title="bbox 169 2201 844 2242; baseline 0 -10"><span class='ocrx_word' id='word_1_260' title='bbox 169 2201 223 2242; x_wconf 84' lang='lat' dir='ltr'>qui</span> <span class='ocrx_word' id='word_1_261' title='bbox 240 2201 377 2232; x_wconf 84' lang='lat' dir='ltr'>triennio</span> <span class='ocrx_word' id='word_1_262' title='bbox 392 2206 467 2232; x_wconf 83' lang='lat' dir='ltr'>ante</span> <span class='ocrx_word' id='word_1_263' title='bbox 483 2203 594 2232; x_wconf 80' lang='lat' dir='ltr'>consul</span> <span class='ocrx_word' id='word_1_264' title='bbox 608 2203 720 2232; x_wconf 81' lang='lat' dir='ltr'>fuemt.</span> <span class='ocrx_word' id='word_1_265' title='bbox 758 2202 844 2233; x_wconf 81' lang='lat' dir='ltr'>Nam</span> 
     </span>
     <span class='ocr_line' id='line_1_47' title="bbox 169 2244 844 2284; baseline -0.001 -9"><span class='ocrx_word' id='word_1_266' title='bbox 169 2254 281 2275; x_wconf 80' lang='lat' dir='ltr'>omnes</span> <span class='ocrx_word' id='word_1_267' title='bbox 302 2244 453 2284; x_wconf 80' lang='lat' dir='ltr'>praefecti</span> <span class='ocrx_word' id='word_1_268' title='bbox 479 2244 564 2274; x_wconf 80' lang='lat' dir='ltr'>urbis</span> <span class='ocrx_word' id='word_1_269' title='bbox 586 2249 661 2274; x_wconf 77' lang='lat' dir='ltr'>ante</span> <span class='ocrx_word' id='word_1_270' title='bbox 685 2244 744 2275; x_wconf 87' lang='lat' dir='ltr'>hoc</span> <span class='ocrx_word' id='word_1_271' title='bbox 766 2250 844 2275; x_wconf 87' lang='lat' dir='ltr'>tem-</span> 
     </span>
     <span class='ocr_line' id='line_1_48' title="bbox 169 2287 845 2327; baseline 0 -10"><span class='ocrx_word' id='word_1_272' title='bbox 169 2288 569 2327; x_wconf 75' lang='lat' dir='ltr'>pusconsularesfuerunt.</span> <span class='ocrx_word' id='word_1_273' title='bbox 590 2287 726 2317; x_wconf 61' lang='lat' dir='ltr'>Dumna.</span> <span class='ocrx_word' id='word_1_274' title='bbox 753 2287 845 2318; x_wconf 80' lang='lat' dir='ltr'>Haec</span> 
     </span>
     <span class='ocr_line' id='line_1_49' title="bbox 170 2329 844 2369; baseline 0 -9"><span class='ocrx_word' id='word_1_275' title='bbox 170 2329 353 2361; x_wconf 84' lang='lat' dir='ltr'>coniectum</span> <span class='ocrx_word' id='word_1_276' title='bbox 376 2329 556 2360; x_wconf 79' lang='lat' dir='ltr'>Niebuhrio</span> <span class='ocrx_word' id='word_1_277' title='bbox 578 2330 753 2360; x_wconf 83' lang='lat' dir='ltr'>admodum</span> <span class='ocrx_word' id='word_1_278' title='bbox 780 2330 844 2369; x_wconf 82' lang='lat' dir='ltr'>pla-</span> 
     </span>
     <span class='ocr_line' id='line_1_50' title="bbox 169 2372 846 2412; baseline -0.001 -9"><span class='ocrx_word' id='word_1_279' title='bbox 169 2376 232 2411; x_wconf 78' lang='lat' dir='ltr'>cet,</span> <span class='ocrx_word' id='word_1_280' title='bbox 258 2372 313 2412; x_wconf 87' lang='lat' dir='ltr'>qui</span> <span class='ocrx_word' id='word_1_281' title='bbox 344 2372 522 2412; x_wconf 76' lang='lat' dir='ltr'>praefectos</span> <span class='ocrx_word' id='word_1_282' title='bbox 550 2372 636 2402; x_wconf 82' lang='lat' dir='ltr'>urbis</span> <span class='ocrx_word' id='word_1_283' title='bbox 663 2373 846 2402; x_wconf 83' lang='lat' dir='ltr'>consulares</span> 
     </span>
     <span class='ocr_line' id='line_1_51' title="bbox 168 2414 844 2446; baseline -0.001 0"><span class='ocrx_word' id='word_1_284' title='bbox 168 2415 266 2446; x_wconf 73' lang='lat' dir='ltr'>fuisse</span> <span class='ocrx_word' id='word_1_285' title='bbox 281 2419 357 2446; x_wconf 77' lang='lat' dir='ltr'>ante</span> <span class='ocrx_word' id='word_1_286' title='bbox 372 2414 624 2445; x_wconf 79' lang='lat' dir='ltr'>decemviratum</span> <span class='ocrx_word' id='word_1_287' title='bbox 645 2414 844 2445; x_wconf 79' lang='lat' dir='ltr'>animadver-</span> 
     </span>
     <span class='ocr_line' id='line_1_52' title="bbox 169 2457 383 2497; baseline -0.005 -9"><span class='ocrx_word' id='word_1_288' title='bbox 169 2457 221 2494; x_wconf 79' lang='lat' dir='ltr'>tit,</span> <span class='ocrx_word' id='word_1_289' title='bbox 237 2457 268 2488; x_wconf 86' lang='lat' dir='ltr'>ii.</span> <span class='ocrx_word' id='word_1_290' title='bbox 286 2468 316 2488; x_wconf 86' lang='lat' dir='ltr'>n.</span> <span class='ocrx_word' id='word_1_291' title='bbox 334 2465 383 2497; x_wconf 84' lang='lat'>55.</span> 
     </span>
    </p>

    <p class='ocr_par' dir='ltr' id='par_1_25' title="bbox 170 2499 844 2581">
     <span class='ocr_line' id='line_1_53' title="bbox 213 2499 844 2538; baseline 0 -8"><span class='ocrx_word' id='word_1_292' title='bbox 213 2501 233 2530; x_wconf 92' lang='lat'><strong>8</strong></span> <span class='ocrx_word' id='word_1_293' title='bbox 259 2501 465 2538; x_wconf 64' lang='lat' dir='ltr'>Quaestorce]</span> <span class='ocrx_word' id='word_1_294' title='bbox 512 2510 554 2531; x_wconf 77' lang='lat' dir='ltr'>se.</span> <span class='ocrx_word' id='word_1_295' title='bbox 592 2499 771 2537; x_wconf 80' lang='lat' dir='ltr'>Parricidii,</span> <span class='ocrx_word' id='word_1_296' title='bbox 810 2504 844 2530; x_wconf 82' lang='lat' dir='ltr'>ut</span> 
     </span>
     <span class='ocr_line' id='line_1_54' title="bbox 170 2541 370 2581; baseline -0.005 -8"><span class='ocrx_word' id='word_1_297' title='bbox 170 2551 256 2581; x_wconf 74' lang='lat' dir='ltr'>supr.</span> <span class='ocrx_word' id='word_1_298' title='bbox 272 2541 304 2573; x_wconf 84' lang='lat' dir='ltr'>ii.</span> <span class='ocrx_word' id='word_1_299' title='bbox 321 2552 370 2581; x_wconf 79' lang='lat'>⁴¹·</span> 
     </span>
    </p>

    <p class='ocr_par' dir='ltr' id='par_1_26' title="bbox 171 2585 844 2750">
     <span class='ocr_line' id='line_1_55' title="bbox 213 2585 843 2624; baseline 0 -10"><span class='ocrx_word' id='word_1_300' title='bbox 213 2594 234 2624; x_wconf 91' lang='lat'>9</span> <span class='ocrx_word' id='word_1_301' title='bbox 255 2586 334 2615; x_wconf 75' lang='lat' dir='ltr'>Sine</span> <span class='ocrx_word' id='word_1_302' title='bbox 350 2585 415 2615; x_wconf 83' lang='lat' dir='ltr'>ullo</span> <span class='ocrx_word' id='word_1_303' title='bbox 429 2586 620 2623; x_wconf 79' lang='lat' dir='ltr'>commeatu]</span> <span class='ocrx_word' id='word_1_304' title='bbox 640 2585 670 2615; x_wconf 83' lang='lat' dir='ltr'>h.</span> <span class='ocrx_word' id='word_1_305' title='bbox 688 2596 714 2615; x_wconf 85' lang='lat' dir='ltr'>e.</span> <span class='ocrx_word' id='word_1_306' title='bbox 742 2585 793 2615; x_wconf 78' lang='lat' dir='ltr'>Ita</span> <span class='ocrx_word' id='word_1_307' title='bbox 810 2589 843 2614; x_wconf 85' lang='lat' dir='ltr'>ut</span> 
     </span>
     <span class='ocr_line' id='line_1_56' title="bbox 171 2626 843 2666; baseline -0.001 -9"><span class='ocrx_word' id='word_1_308' title='bbox 171 2636 335 2665; x_wconf 76' lang='lat' dir='ltr'>nunquam</span> <span class='ocrx_word' id='word_1_309' title='bbox 353 2626 427 2657; x_wconf 87' lang='lat' dir='ltr'>inde</span> <span class='ocrx_word' id='word_1_310' title='bbox 446 2627 582 2657; x_wconf 79' lang='lat' dir='ltr'>Romam</span> <span class='ocrx_word' id='word_1_311' title='bbox 607 2631 663 2657; x_wconf 80' lang='lat' dir='ltr'>aut</span> <span class='ocrx_word' id='word_1_312' title='bbox 685 2627 750 2657; x_wconf 79' lang='lat' dir='ltr'>alio</span> <span class='ocrx_word' id='word_1_313' title='bbox 777 2637 843 2666; x_wconf 68' lang='lat' dir='ltr'>pas-</span> 
     </span>
     <span class='ocr_line' id='line_1_57' title="bbox 171 2668 844 2708; baseline 0 -9"><span class='ocrx_word' id='word_1_314' title='bbox 171 2668 229 2699; x_wconf 82' lang='lat' dir='ltr'>sim</span> <span class='ocrx_word' id='word_1_315' title='bbox 247 2668 436 2705; x_wconf 81' lang='lat' dir='ltr'>discederet,</span> <span class='ocrx_word' id='word_1_316' title='bbox 450 2674 547 2708; x_wconf 78' lang='lat' dir='ltr'>atque</span> <span class='ocrx_word' id='word_1_317' title='bbox 571 2669 685 2699; x_wconf 77' lang='lat' dir='ltr'>iterum</span> <span class='ocrx_word' id='word_1_318' title='bbox 710 2674 844 2699; x_wconf 78' lang='lat' dir='ltr'>reverte-</span> 
     </span>
     <span class='ocr_line' id='line_1_58' title="bbox 171 2710 481 2750; baseline -0.003 -8"><span class='ocrx_word' id='word_1_319' title='bbox 171 2715 266 2742; x_wconf 82' lang='lat' dir='ltr'>retur.</span> <span class='ocrx_word' id='word_1_320' title='bbox 291 2720 375 2749; x_wconf 73' lang='lat' dir='ltr'>supr.</span> <span class='ocrx_word' id='word_1_321' title='bbox 394 2710 412 2740; x_wconf 83' lang='lat' dir='ltr'>i.</span> <span class='ocrx_word' id='word_1_322' title='bbox 432 2719 481 2750; x_wconf 79' lang='lat'>57.</span> 
     </span>
    </p>

    <p class='ocr_par' dir='ltr' id='par_1_27' title="bbox 171 2752 844 2961">
     <span class='ocr_line' id='line_1_59' title="bbox 220 2752 843 2790; baseline 0 -7"><span class='ocrx_word' id='word_1_323' title='bbox 220 2763 228 2783; x_wconf 84' lang='grc' dir='ltr'>ι</span> <span class='ocrx_word' id='word_1_324' title='bbox 257 2754 303 2784; x_wconf 73' lang='lat' dir='ltr'>Ni</span> <span class='ocrx_word' id='word_1_325' title='bbox 319 2754 365 2782; x_wconf 76' lang='lat' dir='ltr'>ita</span> <span class='ocrx_word' id='word_1_326' title='bbox 380 2754 476 2790; x_wconf 76' lang='lat' dir='ltr'><em>cuce]</em></span> <span class='ocrx_word' id='word_1_327' title='bbox 508 2752 579 2783; x_wconf 82' lang='lat' dir='ltr'>Nisi</span> <span class='ocrx_word' id='word_1_328' title='bbox 604 2753 648 2783; x_wconf 76' lang='lat' dir='ltr'>ita</span> <span class='ocrx_word' id='word_1_329' title='bbox 670 2764 703 2783; x_wconf 76' lang='lat' dir='ltr'>se</span> <span class='ocrx_word' id='word_1_330' title='bbox 727 2763 774 2783; x_wconf 73' lang='lat' dir='ltr'>res</span> <span class='ocrx_word' id='word_1_331' title='bbox 792 2753 843 2783; x_wconf 76' lang='lat' dir='ltr'>hn-</span> 
     </span>
     <span class='ocr_line' id='line_1_60' title="bbox 172 2794 842 2833; baseline -0.004 -7"><span class='ocrx_word' id='word_1_332' title='bbox 172 2796 272 2832; x_wconf 80' lang='lat' dir='ltr'>beret,</span> <span class='ocrx_word' id='word_1_333' title='bbox 287 2800 318 2825; x_wconf 85' lang='lat' dir='ltr'>et</span> <span class='ocrx_word' id='word_1_334' title='bbox 335 2794 358 2824; x_wconf 78' lang='lat' dir='ltr'>si</span> <span class='ocrx_word' id='word_1_335' title='bbox 379 2794 528 2825; x_wconf 77' lang='lat' dir='ltr'>Volscius</span> <span class='ocrx_word' id='word_1_336' title='bbox 538 2794 598 2825; x_wconf 80' lang='lat' dir='ltr'>hoe</span> <span class='ocrx_word' id='word_1_337' title='bbox 611 2800 751 2833; x_wconf 73' lang='lat' dir='ltr'>negaret,</span> <span class='ocrx_word' id='word_1_338' title='bbox 767 2794 842 2833; x_wconf 75' lang='lat' dir='ltr'>(for-</span> 
     </span>
     <span class='ocr_line' id='line_1_61' title="bbox 171 2837 843 2876; baseline -0.004 -7"><span class='ocrx_word' id='word_1_339' title='bbox 171 2838 271 2874; x_wconf 76' lang='lat' dir='ltr'>mula,</span> <span class='ocrx_word' id='word_1_340' title='bbox 295 2837 326 2868; x_wconf 89' lang='lat' dir='ltr'>in</span> <span class='ocrx_word' id='word_1_341' title='bbox 350 2847 445 2876; x_wconf 76' lang='lat' dir='ltr'>quam</span> <span class='ocrx_word' id='word_1_342' title='bbox 470 2837 607 2867; x_wconf 74' lang='lat' dir='ltr'>dabutur</span> <span class='ocrx_word' id='word_1_343' title='bbox 630 2837 796 2872; x_wconf 71' lang='lat' dir='ltr'>iudicium,</span> <span class='ocrx_word' id='word_1_344' title='bbox 812 2841 843 2867; x_wconf 86' lang='lat' dir='ltr'>et</span> 
     </span>
     <span class='ocr_line' id='line_1_62' title="bbox 171 2879 844 2919; baseline -0.003 -7"><span class='ocrx_word' id='word_1_345' title='bbox 171 2879 313 2912; x_wconf 69' lang='lat' dir='ltr'>solennis</span> <span class='ocrx_word' id='word_1_346' title='bbox 342 2879 373 2909; x_wconf 90' lang='lat' dir='ltr'>in</span> <span class='ocrx_word' id='word_1_347' title='bbox 404 2879 639 2919; x_wconf 71' lang='lat' dir='ltr'>sponsionibus,</span> <span class='ocrx_word' id='word_1_348' title='bbox 667 2879 697 2909; x_wconf 87' lang='lat' dir='ltr'>in</span> <span class='ocrx_word' id='word_1_349' title='bbox 728 2879 844 2919; x_wconf 83' lang='lat' dir='ltr'>quibus</span> 
     </span>
     <span class='ocr_line' id='line_1_63' title="bbox 172 2920 841 2961; baseline -0.001 -7"><span class='ocrx_word' id='word_1_350' title='bbox 172 2927 384 2959; x_wconf 72' lang='lat' dir='ltr'>sacramento,</span> <span class='ocrx_word' id='word_1_351' title='bbox 410 2921 440 2954; x_wconf 81' lang='lat' dir='ltr'>h.</span> <span class='ocrx_word' id='word_1_352' title='bbox 458 2932 486 2953; x_wconf 83' lang='lat' dir='ltr'>e.</span> <span class='ocrx_word' id='word_1_353' title='bbox 513 2926 599 2953; x_wconf 77' lang='lat' dir='ltr'>certa</span> <span class='ocrx_word' id='word_1_354' title='bbox 627 2920 763 2961; x_wconf 78' lang='lat' dir='ltr'>pecunia</span> <span class='ocrx_word' id='word_1_355' title='bbox 789 2922 841 2953; x_wconf 82' lang='lat' dir='ltr'>dc-</span> 
     </span>
    </p>
   </div>
   <div class='ocr_carea' id='block_1_23' title="bbox 1501 1476 1561 1518">
    <p class='ocr_par' dir='ltr' id='par_1_28' title="bbox 1501 1476 1561 1518">
     <span class='ocr_line' id='line_1_64' title="bbox 1501 1476 1561 1518; baseline -0.017 0"><span class='ocrx_word' id='word_1_356' title='bbox 1501 1476 1561 1518; x_wconf 89' lang='lat' dir='ltr'>Ni</span> 
     </span>
    </p>
   </div>
   <div class='ocr_carea' id='block_1_24' title="bbox 1411 1534 1559 1582">
    <p class='ocr_par' dir='ltr' id='par_1_29' title="bbox 1411 1534 1559 1582">
     <span class='ocr_line' id='line_1_65' title="bbox 1411 1534 1559 1582; baseline -0.007 -7"><span class='ocrx_word' id='word_1_357' title='bbox 1411 1534 1559 1582; x_wconf 84' lang='lat' dir='ltr'>Quum</span> 
     </span>
    </p>
   </div>
   <div class='ocr_carea' id='block_1_25' title="bbox 884 1652 1566 2963">
    <p class='ocr_par' dir='ltr' id='par_1_30' title="bbox 884 1652 1562 1735">
     <span class='ocr_line' id='line_1_66' title="bbox 884 1652 1562 1693; baseline 0.001 -11"><span class='ocrx_word' id='word_1_358' title='bbox 884 1652 989 1692; x_wconf 84' lang='lat' dir='ltr'>posita</span> <span class='ocrx_word' id='word_1_359' title='bbox 1006 1653 1056 1683; x_wconf 83' lang='lat' dir='ltr'>vel</span> <span class='ocrx_word' id='word_1_360' title='bbox 1081 1652 1246 1692; x_wconf 87' lang='lat' dir='ltr'>promissa,</span> <span class='ocrx_word' id='word_1_361' title='bbox 1261 1653 1333 1692; x_wconf 86' lang='lat' dir='ltr'>quis</span> <span class='ocrx_word' id='word_1_362' title='bbox 1355 1663 1428 1684; x_wconf 90' lang='lat' dir='ltr'>cum</span> <span class='ocrx_word' id='word_1_363' title='bbox 1451 1653 1562 1693; x_wconf 89' lang='lat' dir='ltr'>aliquo</span> 
     </span>
     <span class='ocr_line' id='line_1_67' title="bbox 885 1694 1238 1735; baseline 0.003 -10"><span class='ocrx_word' id='word_1_364' title='bbox 885 1694 1128 1735; x_wconf 82' lang='lat' dir='ltr'>contendebat.)</span> <span class='ocrx_word' id='word_1_365' title='bbox 1153 1696 1238 1726; x_wconf 76' lang='lat' dir='ltr'>Rcr.</span> 
     </span>
    </p>

    <p class='ocr_par' dir='ltr' id='par_1_31' title="bbox 884 1738 1566 2963">
     <span class='ocr_line' id='line_1_68' title="bbox 929 1738 1562 1777; baseline 0.003 -10"><span class='ocrx_word' id='word_1_366' title='bbox 929 1748 944 1768; x_wconf 78' lang='lat'>2</span> <span class='ocrx_word' id='word_1_367' title='bbox 977 1739 1156 1776; x_wconf 77' lang='lat' dir='ltr'>Privatim]</span> <span class='ocrx_word' id='word_1_368' title='bbox 1199 1738 1330 1769; x_wconf 80' lang='lat' dir='ltr'>I&#39;meter</span> <span class='ocrx_word' id='word_1_369' title='bbox 1366 1743 1562 1777; x_wconf 78' lang='lat' dir='ltr'>quaestores,</span> 
     </span>
     <span class='ocr_line' id='line_1_69' title="bbox 884 1779 1560 1820; baseline 0.004 -12"><span class='ocrx_word' id='word_1_370' title='bbox 884 1779 938 1819; x_wconf 83' lang='lat' dir='ltr'>qui</span> <span class='ocrx_word' id='word_1_371' title='bbox 957 1780 1086 1819; x_wconf 84' lang='lat' dir='ltr'>publice</span> <span class='ocrx_word' id='word_1_372' title='bbox 1102 1785 1133 1811; x_wconf 91' lang='lat' dir='ltr'>et</span> <span class='ocrx_word' id='word_1_373' title='bbox 1151 1780 1179 1810; x_wconf 79' lang='lat' dir='ltr'>vi</span> <span class='ocrx_word' id='word_1_374' title='bbox 1197 1781 1400 1820; x_wconf 74' lang='lat' dir='ltr'>magistratus</span> <span class='ocrx_word' id='word_1_375' title='bbox 1415 1781 1462 1811; x_wconf 82' lang='lat' dir='ltr'>sui</span> <span class='ocrx_word' id='word_1_376' title='bbox 1482 1781 1560 1811; x_wconf 90' lang='lat' dir='ltr'>Vol-</span> 
     </span>
     <span class='ocr_line' id='line_1_70' title="bbox 885 1822 1562 1863; baseline 0.001 -11"><span class='ocrx_word' id='word_1_377' title='bbox 885 1822 986 1853; x_wconf 85' lang='lat' dir='ltr'>scium</span> <span class='ocrx_word' id='word_1_378' title='bbox 1010 1824 1216 1861; x_wconf 86' lang='lat' dir='ltr'>accusabant,</span> <span class='ocrx_word' id='word_1_379' title='bbox 1237 1824 1331 1854; x_wconf 90' lang='lat' dir='ltr'>multi</span> <span class='ocrx_word' id='word_1_380' title='bbox 1356 1823 1505 1863; x_wconf 81' lang='lat' dir='ltr'>privatim</span> <span class='ocrx_word' id='word_1_381' title='bbox 1529 1828 1562 1854; x_wconf 85' lang='lat' dir='ltr'>et</span> 
     </span>
     <span class='ocr_line' id='line_1_71' title="bbox 885 1865 1563 1903; baseline 0.003 -9"><span class='ocrx_word' id='word_1_382' title='bbox 885 1876 943 1895; x_wconf 83' lang='lat' dir='ltr'>suo</span> <span class='ocrx_word' id='word_1_383' title='bbox 969 1865 1097 1896; x_wconf 91' lang='lat' dir='ltr'>nomine</span> <span class='ocrx_word' id='word_1_384' title='bbox 1120 1876 1193 1896; x_wconf 89' lang='lat' dir='ltr'>eum</span> <span class='ocrx_word' id='word_1_385' title='bbox 1219 1865 1250 1896; x_wconf 86' lang='lat' dir='ltr'>in</span> <span class='ocrx_word' id='word_1_386' title='bbox 1275 1866 1324 1896; x_wconf 86' lang='lat' dir='ltr'>ius</span> <span class='ocrx_word' id='word_1_387' title='bbox 1347 1867 1515 1903; x_wconf 71' lang='lat' dir='ltr'>vocabant,</span> <span class='ocrx_word' id='word_1_388' title='bbox 1530 1869 1563 1896; x_wconf 85' lang='lat' dir='ltr'>et</span> 
     </span>
     <span class='ocr_line' id='line_1_72' title="bbox 887 1907 1562 1948; baseline 0.001 -10"><span class='ocrx_word' id='word_1_389' title='bbox 887 1918 992 1938; x_wconf 82' lang='lat' dir='ltr'>coram</span> <span class='ocrx_word' id='word_1_390' title='bbox 1018 1907 1124 1938; x_wconf 88' lang='lat' dir='ltr'>indice</span> <span class='ocrx_word' id='word_1_391' title='bbox 1147 1918 1255 1938; x_wconf 84' lang='lat' dir='ltr'>secum</span> <span class='ocrx_word' id='word_1_392' title='bbox 1279 1908 1459 1948; x_wconf 77' lang='lat' dir='ltr'>disceptare</span> <span class='ocrx_word' id='word_1_393' title='bbox 1475 1908 1562 1939; x_wconf 86' lang='lat' dir='ltr'>inbc-</span> 
     </span>
     <span class='ocr_line' id='line_1_73' title="bbox 887 1951 1561 1990; baseline 0.001 -10"><span class='ocrx_word' id='word_1_394' title='bbox 887 1951 976 1987; x_wconf 84' lang='lat' dir='ltr'>bant,</span> <span class='ocrx_word' id='word_1_395' title='bbox 991 1951 1180 1989; x_wconf 84' lang='lat' dir='ltr'>spondendo</span> <span class='ocrx_word' id='word_1_396' title='bbox 1203 1961 1236 1981; x_wconf 87' lang='lat' dir='ltr'>se</span> <span class='ocrx_word' id='word_1_397' title='bbox 1259 1956 1378 1981; x_wconf 82' lang='lat' dir='ltr'>certam</span> <span class='ocrx_word' id='word_1_398' title='bbox 1399 1952 1561 1990; x_wconf 84' lang='lat' dir='ltr'>quandam</span> 
     </span>
     <span class='ocr_line' id='line_1_74' title="bbox 886 1993 1565 2032; baseline 0.001 -10"><span class='ocrx_word' id='word_1_399' title='bbox 886 1993 1044 2032; x_wconf 86' lang='lat' dir='ltr'>pecuniae</span> <span class='ocrx_word' id='word_1_400' title='bbox 1073 2003 1234 2023; x_wconf 82' lang='lat' dir='ltr'>summam</span> <span class='ocrx_word' id='word_1_401' title='bbox 1265 1994 1407 2030; x_wconf 68' lang='lat' dir='ltr'>datium,</span> <span class='ocrx_word' id='word_1_402' title='bbox 1436 1993 1461 2023; x_wconf 85' lang='lat' dir='ltr'>si</span> <span class='ocrx_word' id='word_1_403' title='bbox 1492 2003 1565 2024; x_wconf 86' lang='lat' dir='ltr'>reus</span> 
     </span>
     <span class='ocr_line' id='line_1_75' title="bbox 888 2035 1562 2073; baseline 0.003 -9"><span class='ocrx_word' id='word_1_404' title='bbox 888 2035 1035 2073; x_wconf 84' lang='lat' dir='ltr'>probaret</span> <span class='ocrx_word' id='word_1_405' title='bbox 1052 2045 1114 2064; x_wconf 87' lang='lat' dir='ltr'>non</span> <span class='ocrx_word' id='word_1_406' title='bbox 1137 2035 1181 2065; x_wconf 75' lang='lat' dir='ltr'>ita</span> <span class='ocrx_word' id='word_1_407' title='bbox 1201 2045 1234 2065; x_wconf 82' lang='lat' dir='ltr'>se</span> <span class='ocrx_word' id='word_1_408' title='bbox 1257 2045 1323 2065; x_wconf 90' lang='lat' dir='ltr'>rem</span> <span class='ocrx_word' id='word_1_409' title='bbox 1347 2035 1473 2066; x_wconf 85' lang='lat' dir='ltr'>habere.</span> <span class='ocrx_word' id='word_1_410' title='bbox 1523 2036 1562 2066; x_wconf 89' lang='lat' dir='ltr'>In</span> 
     </span>
     <span class='ocr_line' id='line_1_76' title="bbox 888 2076 1564 2107; baseline 0.001 -1"><span class='ocrx_word' id='word_1_411' title='bbox 888 2076 1066 2106; x_wconf 79' lang='lat' dir='ltr'>intentione</span> <span class='ocrx_word' id='word_1_412' title='bbox 1083 2077 1148 2106; x_wconf 75' lang='lat' dir='ltr'>litis</span> <span class='ocrx_word' id='word_1_413' title='bbox 1163 2081 1252 2106; x_wconf 84' lang='lat' dir='ltr'>actor</span> <span class='ocrx_word' id='word_1_414' title='bbox 1267 2081 1298 2107; x_wconf 88' lang='lat' dir='ltr'>et</span> <span class='ocrx_word' id='word_1_415' title='bbox 1315 2087 1386 2107; x_wconf 80' lang='lat' dir='ltr'>rens</span> <span class='ocrx_word' id='word_1_416' title='bbox 1401 2088 1434 2107; x_wconf 84' lang='lat' dir='ltr'>se</span> <span class='ocrx_word' id='word_1_417' title='bbox 1450 2082 1564 2107; x_wconf 86' lang='lat' dir='ltr'>mutuo</span> 
     </span>
     <span class='ocr_line' id='line_1_77' title="bbox 888 2118 1564 2158; baseline 0.001 -10"><span class='ocrx_word' id='word_1_418' title='bbox 888 2118 1058 2157; x_wconf 80' lang='lat' dir='ltr'>sponsione</span> <span class='ocrx_word' id='word_1_419' title='bbox 1091 2119 1331 2157; x_wconf 70' lang='lat' dir='ltr'>prm-ocubant3</span> <span class='ocrx_word' id='word_1_420' title='bbox 1368 2123 1401 2149; x_wconf 85' lang='lat' dir='ltr'>et</span> <span class='ocrx_word' id='word_1_421' title='bbox 1435 2119 1564 2158; x_wconf 79' lang='lat' dir='ltr'>utrique</span> 
     </span>
     <span class='ocr_line' id='line_1_78' title="bbox 888 2161 1562 2199; baseline 0.001 -9"><span class='ocrx_word' id='word_1_422' title='bbox 888 2171 1017 2191; x_wconf 74' lang='lat' dir='ltr'>necesse</span> <span class='ocrx_word' id='word_1_423' title='bbox 1047 2165 1114 2191; x_wconf 86' lang='lat' dir='ltr'>erat</span> <span class='ocrx_word' id='word_1_424' title='bbox 1144 2161 1313 2199; x_wconf 80' lang='lat' dir='ltr'>spondere,</span> <span class='ocrx_word' id='word_1_425' title='bbox 1338 2171 1382 2197; x_wconf 76' lang='lat' dir='ltr'>se,</span> <span class='ocrx_word' id='word_1_426' title='bbox 1408 2161 1468 2190; x_wconf 84' lang='lat' dir='ltr'>nisi</span> <span class='ocrx_word' id='word_1_427' title='bbox 1496 2171 1562 2191; x_wconf 91' lang='lat' dir='ltr'>rem</span> 
     </span>
     <span class='ocr_line' id='line_1_79' title="bbox 891 2203 1563 2242; baseline 0.003 -11"><span class='ocrx_word' id='word_1_428' title='bbox 891 2204 1037 2242; x_wconf 85' lang='lat' dir='ltr'>probaret</span> <span class='ocrx_word' id='word_1_429' title='bbox 1055 2203 1098 2233; x_wconf 79' lang='lat' dir='ltr'>ita</span> <span class='ocrx_word' id='word_1_430' title='bbox 1114 2214 1181 2233; x_wconf 73' lang='lat' dir='ltr'>esse</span> <span class='ocrx_word' id='word_1_431' title='bbox 1200 2203 1472 2242; x_wconf 79' lang='lat' dir='ltr'>quemadmodum</span> <span class='ocrx_word' id='word_1_432' title='bbox 1489 2214 1563 2234; x_wconf 85' lang='lat' dir='ltr'>con-</span> 
     </span>
     <span class='ocr_line' id='line_1_80' title="bbox 890 2245 1564 2285; baseline 0.001 -10"><span class='ocrx_word' id='word_1_433' title='bbox 890 2246 1046 2283; x_wconf 77' lang='lat' dir='ltr'>tenderet,</span> <span class='ocrx_word' id='word_1_434' title='bbox 1067 2250 1186 2275; x_wconf 83' lang='lat' dir='ltr'>certam</span> <span class='ocrx_word' id='word_1_435' title='bbox 1213 2245 1374 2284; x_wconf 74' lang='lat' dir='ltr'>(piandum</span> <span class='ocrx_word' id='word_1_436' title='bbox 1408 2246 1564 2285; x_wconf 80' lang='lat' dir='ltr'>pecuniae</span> 
     </span>
     <span class='ocr_line' id='line_1_81' title="bbox 889 2288 1563 2327; baseline 0.001 -10"><span class='ocrx_word' id='word_1_437' title='bbox 889 2298 1061 2325; x_wconf 78' lang='lat' dir='ltr'>summam,</span> <span class='ocrx_word' id='word_1_438' title='bbox 1097 2298 1179 2327; x_wconf 70' lang='lat' dir='ltr'>quite</span> <span class='ocrx_word' id='word_1_439' title='bbox 1220 2288 1402 2324; x_wconf 73' lang='lat' dir='ltr'>finiebatur,</span> <span class='ocrx_word' id='word_1_440' title='bbox 1442 2289 1563 2318; x_wconf 71' lang='lat' dir='ltr'>wintu-</span> 
     </span>
     <span class='ocr_line' id='line_1_82' title="bbox 890 2329 1562 2361; baseline 0 -1"><span class='ocrx_word' id='word_1_441' title='bbox 890 2341 970 2361; x_wconf 82' lang='lat' dir='ltr'>rum.</span> <span class='ocrx_word' id='word_1_442' title='bbox 997 2330 1036 2360; x_wconf 87' lang='lat' dir='ltr'>cf.</span> <span class='ocrx_word' id='word_1_443' title='bbox 1056 2331 1171 2361; x_wconf 66' lang='lat' dir='ltr'>Ancon.</span> <span class='ocrx_word' id='word_1_444' title='bbox 1190 2330 1221 2360; x_wconf 89' lang='lat' dir='ltr'>in</span> <span class='ocrx_word' id='word_1_445' title='bbox 1237 2330 1327 2360; x_wconf 81' lang='lat' dir='ltr'>Verr.</span> <span class='ocrx_word' id='word_1_446' title='bbox 1353 2330 1372 2360; x_wconf 89' lang='lat' dir='ltr'>i.</span> <span class='ocrx_word' id='word_1_447' title='bbox 1395 2329 1461 2360; x_wconf 84' lang='lat'>116.</span> <span class='ocrx_word' id='word_1_448' title='bbox 1489 2331 1562 2361; x_wconf 75' lang='lat' dir='ltr'>Vni.</span> 
     </span>
     <span class='ocr_line' id='line_1_83' title="bbox 890 2372 1565 2411; baseline 0.001 -8"><span class='ocrx_word' id='word_1_449' title='bbox 890 2373 980 2403; x_wconf 80' lang='grc' dir='ltr'><strong>ΜιιΧ.</strong></span> <span class='ocrx_word' id='word_1_450' title='bbox 1001 2372 1032 2403; x_wconf 86' lang='lat' dir='ltr'>ii.</span> <span class='ocrx_word' id='word_1_451' title='bbox 1050 2373 1080 2403; x_wconf 82' lang='lat'>8.</span> <span class='ocrx_word' id='word_1_452' title='bbox 1119 2373 1216 2403; x_wconf 80' lang='lat' dir='ltr'>l&#39;orro</span> <span class='ocrx_word' id='word_1_453' title='bbox 1242 2383 1340 2411; x_wconf 83' lang='lat' dir='ltr'>quum</span> <span class='ocrx_word' id='word_1_454' title='bbox 1365 2377 1454 2402; x_wconf 77' lang='lat' dir='ltr'>actor</span> <span class='ocrx_word' id='word_1_455' title='bbox 1469 2373 1565 2411; x_wconf 75' lang='lat' dir='ltr'>serre</span> 
     </span>
     <span class='ocr_line' id='line_1_84' title="bbox 889 2414 1565 2452; baseline 0.001 -8"><span class='ocrx_word' id='word_1_456' title='bbox 889 2416 1023 2446; x_wconf 75' lang='lat' dir='ltr'>iudicem</span> <span class='ocrx_word' id='word_1_457' title='bbox 1042 2425 1094 2445; x_wconf 85' lang='lat' dir='ltr'>reo</span> <span class='ocrx_word' id='word_1_458' title='bbox 1110 2415 1238 2451; x_wconf 79' lang='lat' dir='ltr'>dicitur,</span> <span class='ocrx_word' id='word_1_459' title='bbox 1254 2414 1498 2452; x_wconf 72' lang='lat' dir='ltr'>intelligendum</span> <span class='ocrx_word' id='word_1_460' title='bbox 1516 2419 1565 2446; x_wconf 78' lang='lat' dir='ltr'>cst</span> 
     </span>
     <span class='ocr_line' id='line_1_85' title="bbox 889 2457 1563 2497; baseline 0.001 -10"><span class='ocrx_word' id='word_1_461' title='bbox 889 2458 929 2487; x_wconf 85' lang='lat' dir='ltr'>nb</span> <span class='ocrx_word' id='word_1_462' title='bbox 954 2469 992 2487; x_wconf 90' lang='lat' dir='ltr'>eo</span> <span class='ocrx_word' id='word_1_463' title='bbox 1018 2457 1206 2487; x_wconf 80' lang='lat' dir='ltr'>nominatim</span> <span class='ocrx_word' id='word_1_464' title='bbox 1235 2457 1338 2487; x_wconf 69' lang='lat' dir='ltr'>offerri</span> <span class='ocrx_word' id='word_1_465' title='bbox 1366 2468 1403 2487; x_wconf 83' lang='lat' dir='ltr'>nc</span> <span class='ocrx_word' id='word_1_466' title='bbox 1429 2457 1563 2497; x_wconf 82' lang='lat' dir='ltr'>proponi</span> 
     </span>
     <span class='ocr_line' id='line_1_86' title="bbox 889 2499 1565 2539; baseline 0 -9"><span class='ocrx_word' id='word_1_467' title='bbox 889 2499 1030 2539; x_wconf 74' lang='lat' dir='ltr'>aliquem</span> <span class='ocrx_word' id='word_1_468' title='bbox 1055 2512 1073 2530; x_wconf 90' lang='lat' dir='ltr'>e</span> <span class='ocrx_word' id='word_1_469' title='bbox 1099 2500 1268 2534; x_wconf 66' lang='lat' dir='ltr'>iudicibus,</span> <span class='ocrx_word' id='word_1_470' title='bbox 1290 2500 1375 2538; x_wconf 78' lang='lat' dir='ltr'>apud</span> <span class='ocrx_word' id='word_1_471' title='bbox 1401 2510 1495 2538; x_wconf 83' lang='lat' dir='ltr'>quem</span> <span class='ocrx_word' id='word_1_472' title='bbox 1523 2501 1565 2531; x_wconf 86' lang='lat' dir='ltr'>de</span> 
     </span>
     <span class='ocr_line' id='line_1_87' title="bbox 890 2542 1562 2581; baseline 0.001 -10"><span class='ocrx_word' id='word_1_473' title='bbox 890 2542 957 2572; x_wconf 85' lang='lat' dir='ltr'>iure</span> <span class='ocrx_word' id='word_1_474' title='bbox 983 2542 1146 2581; x_wconf 72' lang='lat' dir='ltr'>utriusque</span> <span class='ocrx_word' id='word_1_475' title='bbox 1172 2542 1423 2581; x_wconf 73' lang='lat' dir='ltr'>disceptaretur:</span> <span class='ocrx_word' id='word_1_476' title='bbox 1457 2542 1510 2581; x_wconf 83' lang='lat' dir='ltr'>qui</span> <span class='ocrx_word' id='word_1_477' title='bbox 1538 2542 1562 2573; x_wconf 81' lang='lat' dir='ltr'>si</span> 
     </span>
     <span class='ocr_line' id='line_1_88' title="bbox 891 2584 1566 2624; baseline 0.003 -11"><span class='ocrx_word' id='word_1_478' title='bbox 891 2585 1077 2624; x_wconf 79' lang='lat' dir='ltr'>probaretur</span> <span class='ocrx_word' id='word_1_479' title='bbox 1093 2595 1156 2618; x_wconf 75' lang='lat' dir='ltr'>reo.</span> <span class='ocrx_word' id='word_1_480' title='bbox 1172 2589 1240 2614; x_wconf 87' lang='lat' dir='ltr'>tum</span> <span class='ocrx_word' id='word_1_481' title='bbox 1262 2584 1356 2614; x_wconf 84' lang='lat' dir='ltr'>iudex</span> <span class='ocrx_word' id='word_1_482' title='bbox 1379 2584 1566 2615; x_wconf 72' lang='lat' dir='ltr'>convenisse</span> 
     </span>
     <span class='ocr_line' id='line_1_89' title="bbox 889 2626 1566 2665; baseline 0.001 -8"><span class='ocrx_word' id='word_1_483' title='bbox 889 2627 1064 2657; x_wconf 77' lang='lat' dir='ltr'>dicebatur.</span> <span class='ocrx_word' id='word_1_484' title='bbox 1111 2630 1223 2662; x_wconf 59' lang='grc' dir='ltr'><strong>(ὶιιιιιιῑ</strong></span> <span class='ocrx_word' id='word_1_485' title='bbox 1241 2632 1348 2656; x_wconf 80' lang='lat' dir='ltr'>nutem</span> <span class='ocrx_word' id='word_1_486' title='bbox 1370 2626 1400 2656; x_wconf 90' lang='lat' dir='ltr'>in</span> <span class='ocrx_word' id='word_1_487' title='bbox 1422 2627 1566 2665; x_wconf 65' lang='lat' dir='ltr'>singultu!</span> 
     </span>
     <span class='ocr_line' id='line_1_90' title="bbox 891 2668 1563 2709; baseline 0.003 -11"><span class='ocrx_word' id='word_1_488' title='bbox 891 2669 962 2699; x_wconf 83' lang='lat' dir='ltr'>lites</span> <span class='ocrx_word' id='word_1_489' title='bbox 979 2669 1130 2702; x_wconf 74' lang='lat' dir='ltr'>iudicem.</span> <span class='ocrx_word' id='word_1_490' title='bbox 1149 2669 1195 2698; x_wconf 69' lang='lat' dir='ltr'>vel</span> <span class='ocrx_word' id='word_1_491' title='bbox 1214 2668 1335 2699; x_wconf 78' lang='lat' dir='ltr'>indices</span> <span class='ocrx_word' id='word_1_492' title='bbox 1351 2669 1416 2699; x_wconf 83' lang='lat' dir='ltr'>duri</span> <span class='ocrx_word' id='word_1_493' title='bbox 1439 2674 1563 2709; x_wconf 78' lang='lat' dir='ltr'>oporte-</span> 
     </span>
     <span class='ocr_line' id='line_1_91' title="bbox 891 2711 1562 2748; baseline 0.003 -8"><span class='ocrx_word' id='word_1_494' title='bbox 891 2716 935 2740; x_wconf 80' lang='lat' dir='ltr'>ret</span> <span class='ocrx_word' id='word_1_495' title='bbox 957 2712 997 2741; x_wconf 79' lang='lat' dir='ltr'>nb</span> <span class='ocrx_word' id='word_1_496' title='bbox 1019 2722 1056 2740; x_wconf 83' lang='lat' dir='ltr'>eo</span> <span class='ocrx_word' id='word_1_497' title='bbox 1073 2711 1270 2748; x_wconf 63' lang='lat' dir='ltr'>magian-utu.</span> <span class='ocrx_word' id='word_1_498' title='bbox 1286 2711 1377 2742; x_wconf 86' lang='lat' dir='ltr'>cuius</span> <span class='ocrx_word' id='word_1_499' title='bbox 1392 2716 1459 2742; x_wconf 81' lang='lat' dir='ltr'>emt</span> <span class='ocrx_word' id='word_1_500' title='bbox 1476 2711 1562 2742; x_wconf 76' lang='lat' dir='ltr'>iuris·</span> 
     </span>
     <span class='ocr_line' id='line_1_92' title="bbox 889 2753 1564 2794; baseline 0.003 -11"><span class='ocrx_word' id='word_1_501' title='bbox 889 2753 1000 2787; x_wconf 75' lang='lat' dir='ltr'>dictio,</span> <span class='ocrx_word' id='word_1_502' title='bbox 1029 2763 1145 2792; x_wconf 84' lang='lat' dir='ltr'>nempe</span> <span class='ocrx_word' id='word_1_503' title='bbox 1178 2753 1287 2792; x_wconf 75' lang='lat' dir='ltr'>primis</span> <span class='ocrx_word' id='word_1_504' title='bbox 1317 2754 1516 2794; x_wconf 81' lang='lat' dir='ltr'>temporibus</span> <span class='ocrx_word' id='word_1_505' title='bbox 1544 2765 1564 2785; x_wconf 79' lang='lat' dir='ltr'>a</span> 
     </span>
     <span class='ocr_line' id='line_1_93' title="bbox 889 2796 1562 2835; baseline 0.003 -10"><span class='ocrx_word' id='word_1_506' title='bbox 889 2796 1031 2830; x_wconf 70' lang='lat' dir='ltr'>consule,</span> <span class='ocrx_word' id='word_1_507' title='bbox 1057 2800 1166 2834; x_wconf 74' lang='lat' dir='ltr'>postea</span> <span class='ocrx_word' id='word_1_508' title='bbox 1188 2807 1207 2825; x_wconf 86' lang='lat' dir='ltr'>n</span> <span class='ocrx_word' id='word_1_509' title='bbox 1233 2800 1397 2835; x_wconf 60' lang='lat' dir='ltr'>prm-torm</span> <span class='ocrx_word' id='word_1_510' title='bbox 1419 2801 1509 2827; x_wconf 85' lang='lat' dir='ltr'>nctor</span> <span class='ocrx_word' id='word_1_511' title='bbox 1531 2801 1562 2827; x_wconf 81' lang='lat' dir='ltr'>et</span> 
     </span>
     <span class='ocr_line' id='line_1_94' title="bbox 889 2838 1565 2879; baseline 0.004 -12"><span class='ocrx_word' id='word_1_512' title='bbox 889 2848 959 2868; x_wconf 78' lang='lat' dir='ltr'>reus</span> <span class='ocrx_word' id='word_1_513' title='bbox 983 2838 1197 2868; x_wconf 83' lang='lat' dir='ltr'>communiter</span> <span class='ocrx_word' id='word_1_514' title='bbox 1219 2839 1260 2868; x_wconf 83' lang='lat' dir='ltr'>nb</span> <span class='ocrx_word' id='word_1_515' title='bbox 1284 2848 1322 2868; x_wconf 85' lang='lat' dir='ltr'>co</span> <span class='ocrx_word' id='word_1_516' title='bbox 1347 2838 1565 2879; x_wconf 75' lang='lat' dir='ltr'>postulabant.</span> 
     </span>
     <span class='ocr_line' id='line_1_95' title="bbox 889 2879 1562 2919; baseline 0.003 -9"><span class='ocrx_word' id='word_1_517' title='bbox 889 2885 921 2910; x_wconf 85' lang='lat' dir='ltr'>nt</span> <span class='ocrx_word' id='word_1_518' title='bbox 941 2879 991 2910; x_wconf 83' lang='lat' dir='ltr'>hic</span> <span class='ocrx_word' id='word_1_519' title='bbox 1007 2879 1061 2919; x_wconf 80' lang='lat' dir='ltr'>qui</span> <span class='ocrx_word' id='word_1_520' title='bbox 1080 2885 1271 2911; x_wconf 74' lang='lat' dir='ltr'>convenerat</span> <span class='ocrx_word' id='word_1_521' title='bbox 1288 2880 1346 2910; x_wconf 79' lang='lat' dir='ltr'>sibi</span> <span class='ocrx_word' id='word_1_522' title='bbox 1364 2880 1459 2912; x_wconf 82' lang='lat' dir='ltr'>iudex</span> <span class='ocrx_word' id='word_1_523' title='bbox 1475 2882 1562 2912; x_wconf 75' lang='lat' dir='ltr'>dare-</span> 
     </span>
     <span class='ocr_line' id='line_1_96' title="bbox 887 2922 1566 2963; baseline 0 -10"><span class='ocrx_word' id='word_1_524' title='bbox 887 2928 947 2954; x_wconf 82' lang='lat' dir='ltr'>mr.</span> <span class='ocrx_word' id='word_1_525' title='bbox 994 2922 1237 2963; x_wconf 77' lang='lat' dir='ltr'>Nonnunquam</span> <span class='ocrx_word' id='word_1_526' title='bbox 1262 2928 1352 2954; x_wconf 71' lang='lat' dir='ltr'>actor</span> <span class='ocrx_word' id='word_1_527' title='bbox 1378 2933 1430 2956; x_wconf 82' lang='lat' dir='ltr'>reo</span> <span class='ocrx_word' id='word_1_528' title='bbox 1455 2924 1566 2960; x_wconf 76' lang='lat' dir='ltr'>dabat,</span> 
     </span>
    </p>
   </div>
   <div class='ocr_carea' id='block_1_26' title="bbox 1643 677 1709 714">
    <p class='ocr_par' dir='ltr' id='par_1_32' title="bbox 1643 677 1709 714">
     <span class='ocr_line' id='line_1_97' title="bbox 1643 677 1709 714; baseline 0.015 -1"><span class='ocrx_word' id='word_1_529' title='bbox 1643 677 1709 714; x_wconf 82' lang='lat'>24.</span> 
     </span>
    </p>
   </div>
   <div class='ocr_carea' id='block_1_27' title="bbox 343 730 1764 805">
    <p class='ocr_par' dir='ltr' id='par_1_33' title="bbox 343 730 1764 805">
     <span class='ocr_line' id='line_1_98' title="bbox 343 730 1764 805; baseline 0 -33"><span class='ocrx_word' id='word_1_530' title='bbox 343 731 554 782; x_wconf 87' lang='lat' dir='ltr'>Clamant,</span> <span class='ocrx_word' id='word_1_531' title='bbox 589 732 760 773; x_wconf 87' lang='lat' dir='ltr'>‘fraude</span> <span class='ocrx_word' id='word_1_532' title='bbox 796 733 900 783; x_wconf 89' lang='lat' dir='ltr'>fieri,</span> <span class='ocrx_word' id='word_1_533' title='bbox 933 733 1048 789; x_wconf 89' lang='lat' dir='ltr'>quod</span> <span class='ocrx_word' id='word_1_534' title='bbox 1078 732 1177 774; x_wconf 88' lang='lat' dir='ltr'>foris</span> <span class='ocrx_word' id='word_1_535' title='bbox 1213 741 1407 774; x_wconf 88' lang='lat' dir='ltr'>teneatur</span> <span class='ocrx_word' id='word_1_536' title='bbox 1439 747 1560 774; x_wconf 83' lang='lat' dir='ltr'>exer·</span> <span class='ocrx_word' id='word_1_537' title='bbox 1573 730 1764 805; x_wconf 43' lang='lat' dir='ltr'>diffcuoliiien</span> 
     </span>
    </p>
   </div>
   <div class='ocr_carea' id='block_1_28' title="bbox 1572 816 1686 847">
    <p class='ocr_par' dir='ltr' id='par_1_34' title="bbox 1572 816 1686 847">
     <span class='ocr_line' id='line_1_99' title="bbox 1572 816 1686 847; baseline 0.009 -1"><span class='ocrx_word' id='word_1_538' title='bbox 1572 816 1686 847; x_wconf 84' lang='lat' dir='ltr'>tiones.</span> 
     </span>
    </p>
   </div>
  </div>
 </body>
</html>
