1934 3211
418 203 470 240 28
922 201 1069 244 ΤΙΤΙ
1111 201 1289 244 LIVII

417 298 621 332 certatum
642 301 726 341 est3
757 300 810 342 et,
834 293 953 334 tectis
974 294 1099 335 modo
1120 294 1269 335 dirutis
1290 292 1459 334 alterius
1479 292 1604 341 urbis,
1623 291 1708 332 duo
1727 305 1803 356 po-

416 348 535 404 puli
525 365 569 390 in
590 365 722 391 unum
743 350 902 391 confusi
923 362 1030 393 sunt.
1083 351 1240 393 Albani
1261 351 1417 407 priores
1439 350 1600 405 ingenti
1615 349 1804 390 exercitu

416 406 461 446 in
477 421 528 463 ag
530 422 621 447 rum
639 407 878 449 Romanum
899 409 1103 465 impetum
1118 409 1266 450 fecere.
1331 407 1479 449 Castra
1483 384 1550 448 Oab
1570 407 1672 448 urbe
1689 405 1804 447 haud

415 440 526 519 pluso
529 465 716 521 quinque
737 465 867 506 millia
886 481 1080 521 passuum
1102 467 1253 516 locant,
1269 466 1377 506 fossa
1397 464 1673 506 circumdant:
1696 464 1805 505 fossa

419 520 574 563 Cluilia
601 523 651 563 ab
677 523 845 564 nomine
874 523 991 564 ducis
1018 539 1093 580 per
1120 524 1279 579 aliquot
1305 522 1468 564 saecula
1491 521 1698 578 appellata
1725 530 1800 571 est,
1815 534 1833 556 2

415 579 551 620 donec
581 595 677 621 611111
707 596 750 621 re
782 596 937 622 nomen
968 597 1135 637 quoque
1166 588 1371 622 vetustate
1403 579 1594 621 abolevit,
1656 579 1708 619 In
1737 579 1802 620 his
1834 604 1835 607 =

416 638 558 678 castris
594 637 774 678 Cluilius
810 638 1002 680 Albanus
1034 654 1108 680 rex
1139 638 1331 687 moritur3
1367 637 1613 678 dictatorem
1644 636 1802 678 Albani

416 694 602 736 Mettum
634 694 859 736 Fuffetium
887 705 1039 737 creant.
1102 696 1277 737 Interim
1305 694 1455 736 Tullus
1485 695 1614 743 ferox,
1643 693 1833 750 praeci-3

414 768 497 808 pue
519 762 650 794 morte
673 753 793 809 regiS,
815 769 1098 810 magnumque
1121 754 1294 795 deorum
1308 768 1478 802 numen,
1497 752 1548 793 ab
1564 751 1653 807 ipso
1666 751 1801 807 capite

415 825 566 860 orsum,
593 811 637 850 in
667 825 790 851 omne
822 826 976 852 nomen
1003 811 1218 852 Albanum
1248 810 1533 866 expetiturum
1562 824 1718 865 poenas
1747 809 1801 850 ob

414 867 571 908 bellum
592 868 766 923 impium
788 868 995 932 dictitans,
1018 877 1153 918 nocte,
1183 868 1416 924 praeteritis
1441 867 1624 909 hostium
1645 866 1800 916 castris,

414 925 564 966 infesto
597 925 784 966 exercitu
818 925 862 966 in
902 941 1047 982 agrum
1083 926 1298 967 Albanum
1337 925 1485 982 pergit.
1559 924 1624 966 Ea
1654 939 1719 966 res
1748 925 1800 966 ab

414 983 571 1023 stativis
592 983 745 1023 excivit
767 961 965 1025 Mettum.
1028 984 1171 1034 Ducit,
1205 999 1331 1039 quam
1351 998 1540 1048 proxlme
1562 982 1616 1023 ad
1635 982 1800 1023 hostem

413 1048 569 1096 potest;
610 1040 709 1081 inde
750 1040 933 1096 legatum
972 1042 1242 1097 praemissum
1277 1041 1471 1082 nuntiare
1507 1039 1634 1082 Tullo
1669 1040 1800 1090 iubet,

412 1098 655 1162 priusquam
690 1097 904 1147 dimicent,
937 1114 1040 1154 opus
1075 1114 1161 1139 esse
1194 1098 1424 1154 colloquio.
1463 1098 1496 1139 si
1526 1113 1668 1139 secum
1700 1113 1801 1138 con-

411 1170 574 1210 gressus
604 1155 669 1204 sit,
692 1155 788 1196 satis
815 1156 932 1205 scire,
961 1171 1011 1197 ea
1038 1171 1081 1197 se
1109 1155 1343 1206 allaturum,
1367 1171 1473 1212 quae
1501 1155 1634 1197 nihilo
1661 1155 1800 1196 minus

412 1213 465 1254 ad
489 1228 578 1254 rem
600 1213 850 1262 Romanam,
883 1228 1009 1269 quam
1034 1213 1086 1254 ad
1108 1213 1332 1263 Albanam,
1357 1213 1607 1269 pertineant.
1670 1212 1800 1254 Haud

412 1279 653 1327 aspernatus
694 1270 856 1320 Tullus,
899 1271 1063 1312 tametsi
1103 1286 1209 1312 vana
1248 1271 1540 1320 afferebantur,
1582 1270 1628 1311 in
1667 1270 1800 1311 aciem

411 1328 564 1370 educit.
628 1328 800 1369 Exeunt
839 1337 984 1369 contra
1024 1337 1066 1370 et
1107 1328 1275 1370 Albani.
1337 1328 1568 1384 Postquam
1607 1327 1800 1369 instructi

410 1386 621 1441 utrimque
650 1386 827 1435 stabant,
853 1401 949 1426 cum
975 1386 1118 1442 paucis
1145 1401 1367 1442 procerum
1392 1385 1437 1426 in
1462 1385 1650 1427 medium
1670 1385 1799 1426 duces

409 1443 653 1499 procedunt.
715 1442 782 1484 Ibi
813 1443 906 1484 infit
941 1443 1153 1485 Albanus:
1190 1443 1391 1484 ‘Iniurias
1424 1451 1467 1484 et
1497 1458 1585 1484 non
1615 1442 1800 1484 redditas

412 1507 424 1525 ‘
439 1516 503 1542 165
524 1516 577 1542 ex
605 1500 785 1550 foedere,
810 1516 915 1556 quae
937 1501 1137 1557 repetitae
1159 1501 1254 1550 sint,
1278 1509 1320 1542 et
1345 1516 1423 1557 ego
1448 1516 1590 1557 regem
1610 1509 1799 1542 nostrum

413 1564 424 1582 ‘
442 1558 658 1608 Cluilium,
681 1573 847 1599 causam
875 1558 1047 1599 huiusce
1076 1574 1163 1600 esse
1192 1558 1305 1608 belli,
1332 1558 1494 1599 audisse
1519 1558 1686 1599 videor:
1719 1572 1830 1600 nec4

412 1623 480 1658 ‘te
502 1616 664 1666 dubito,
683 1615 820 1666 Tulle,
844 1616 990 1657 eadem
1011 1632 1109 1672 prae
1131 1625 1170 1657 te
1192 1616 1309 1657 ferre.
1361 1615 1457 1666 Sed,
1474 1616 1509 1657 si
1529 1631 1627 1657 vera
1635 1616 1797 1681 potius,

412 1681 565 1730 ‘quam
593 1674 711 1714 dictu
735 1674 932 1729 speciosa,
964 1673 1144 1715 dicenda
1173 1682 1282 1723 sunt,
1315 1673 1508 1729 cupido
1497 1673 1663 1730 lmperii
1693 1673 1799 1715 duos

411 1739 635 1788 ‘cognatos
666 1731 907 1787 vicinosque
940 1731 1116 1788 populos
1146 1731 1199 1772 ad
1227 1747 1341 1772 arma
1370 1730 1564 1772 stimulat.
1627 1730 1696 1772 Ne
1700 1747 1796 1787 que,

410 1797 422 1814 ‘
435 1798 560 1839 recte,
578 1805 631 1830 an
652 1804 802 1845 perper
803 1804 882 1838 am,
905 1789 1178 1845 interpretor:
1201 1789 1353 1830 fuerit
1343 1797 1421 1829 lsta
1436 1789 1525 1830 61115
1538 1789 1797 1840 deliberatio,

409 1848 510 1904 ‘qui
544 1847 702 1888 bellum
733 1847 924 1903 suscepit.
998 1846 1073 1888 Me
1102 1846 1259 1888 Albani
1290 1846 1475 1903 gerendo
1505 1846 1615 1888 bello
1646 1847 1799 1888 ducem

410 1912 640 1946 ‘creavere
710 1904 822 1945 Illud
850 1913 904 1954 te,
935 1904 1073 1954 Tulle,
1103 1905 1310 1945 monitum
1336 1904 1480 1946 velim:
1514 1904 1691 1945 Etrusca
1717 1920 1795 1955 res,

410 1970 595 2018 ‘quanta
615 1962 725 2003 circa
745 1977 820 2003 nos
842 1971 967 2018 teque
989 1962 1168 2003 maxime
1191 1962 1256 2012 sit,
1285 1977 1370 2018 quo
1397 1961 1565 2018 propior
1585 1977 1628 2003 es
1650 1961 1827 2006 Etrus-5

409 2021 508 2069 ‘cis,
543 2020 623 2061 hoc
655 2020 786 2075 magis
818 2020 907 2061 scis.
969 2019 1157 2061 Multum
1191 2020 1252 2061 illi
1283 2028 1404 2069 terra,
1432 2019 1661 2075 plurimum
1692 2020 1797 2061 mari

410 2078 608 2134 ‘.pollent
672 2077 841 2119 Memor
867 2086 969 2127 esto,
991 2078 1086 2128 iam,
1116 2093 1248 2133 quum
1275 2077 1441 2134 signum
1466 2093 1632 2134 pugnae
1663 2077 1794 2128 dabis,

409 2144 419 2160 ‘
436 2137 509 2176 has
542 2136 645 2176 duas
677 2135 786 2176 acies
818 2135 1054 2191 spectaculo
1094 2135 1201 2185 fore3
1244 2144 1291 2176 ut
1325 2135 1452 2176 165505
1486 2136 1795 2191 confectosque,

409 2202 419 2218 ‘
436 2193 558 2235 simul
587 2194 786 2234 victorem
818 2208 864 2234 ac
894 2193 1064 2243 vietum,
1096 2193 1403 2249 aggrediantur.
1465 2192 1627 2249 Itaque,
1659 2193 1694 2234 si
1721 2208 1797 2234 nos

409 2260 419 2276 ⁶
435 2252 494 2292 dii
508 2259 660 2300 amant,
677 2251 888 2306 quoniam,
906 2265 992 2292 non
1009 2251 1197 2292 contenti
1217 2250 1407 2292 libertate
1429 2259 1553 2300 certa,
1567 2251 1611 2291 in
1625 2251 1796 2293 dubiam

409 2309 600 2365 ‘imperii
635 2308 875 2364 servitiique
909 2307 1043 2349 aleam
1075 2308 1195 2357 imus,
1232 2308 1421 2349 ineamus
1453 2308 1636 2364 aliquam
1669 2308 1794 2358 viam,

449 2422 465 2441 2
489 2412 588 2441 Fossa
604 2410 739 2447 Cluilia]
783 2409 893 2444 Quam
917 2409 1076 2440 Cloeliam
1121 2409 1272 2447 Metium,
1302 2411 1388 2449 quod
1417 2420 1469 2449 ap.
1501 2409 1590 2449 Virg.
1618 2410 1699 2441 Aen.
1731 2411 1794 2442 viii.

406 2454 550 2493 appellat
567 2453 691 2488 Festus,
709 2456 741 2482 et
759 2452 845 2482 Plut.
866 2452 898 2481 in
916 2451 1077 2483 Coriolan.
1121 2450 1194 2490 642,
1223 2452 1370 2491 legimus,
1397 2462 1492 2482 causa
1521 2452 1614 2482 metri
1639 2452 1794 2493 scriptum

409 2498 439 2528 N
443 2496 605 2527 iebuhrius
627 2495 710 2525 hanc
732 2495 847 2524 fossam
871 2494 989 2524 limites
1012 2495 1077 2524 Ro-
1121 2494 1218 2524 fuisse
1240 2498 1352 2525 auctor
1374 2500 1421 2525 est
1445 2495 1572 2525 Servius
1593 2495 1635 2525 ad
1658 2496 1718 2526 106.
1740 2496 1793 2528 cit.

407 2539 493 2570 mani
511 2542 543 2569 et
558 2538 676 2568 Albani
696 2537 761 2577 agi-i
778 2537 957 2576 designasse
974 2540 1077 2576 putat,
1121 2539 1269 2568 sslettum.
1288 2537 1515 2568 Waehsmuth.
1540 2548 1570 2577 p.
1596 2538 1664 2576 148.
1708 2540 1794 2570 Met-

406 2587 502 2621 atque
526 2591 583 2620 pei·
602 2581 684 2610 hane
704 2590 803 2619 aquas
823 2590 841 2609 a
862 2580 934 2609 lacu
951 2580 1077 2609 Albano
1121 2581 1200 2610 tiam
1216 2580 1382 2618 Fufetium
1397 2580 1467 2610 cod.
1485 2580 1609 2610 Harlei.
1630 2590 1654 2611 1.

406 2625 438 2653 in
456 2624 615 2662 regionem
634 2623 814 2653 inferiorem
831 2621 921 2662 (hod.
938 2623 970 2652 la
987 2623 1076 2653 Cam-
1164 2633 1183 2660 4
1210 2623 1363 2652 Cluilium
1386 2645 1494 2653 .....
1518 2624 1644 2654 audisse
1666 2624 1790 2662 videor]

405 2666 531 2705 pamm)
548 2666 703 2696 deductas
717 2665 822 2695 fuisse.
1122 2664 1285 2704 Intellige,
1308 2675 1407 2703 quum
1431 2665 1559 2696 diceret.
1605 2665 1725 2697 Similis
1747 2667 1793 2696 lo—

457 2718 473 2747 3
502 2711 641 2738 illectum
670 2708 862 2748 Fuff‘etz'um]
915 2709 1077 2738 Mettium.
1123 2707 1258 2737 cutionis
1282 2708 1468 2747 exemplum
1492 2707 1554 2738 vid.
1576 2708 1660 2738 infra
1680 2708 1721 2740 iv.
1742 2718 1792 2740 20.

410 2751 476 2781 Iac.
501 2751 641 2781 Gronov.
665 2755 697 2781 et
724 2750 863 2781 Bekker.
888 2751 973 2789 quod
1001 2750 1031 2780 N
1037 2750 1078 2780 ie-
1123 2750 1228 2780 CREv.

408 2792 520 2822 buhrio
546 2793 674 2827 arridet,
701 2793 754 2832 qui
777 2794 989 2832 praenomina
1017 2793 1076 2823 La·
1169 2800 1186 2831 5
1213 2794 1378 2830 Etruscis]
1430 2793 1483 2823 Ita
1513 2794 1582 2824 cod.
1610 2793 1734 2824 Harlei.
1761 2802 1790 2824 α.

406 2835 484 2871 tina,
492 2835 762 2873 quemadmodum
774 2837 903 2865 nomina
916 2835 1077 2872 Romana,
1121 2838 1153 2865 et
1170 2835 1256 2875 Lips.
1291 2837 1318 2865 V
1319 2837 1411 2866 alst-is
1422 2835 1536 2866 Harlei
1557 2846 1582 2867 1.
1598 2839 1634 2866 ut
1646 2835 1791 2875 plerique

406 2887 532 2916 semper
546 2876 577 2905 in
595 2878 645 2906 ius
660 2878 821 2907 terminari
846 2881 949 2916 putat.
994 2878 1077 2909 Con·
1122 2878 1214 2908 codd.
1250 2879 1373 2909 Volscis.
1394 2880 1578 2918 propriores
1600 2888 1662 2909 υοε.
1687 2877 1789 2908 Drak.

406 2924 454 2950 tra
469 2918 632 2949 Drakenb.
644 2919 859 2954 Mettun1‚11bi
874 2930 1079 2959 praenomen,
1129 2922 1209 2951 Velis
1225 2931 1264 2951 cx
1281 2921 1440 2953 emendat.
1457 2921 1597 2952 Gronov.
1612 2919 1645 2950 in
1664 2923 1789 2951 textum

408 2962 573 2997 Mettium,
611 2960 663 2990 ubi
705 2971 833 2997 nomon,
870 2962 960 2992 scribi
999 2963 1076 2992 vult.
1121 2963 1241 3001 recepit
1259 2963 1398 2994 Bekker.
