1934 3211
599 183 725 226 LIB.
761 183 837 225 VI.
885 182 1032 225 CAP.
1068 188 1134 225 38.
1486 190 1569 230 389

169 283 181 302 ‘
197 293 299 328 esse,
322 276 437 334 quod
458 275 637 317 comitiis
664 289 741 331 per
767 275 944 331 gratiam
966 283 1174 331 nequeat:
1208 284 1251 317 et
1271 279 1563 332 seponendum
1581 291 1624 324 U.
1642 292 1681 325 c.
1698 293 1772 332 386.

168 341 314 377 ‘extra
347 342 561 375 certamen
593 332 772 373 alterum
806 332 1084 382 consulatum,
1116 332 1170 373 ad
1203 348 1329 388 quem
1363 334 1477 390 plebi
1510 335 1615 379 sitA·
1640 336 1679 367 C.
1696 334 1768 376 366·

166 392 352 440 ‘aditus3
385 390 586 446 quoniam
618 390 662 430 in
690 389 919 431 certamine
941 388 1112 431 relictus
1136 390 1372 446 praemium
1397 407 1563 449 semper

164 454 176 472 ‘
195 448 443 506 potentioris
455 447 620 489 futurus
640 447 704 488 sit.
769 446 813 488 N
816 462 863 488 ec
884 447 968 488 iam
984 462 1104 502 posse
1126 447 1211 488 dici
1232 447 1290 498 id,
1308 448 1424 505 quod
1440 459 1564 492 antea

163 507 344 548 ‘iactare
375 504 487 546 soliti
520 505 617 555 sint,
651 519 738 546 non
767 519 855 545 esse
883 505 928 545 in
955 504 1132 561 plebeiis
1164 505 1340 547 idoneos
1367 507 1477 549 viros
1508 509 1562 550 ad

161 568 175 587 ‘
186 563 352 605 curules
365 563 641 619 magistratus.
705 561 932 619 Numquid
945 562 1060 603 enim
1076 562 1291 604 socordius
1307 572 1380 605 aut
1391 566 1562 621 segnius

160 626 173 645 ‘
184 620 487 678 rempublicam
505 620 787 661 administrari
800 628 895 676 post
910 619 957 660 P.
975 619 1132 661 Licinii
1149 618 1271 663 Calvi
1285 621 1560 674 tribunatum,

160 679 259 735 ‘qui
279 679 439 736 primus
460 693 514 719 ex
535 678 657 735 plebe
680 687 845 719 creatus
866 678 932 728 sit,
955 693 1083 734 quam
1103 692 1180 734 per
1199 693 1270 720 eos
1291 694 1423 721 annos
1443 689 1562 737 gesta

159 741 172 760 ‘
191 737 257 786 sit,
275 736 429 793 quibus
449 745 616 792 praeter
635 735 833 792 patricios
850 751 975 776 nemo
998 735 1191 777 tribunus
1212 736 1395 778 militum
1407 738 1559 780 fuerit?

159 799 171 818 ‘
189 793 309 843 Quin
333 803 481 836 contra
509 793 706 850 patricios
726 793 887 850 aliquot
917 793 1137 835 damnatos
1166 803 1260 850 post
1281 795 1557 847 tribunatum,

158 852 399 894 ‘neminem
428 851 655 908 plebeium.
722 850 977 899 Quaestores
1010 867 1194 908 quoque,
1228 852 1336 894 sicut
1367 853 1558 896 tribunos

126 910 381 960 2‘militum,
402 910 548 966 paucis
578 918 675 951 ante
707 909 829 950 annis
859 924 912 950 ex
940 908 1063 965 plebe
1089 918 1259 966 coeptos
1289 911 1443 952 creari:
1478 926 1557 954 nec

158 972 170 992 ‘
187 967 311 1009 ullius
325 982 471 1008 eorum
483 967 689 1023 populum
698 966 942 1009 Romanum
956 967 1226 1024 poenituisse.
1275 967 1556 1010 Consulatum

158 1030 398 1082 ‘superesse
421 1024 618 1081 plebeiis:
654 1040 746 1066 eam
769 1040 857 1066 esse
880 1040 1018 1066 arcem
1040 1025 1255 1075 libertatis,
1279 1025 1323 1067 id
1345 1026 1553 1068 columen.

158 1088 169 1106 ‘
183 1082 231 1125 Si
251 1098 302 1124 eo
323 1091 574 1139 perventum
595 1082 661 1132 sit,
677 1092 766 1124 tum
782 1082 988 1139 populum
1011 1082 1254 1124 Romanum
1269 1098 1364 1125 vere
1387 1093 1556 1127 exactos

155 1145 169 1164 ‘
184 1155 238 1182 ex
260 1141 362 1182 urbe
384 1155 516 1196 reges,
539 1150 582 1181 et
602 1140 793 1182 stabilem
815 1140 1051 1182 libertatem
1065 1156 1183 1182 suam
1204 1142 1552 1184 existimaturum.

155 1202 168 1222 ‘
187 1197 360 1255 Quippe
402 1213 455 1239 ex
491 1198 562 1239 illa
601 1198 669 1239 die
707 1198 747 1238 in
790 1197 956 1254 plebem
994 1207 1172 1240 ventura
1211 1199 1364 1249 omnia,
1403 1200 1557 1256 quibus

155 1261 167 1280 ‘
182 1256 349 1312 patricii
370 1255 593 1306 excellant,
616 1256 839 1312 imperium
861 1264 988 1312 atque
1010 1255 1227 1307 honorem,
1244 1257 1420 1313 gloriam
1442 1257 1555 1309 belli,

154 1319 330 1370 ‘genus,
368 1313 645 1363 nobilitatem,
677 1328 830 1370 magna
865 1314 964 1370 ipsis
998 1314 1190 1364 fruenda,
1222 1315 1380 1357 maiora
1414 1314 1557 1357 liberis

154 1376 167 1395 ‘
180 1371 486 1428 relinquenda)
548 1370 689 1413 Huius
710 1371 876 1427 generis
898 1371 1107 1413 orationes
1135 1372 1207 1413 ubi
1230 1373 1363 1429 accipi
1384 1373 1553 1423 videre;

151 1444 305 1471 novam
345 1429 607 1486 rogationem
647 1429 928 1485 promulgant,
965 1437 1013 1470 ut
1052 1444 1128 1485 pro
1161 1429 1395 1471 duumviris
1430 1431 1556 1472 sacris

121 1486 360 1535 3faciundis
381 1487 608 1529 decemviri
629 1495 826 1528 creentur
838 1503 848 1536 ;
881 1487 941 1528 ita
962 1495 1009 1527 ut
1029 1501 1124 1542 pars
1149 1502 1203 1528 ex
1224 1487 1361 1544 plebe,
1383 1503 1479 1544 pars
1500 1503 1554 1529 ex

154 1544 349 1586 Patribus
382 1545 476 1586 fiat:
511 1544 787 1600 omniumque
821 1559 965 1585 earum
1001 1544 1268 1600 rogationum
1301 1545 1474 1586 comitia
1509 1546 1553 1586 in

150 1601 381 1644 adventum
402 1603 492 1644 eius
512 1602 722 1643 exercitus
743 1601 959 1651 differunt,
982 1601 1057 1658 qui
1080 1601 1263 1644 Velitras
1285 1603 1515 1644 obsidebat.

210 1659 333 1701 Prius
343 1660 625 1702 circumactus
641 1668 704 1700 est
720 1674 868 1709 annus,
884 1674 1012 1715 quam
1027 1658 1235 1701 aVelitris
1251 1660 1555 1703 reducerentur
1637 1675 1704 1713 38,

150 1717 348 1774 legiones.
413 1717 479 1759 Ita
507 1732 711 1775 suspensa
741 1717 793 1758 de
826 1716 990 1774 legibus
1021 1732 1087 1759 res
1114 1717 1168 1759 ad
1200 1733 1330 1760 novos
1363 1719 1554 1761 tribunos

149 1775 332 1817 militum
360 1775 511 1817 dilata:
545 1790 642 1816 nam
675 1774 809 1832 plebis
831 1775 1023 1816 tribunos
1053 1775 1224 1817 eosdem
1251 1776 1357 1818 duos
1388 1777 1552 1834 utique,

146 1833 249 1889 quia
260 1833 402 1890 legum
416 1833 568 1875 latores
581 1842 714 1883 erant,
729 1833 873 1889 plebes
887 1833 1112 1875 reficiebat.
1171 1833 1353 1875 Tribuni
1371 1834 1552 1876 militum
1568 1845 1611 1877 U.
1629 1846 1667 1878 C.
1686 1848 1725 1886 38
1732 1858 1757 1879 τ.

146 1891 277 1932 creati
299 1891 350 1932 T.
370 1891 611 1941 Quinctius,
633 1890 720 1933 Ser.
743 1889 982 1941 Cornelius,
1008 1890 1094 1933 Ser.
1115 1890 1340 1948 Sulpicius,
1367 1892 1436 1949 Sp.
1457 1892 1553 1935 Ser·
1565 1889 1605 1961 3}-
1630 1890 1668 1920 C·
1685 1889 1758 1937 36:-

147 1948 283 1999 vilins,
307 1948 356 1990 L.
376 1949 582 2005 Papirius,
607 1948 656 1990 L.
673 1948 888 1990 Veturius.
952 1947 1168 2005 Principio
1199 1950 1338 1991 statim
1366 1951 1467 1992 anni
1499 1951 1552 1992 ad
1565 1934 1769 2007 αξέὶιξὲᾟνῖ.

148 2005 339 2047 ultimam
361 2006 677 2047 dimicationem
698 2005 752 2046 de
774 2005 937 2061 legibus
957 2015 1155 2047 ventum:
1190 2016 1245 2055 et,
1269 2023 1402 2063 quum
1419 2008 1551 2050 tribus
1566 1997 1640 2048 Mil:

148 2072 411 2112 vocarentur,
444 2078 522 2104 nce
554 2063 797 2103 intercessio
829 2062 1084 2118 collegarum
1121 2062 1322 2104 latoribus
1354 2065 1548 2115 obstaret,

148 2120 303 2176 trepidi
335 2120 481 2161 Patres
509 2120 561 2160 ad
594 2120 680 2160 duo
710 2119 857 2160 ultima
888 2119 1058 2169 auxilia,
1081 2135 1290 2160 summum
1325 2121 1549 2176 imperium

146 2192 378 2218 summum(
394 2193 444 2218 ue
463 2177 515 2218 ad
537 2177 685 2225 civem,
704 2177 944 2217 decurrunt.
1010 2176 1271 2218 Dictatorem
1289 2178 1373 2219 dici
1391 2178 1546 2234 placet:
1565 2191 1715 2222 Dictator

147 2234 304 2275 dicitur
346 2195 407 2275 hl.
431 2234 579 2275 Furius
618 2234 836 2283 Camillus,
870 2234 942 2290 qui
985 2235 1229 2290 magistrum
1265 2236 1457 2291 equitum
1497 2236 1547 2278 L.
1563 2240 1688 2282 creatur
1701 2238 1762 2266 (³⁵¹-

149 2292 381 2333 Aemilium
399 2301 578 2348 cooptat.
630 2291 795 2346 Legum
811 2307 981 2347 quoque
1000 2291 1151 2332 latores
1168 2292 1365 2333 adversus
1384 2303 1547 2335 tantum
1562 2277 1672 2308 ¹¹¹¹¹¹¹¹⁸
1691 2279 1753 2310 lv.

145 2358 391 2415 apparatum
414 2349 745 2390 adversariorum
777 2358 819 2389 et
842 2350 852 2389 i
874 2349 918 2389 ›si
951 2364 1117 2390 causam
1140 2349 1273 2405 plebis
1306 2350 1548 2406 ingentibus

145 2407 295 2448 animis
317 2417 502 2448 armant:
537 2406 801 2462 concilioque
825 2365 957 2462 plebis
980 2407 1152 2456 indicto,
1171 2407 1303 2447 tribus
1325 2407 1378 2448 ad
1400 2409 1547 2450 suffra-

143 2464 260 2519 gium
275 2474 436 2505 vocant.
504 2466 648 2512 Quum
672 2464 863 2513 ‹lietaton
879 2465 1055 2520 stipatus
1072 2464 1238 2519 agmine
1262 2466 1545 2520 patriciorum,

145 2521 295 2576 plenus
332 2522 414 2563 irae
452 2523 746 2577 minarumque
784 2522 1053 2570 consedisset,
1091 2531 1217 2577 atque
1252 2532 1446 2576 ageretur
1482 2539 1546 2564 res

143 2578 266 2619 solito
281 2579 462 2635 primum
479 2579 709 2620 certamine
726 2579 835 2620 inter
851 2595 893 2620 se
910 2579 1174 2620 tribunorum
1189 2579 1301 2635 plebi
1318 2580 1544 2623 ferentium

188 2743 203 2763 ἰ
232 2735 352 2764 Paucis
377 2739 452 2765 ante
479 2736 592 2773 minin}
627 2735 720 2766 Totis
745 2746 819 2774 qim-
868 2736 923 2766 lini
940 2736 1544 2776 mundarentur,qixos‚11t1)oteGracca

143 2776 301 2814 diffugium,
324 2787 410 2816 supr.
428 2776 467 2807 iv.
487 2787 536 2816 54.
585 2778 654 2808 Nini
673 2779 753 2808 fini-te
776 2778 820 2808 in-
867 2778 999 2815 origine,
1027 2778 1161 2817 plebeiis
1185 2779 1414 2810 communicari
1438 2780 1544 2810 minus

142 2819 353 2856 (elligendum
386 2824 444 2854 est,
478 2820 587 2858 pum-is
618 2826 692 2850 ante
728 2820 822 2850 imnis
868 2821 1048 2858 religiosum
1081 2827 1158 2852 emt.
1217 2822 1289 2852 llat-
1326 2827 1433 2853 tamen
1474 2824 1543 2862 lege

142 2872 238 2900 quam
257 2861 374 2892 tribuni
394 2863 577 2892 consulari-s
595 2873 632 2892 ex
654 2864 748 2902 plebe
767 2863 818 2893 lic-
867 2864 958 2902 plebs
977 2863 1006 2893 in
1035 2868 1156 2902 purtem
1175 2863 1372 2905 reipublicae
1387 2866 1541 2905 quodam-

141 2908 220 2934 rent.
246 2905 351 2935 (ffmzv.
868 2907 962 2936 modo
981 2912 1092 2937 vocum
1109 2912 1165 2937 cst.

186 2956 202 2984 3
227 2946 427 2986 Dercrnr·ir·']
462 2947 591 2984 Quibus
620 2947 688 2978 libri
716 2948 818 2986 Sibyl-
