1934 3211
1645 139 1664 156 k

394 169 472 208 182
902 167 1050 211 TITI
1091 168 1270 211 LIVII

175 266 217 302 U.
236 268 273 298 C.
293 276 363 306 303·
390 257 521 298 fasces
541 256 767 299 duodecim
789 268 933 300 erant:
968 259 1139 316 collegis
1164 274 1318 301 novem
1340 258 1493 314 singuli
1525 255 1689 298 accensi
1715 269 1821 313 ap-9

173 309 211 339 A.
236 309 276 359 Cf
292 320 364 350 449·
391 315 618 370 parebant:
652 324 695 356 et
714 316 759 356 in
781 316 905 357 unica
929 317 1153 358 concordia
1173 317 1284 357 inter
1304 316 1415 371 ipsos
1436 315 1532 371 (qui
1560 328 1789 355 consensus
1805 328 1818 349 1

174 437 275 468 Initio
290 449 358 470 mo-
393 437 453 470 tas
475 439 572 470 erat.

391 371 562 428 privatis
578 372 791 413 interdum
805 373 962 414 inutilis
983 374 1111 429 esset)
1128 389 1290 414 summa
1306 373 1502 413 adversus
1523 371 1624 412 alios
1645 370 1791 434 aequi-

636 429 944 471 Moderationis
966 446 1110 471 eorum
1132 439 1426 486 argumentum
1449 428 1643 483 exemplo
1665 442 1790 468 umus

174 481 276 528 derat{
291 482 343 529 gle-
393 487 454 527 rei
467 494 644 536 notasse,
663 488 759 528 satis
781 488 871 528 erit.
919 488 1065 535 Quum
1079 488 1167 527 sine
1182 487 1477 542 provocatione
1495 485 1623 526 creati
1636 492 1788 533 essent,

174 533 316 555 cemvm.

249 891 315 928 34.

395 543 558 584 defosso
584 544 797 593 cadavere,
828 544 943 585 domi
974 545 1087 599 apud
1118 544 1165 584 P.
1198 543 1393 593 Sestium,
1423 542 1626 598 patriciae
1651 540 1790 605 gentis

394 601 544 650 virum,
567 602 752 651 invento,
774 601 1020 657 prolatoque
1042 601 1087 640 in
1108 601 1369 649 concionem,
1387 601 1432 640 in
1452 615 1496 639 re
1518 599 1636 639 iuxta
1656 612 1791 639 mam-

396 657 500 698 festa
527 666 653 714 atque
680 658 821 707 atroci,
849 657 898 698 C.
923 657 1056 698 Iulius
1077 657 1289 698 decemvir
1309 657 1423 698 diem
1447 655 1582 697 Sestio
1603 655 1724 704 dixit,
1747 662 1791 695 et

396 723 609 756 accusator
644 715 696 755 ad
728 714 932 772 populum
964 715 1136 763 exstitit,
1169 715 1287 755 cuius
1321 714 1382 754 rei
1415 713 1545 753 iudex
1579 711 1821 767 legitimusz

397 780 506 813 erat:
540 772 803 826 decessitque
828 771 918 812 iure
940 786 1028 819 suo,
1050 780 1098 812 ut
1118 771 1338 827 demptum
1370 771 1422 811 de
1453 770 1495 810 vi
1525 769 1791 825 magistratus

397 828 541 883 populi
563 828 743 868 libertati
764 828 974 869 adiiceret.

458 884 604 932 Quum
632 894 873 940 promptum
905 885 984 926 hoc
1015 886 1080 927 ius
1100 885 1216 927 velut
1237 900 1290 926 ex
1311 884 1478 928 oraculo
1499 884 1790 940 incorruptum
1803 899 1821 929 3

396 941 550 996 pariter
579 942 630 982 ab
662 942 726 982 his
757 943 909 983 summi
940 942 1159 998 infimique
1187 944 1356 992 ferrent,
1380 951 1470 984 tum
1500 940 1663 997 legibus
1691 955 1791 981 con-

396 998 546 1039 dendis
568 1014 694 1054 opera
714 999 915 1040 dabatur:
949 1000 1198 1056 ingentique
1229 1000 1450 1040 hominum
1475 997 1790 1054 exspectatione

180 1065 303 1094 Decem
320 1069 365 1096 ta·
395 1056 617 1111 propositis
638 1056 784 1097 decem
807 1056 971 1106 tabulis,
993 1057 1198 1113 populum
1219 1057 1273 1098 ad
1293 1057 1541 1097 concionem
1562 1054 1822 1097 advocave-4

178 1108 382 1147 bulaslegum
396 1121 515 1153 runt:
551 1121 605 1162 et,
630 1113 769 1168 ‘quod
797 1114 968 1162 bonum,
991 1114 1187 1163 faustum,
1209 1114 1395 1169 felixque
1426 1111 1694 1168 reipublicae,
1726 1111 1791 1167 ip-

178 1149 294 1180 ferunt.

398 1170 488 1218 ς515,
512 1169 736 1225 liberisque
759 1186 903 1212 eorum
925 1179 1045 1220 esset,
1068 1171 1141 1220 ire,
1165 1179 1209 1212 et
1227 1171 1366 1226 legere
1397 1170 1511 1226 leges
1541 1168 1791 1224 propositas’

396 1227 564 1267 iussere.
623 1233 634 1250 ‘
651 1227 717 1276 Se,
737 1237 943 1283 quantum
965 1228 1113 1269 decem
1134 1228 1357 1269 hominum
1378 1226 1558 1282 ingeniis
1578 1225 1790 1281 provideri

398 1284 618 1338 ‘potuerit,
642 1286 835 1326 omnibus
856 1285 1028 1326 summis
1049 1285 1289 1341 infimisque
1318 1285 1409 1326 iura
1435 1297 1658 1339 aequasse:
1696 1281 1791 1346 plus

397 1347 407 1362 ⁶
422 1340 578 1395 pollere
601 1341 828 1382 multorum
850 1342 1022 1397 ingenia
1042 1342 1310 1398 consiliaque.
1373 1341 1603 1382 Versarent
1631 1339 1677 1380 in
1701 1353 1791 1379 am-

399 1402 410 1419 ‘
424 1397 500 1437 mis
522 1412 663 1438 secum
685 1413 1027 1454 unamquamque
1059 1414 1161 1449 rem,
1184 1401 1391 1455 agitarent
1411 1397 1565 1438 deinde
1587 1396 1791 1438 sermoni-

399 1454 522 1493 ‘bust
557 1462 681 1509 atque
709 1456 752 1495 in
784 1456 984 1504 medium,
1008 1457 1112 1511 quid
1132 1456 1177 1496 in
1199 1471 1367 1512 quaque
1399 1470 1443 1495 re
1473 1454 1567 1510 plus
1598 1453 1789 1494 minusve

399 1516 542 1559 ‘csset,
566 1511 813 1552 conferrent.
878 1512 961 1552 Eas
991 1513 1104 1568 leges
1134 1513 1376 1554 habiturum
1403 1511 1608 1567 populum
1630 1509 1789 1551 Roma-

398 1572 538 1615 ζηιιιῃ,
572 1583 674 1622 quas
710 1583 934 1608 consensus
965 1570 1154 1609 omnium
1186 1585 1272 1610 non
1308 1570 1473 1609 iussisse
1506 1568 1609 1609 latas
1643 1567 1819 1623 magis‚5

399 1629 410 1646 ⁶
423 1638 549 1677 quam
572 1623 727 1673 tulisse,
745 1625 879 1664 videri
900 1626 1063 1680 posset.’
1117 1626 1263 1673 Quum
1285 1626 1338 1666 ad
1359 1640 1546 1666 rumores
1566 1624 1788 1666 hominum

397 1679 449 1719 de
471 1695 727 1735 unoquoque
749 1681 890 1736 legum
919 1681 1055 1736 capite
1087 1682 1202 1722 edito
1234 1683 1331 1722 satis
1362 1690 1572 1722 correctae
1593 1681 1788 1722 videren-

397 1745 476 1785 tur,
511 1737 754 1777 centuriatis
786 1738 964 1778 comitiis
1001 1738 1149 1779 decem
1184 1739 1420 1779 tabularum
1455 1738 1568 1793 leges
1602 1737 1786 1793 perlatae

395 1802 515 1833 sunt:
550 1793 623 1847 qui
654 1809 767 1834 nunc
799 1810 981 1849 quoque,
1016 1795 1061 1835 in
1096 1795 1175 1836 hoc
1211 1796 1416 1836 immenso
1453 1795 1628 1835 aliarum
1663 1810 1788 1851 super

395 1849 494 1890 alias
515 1859 799 1891 acervatarum
822 1852 962 1906 legum
984 1852 1167 1901 cumulo,
1189 1852 1281 1893 fons
1302 1852 1437 1892 omnis
1467 1852 1626 1907 publici
1649 1852 1820 1908 priva-6

395 1906 510 1961 tique
534 1915 596 1947 est
617 1907 728 1948 iuris.
791 1907 1002 1964 Vulgatur
1022 1909 1175 1950 deinde
1198 1924 1351 1959 rumor,
1374 1909 1478 1950 duas
1499 1909 1643 1950 deesse
1666 1909 1787 1950 tabu-

1111 2011 1240 2041 dentem
1268 2011 1327 2042 sibi
1352 2017 1430 2050 tum,
1455 2022 1529 2043 cum
1554 2013 1651 2043 verbo
1675 2014 1785 2041 tamen

433 2016 452 2046 9
476 2008 628 2044 Accensi]
658 2018 700 2038 sc.
718 2009 938 2047 Apparitores,
954 2009 1008 2048 qui
1024 2011 1066 2040 ad

640 2048 645 2054 ’
1110 2054 1303 2084 'subiunctivi
1334 2055 1421 2085 modi
1451 2054 1664 2094 coniungitur.
1719 2053 1784 2084 Ex=

391 2048 476 2077 iussa
502 2049 756 2079 decemvirorum
784 2055 910 2089 praesto
938 2055 1063 2082 essent:

391 2090 477 2120 haud
518 2091 612 2121 aliter
651 2096 749 2130 atque
787 2094 964 2131 consulem,
1002 2104 1065 2133 quo

390 2142 501 2162 mense
527 2133 628 2163 fasces
653 2144 717 2163 non
745 2135 888 2172 haberet,
912 2146 1065 2166 accensus

389 2175 543 2205 anteibat.
575 2176 705 2207 Sueton.
730 2178 822 2208 Caes.
848 2188 897 2208 20.
922 2188 1006 2218 supr.
1031 2178 1063 2209 ii.

396 2227 419 2246 1.

437 2269 447 2289 1
472 2262 514 2290 In
532 2262 645 2299 unica]
670 2272 712 2291 sc.
730 2262 771 2291 In
787 2261 868 2291 mira
884 2262 1064 2300 concordia,

389 2312 471 2339 quac
486 2303 660 2341 aliquando
684 2304 815 2342 privatis
838 2304 972 2343 inutilis,
988 2305 1019 2335 h.
1036 2315 1063 2335 e.

391 2344 566 2382 perniciosa
586 2349 679 2382 osset,
695 2349 731 2375 ut
747 2346 816 2377 Cic.
833 2346 873 2376 de
891 2347 954 2377 Off.
973 2346 993 2377 i.
1015 2357 1061 2377 10.

389 2388 408 2400 ⁶⁶
422 2390 525 2424 potest
545 2387 629 2416 enim
646 2388 793 2418 accidere
810 2389 999 2427 promissum
1013 2412 1019 2418 .
1032 2413 1038 2419 .
1054 2413 1060 2419 .

389 2432 422 2456 ut
442 2429 473 2458 id
494 2429 575 2458 effici
599 2430 640 2459 sit
658 2431 772 2461 inutile
789 2432 838 2460 vel
863 2431 893 2461 ei
916 2430 967 2461 cui
991 2441 1061 2470 pro-

388 2470 517 2500 missum
535 2471 586 2506 sit,
602 2473 652 2501 vel
669 2472 697 2502 ei
715 2472 769 2511 qui
786 2473 999 2511 promiserit.”

431 2523 447 2542 2
471 2514 526 2543 Ad
544 2516 716 2553 populum]
751 2516 964 2545 Οεηίτινὶαίὶηι
987 2525 1058 2545 con-

389 2559 548 2593 vocatum,
565 2566 664 2594 quum
681 2558 716 2586 in
738 2559 876 2587 maoeimo
896 2559 1060 2588 comitiatzc

386 2607 424 2625 cx
444 2597 520 2636 Leg.
538 2607 589 2627 xil
608 2599 688 2629 Tab.
706 2598 825 2629 iudicia
841 2599 955 2639 capitis
978 2610 1057 2630 sem-

388 2649 442 2675 per
466 2640 615 2670 habenda
638 2645 751 2671 essent.
784 2642 851 2672 Cic.
874 2642 905 2672 in
924 2642 1007 2681 ch.
1025 2642 1056 2673 ii.

388 2680 437 2716 36,
454 2691 519 2711 rem
542 2683 677 2713 totidem
700 2684 799 2713 ferme
816 2684 917 2714 verbis
939 2689 1057 2722 narrat,

386 2725 417 2749 ct
432 2723 472 2752 (lc
489 2724 594 2762 capite
611 2725 687 2755 civis
704 2726 856 2762 Romani,
878 2726 936 2756 nisi
960 2727 1056 2757 comi-

385 2762 436 2791 tiis
466 2767 662 2804 centuriatis,
691 2768 790 2797 statui
826 2780 918 2807 posse
951 2773 1056 2808 negat.

385 2804 424 2833 cf.
443 2805 574 2837 Gravin.
591 2810 631 2838 dc
647 2810 720 2840 Jur.
739 2811 833 2841 Publ.
851 2821 915 2841 ΧΠ.
932 2811 1012 2841 Tab.

400 2887 404 2892 Ι
429 2856 445 2885 3
470 2848 573 2882 Quum
591 2873 597 2880 .
617 2873 623 2879 .
641 2874 647 2880 .
665 2854 749 2889 tum]
790 2853 866 2883 Non
892 2864 960 2883 raro
985 2864 1053 2892 pai·-

384 2889 479 2918 ttcula
498 2900 605 2928 quum,
623 2894 767 2929 quamvis
791 2895 905 2925 habeat
926 2906 1052 2934 respon-

1109 2097 1219 2135 empla
1241 2097 1378 2136 reperies
1398 2107 1450 2137 ap.
1470 2101 1614 2128 nostrum
1630 2096 1651 2127 i.
1669 2104 1719 2127 21.
1742 2096 1784 2127 iv.

1111 2148 1159 2177 30.
1189 2138 1252 2169 viii.
1278 2149 1327 2170 21.
1353 2143 1384 2169 et
1410 2150 1462 2179 ap.
1488 2139 1556 2171 Cic.
1582 2148 1682 2178 quum
1706 2137 1784 2168 alibi

1109 2180 1247 2220 saepius,
1263 2185 1332 2211 tum
1349 2182 1418 2212 h'br.
1436 2183 1475 2212 de
1492 2181 1595 2212 Amic.
1609 2191 1625 2212 2
1631 2191 1658 2221 3.
1676 2181 1783 2211 CREv.

1152 2235 1170 2261 4
1198 2225 1342 2262 Tabulis]
1384 2224 1485 2255 Haud
1515 2224 1609 2254 aliter
1634 2222 1783 2261 Athenis,

1109 2266 1251 2304 expulsis
1274 2266 1417 2305 tyrannis
1439 2267 1477 2296 iis
1497 2267 1551 2306 qui
1574 2266 1705 2306 triginta
1726 2274 1783 2295 no-

1108 2308 1222 2337 minati
1245 2312 1331 2343 sunt,
1351 2309 1436 2347 leges
1455 2309 1488 2339 ἐν
1503 2307 1626 2338 σανίσιν
1638 2306 1782 2346 proposi-

1106 2353 1159 2379 tae
1175 2353 1258 2380 sunt.
1291 2350 1329 2380 cf.
1348 2351 1472 2381 Andoc.
1490 2351 1530 2381 de
1546 2351 1681 2390 Myster.
1699 2350 1750 2388 83.

1150 2401 1166 2430 5
1191 2394 1278 2428 Quas
1292 2402 1462 2423 consensus
1473 2394 1624 2430 omnium,
1636 2402 1701 2423 non
1715 2393 1780 2422 ius-

1105 2435 1182 2465 sisse
1205 2435 1287 2463 latas
1309 2436 1420 2473 magis.
1437 2445 1532 2474 quam
1551 2435 1677 2472 tulisse]
1703 2433 1731 2464 F
1733 2443 1779 2464 er-

1103 2486 1136 2505 re
1160 2477 1255 2515 leges,
1278 2477 1522 2515 magistratuum
1545 2481 1636 2514 erat3
1657 2476 1780 2514 iubere,

1104 2518 1228 2557 populi.
1275 2518 1341 2548 Hic
1362 2518 1545 2549 Decemviri
1562 2520 1675 2550 volunt
1693 2518 1779 2558 leges

1103 2570 1213 2598 novas,
1225 2570 1288 2589 non
1305 2560 1406 2590 iuberi
1422 2562 1526 2591 solum
1538 2572 1558 2592 a
1574 2562 1696 2601 populo
1708 2560 1778 2591 uni-

1104 2612 1203 2639 verso,
1228 2603 1284 2632 sed
1308 2603 1546 2641 quodammodo
1569 2604 1653 2634 ferri.
1698 2602 1777 2634 Non

1102 2644 1187 2673 enim
1204 2644 1267 2674 illis
1280 2645 1355 2675 satis
1367 2649 1414 2675 est
1427 2646 1592 2676 consulere
1605 2646 1777 2685 populum,

1102 2690 1208 2716 utrum
1227 2687 1365 2726 accipiat
1381 2698 1467 2718 nunc
1482 2689 1578 2727 leges,
1591 2688 1702 2727 quales
1713 2687 1775 2726 ipsi

1101 2739 1154 2758 cas
1170 2729 1298 2759 edidere
1310 2742 1317 2765 ;
1340 2731 1396 2761 sed
1411 2734 1442 2760 et
1459 2740 1569 2760 earum
1592 2739 1721 2760 sensum
1735 2739 1775 2759 ac

1102 2772 1197 2800 verba
1220 2771 1310 2811 dii-igi
1334 2782 1371 2802 ac
1395 2772 1479 2802 finiri
1503 2773 1616 2802 volunt
1637 2782 1678 2802 ex
1700 2781 1773 2801 con-

1099 2823 1193 2843 sensu
1209 2814 1362 2844 omnium.
1388 2814 1494 2845 Cizsv.

1141 2855 1160 2885 6
1180 2857 1264 2885 Fons
1280 2858 1381 2886 omnis
1392 2857 1516 2895 publici
1528 2856 1714 2895 privatique
1725 2860 1771 2886 est

1098 2898 1196 2935 iuris]
1217 2898 1267 2927 De
1284 2898 1406 2937 legibus
1423 2897 1770 2936 decemvirorum‚quid

1915 2137 1934 2325 '‘kasta-'annam
1918 2102 1922 2122 ⁵*
1914 2083 1915 2089 ⁴
