1934 3211
434 191 513 230 192
949 185 1097 228 ΤΙΤΙ
1139 185 1318 227 LIVII

432 278 514 334 Ap.
537 276 719 319 Claudio
740 276 974 318 adiutorem
994 276 1048 318 ad
1069 277 1216 318 urbem
1238 275 1452 326 tuendam,
1475 289 1611 331 aequo
1632 273 1822 316 omnium
1835 279 1857 311 6

433 335 765 376 decemvirorum
786 334 977 390 imperio,
1000 334 1245 375 decernunt.

491 391 638 433 Nihilo
671 391 841 440 militae,
874 406 1001 446 quam
1034 391 1161 439 domi,
1196 390 1344 431 melius
1372 388 1609 445 respublica
1643 387 1823 429 admini-

431 458 558 490 strata
574 457 646 490 est.
700 448 777 488 Illa
798 448 924 489 modo
945 448 989 487 in
1011 447 1188 488 ducibus
1204 446 1339 502 culpa,
1355 447 1483 501 quod,
1498 454 1546 486 ut
1566 445 1663 486 odio
1684 452 1823 486 essent

430 507 602 555 civibus,
624 505 833 546 fecerant:
868 504 948 544 alia
969 504 1103 545 omnis
1123 519 1252 559 penes
1274 503 1427 543 milites
1454 517 1567 543 noxa
1586 510 1698 543 erat:
1734 501 1820 557 qui,

430 577 483 604 ne
525 562 630 619 quid
670 562 801 602 ductu
846 570 970 616 atque
1018 561 1202 615 auspicio
1242 560 1576 600 decemvirorum
1624 573 1821 614 prospere

430 635 608 675 usquam
640 630 866 674 gereretur,
898 617 1009 658 vinci
1040 632 1082 657 se
1119 631 1195 672 per
1230 631 1352 656 suum
1388 624 1514 671 atque
1552 615 1718 656 illorum
1748 615 1821 656 de-

430 677 559 718 decus
592 676 867 731 patiebantur.
931 673 1029 713 Fusi
1063 682 1105 713 et
1137 674 1188 713 ab
1224 672 1388 714 Sabinis
1416 673 1469 713 ad
1492 672 1680 721 Eretum,
1708 680 1751 712 et
1777 672 1823 712 in

432 733 590 789 Algido
622 733 673 772 ab
700 731 876 786 Aequis,
903 730 1111 770 exercitus
1142 738 1271 770 erant.
1335 730 1406 770 Ab
1435 729 1563 770 Ereto
1592 744 1669 785 per
1697 728 1823 770 silen-

433 791 539 831 tium
566 789 700 829 noctis
727 787 905 843 profugi,
928 787 1099 843 propius
1127 787 1286 836 urbem,
1310 787 1420 827 inter
1441 786 1621 827 Fidenas
1645 785 1824 827 Crustu-

432 846 704 901 meriamque,
740 844 832 885 loco
869 844 982 885 edito
1019 853 1152 885 castra
1187 844 1546 884 communierant:
1594 842 1825 900 persecutis

432 903 620 943 hostibus
641 916 848 957 nusquam
869 917 910 942 se
933 916 1068 956 aequo
1089 901 1317 942 certamine
1335 901 1658 949 committentes,
1676 908 1826 940 natura

433 960 515 1000 loci
550 974 597 999 ac
627 958 749 1007 vallo,
781 973 868 998 non
897 958 1050 998 virtute
1087 967 1159 999 aut
1194 958 1329 1007 armis,
1364 958 1618 998 tutabantur.
1681 956 1824 997 Maius

432 1016 638 1072 flagitium
673 1016 718 1056 in
752 1015 923 1070 Algido,
957 1015 1089 1055 maior
1124 1015 1251 1056 etiam
1286 1014 1424 1055 clades
1460 1023 1654 1070 accepta:
1693 1021 1827 1054 castra

432 1089 602 1128 quoque
625 1073 773 1113 amissa
794 1081 935 1121 erant,
959 1081 1196 1127 exutusque
1218 1072 1411 1112 omnibus
1427 1071 1674 1112 utensilibus
1690 1069 1823 1119 miles,

433 1130 667 1170 Tusculum
689 1144 745 1178 se,
761 1129 844 1169 fide
867 1129 1234 1184 misericordiaque
1251 1129 1435 1169 victurus
1451 1128 1676 1184 hospitum,
1695 1127 1823 1183 (quae

434 1196 575 1227 tamen
607 1202 694 1228 non
726 1186 999 1241 fefellerunt,)
1036 1186 1280 1227 contulerat.
1346 1185 1526 1226 Romam
1559 1185 1666 1225 tanti
1705 1192 1825 1225 erant

432 1253 610 1285 terrores
651 1243 776 1292 allati,
819 1252 877 1292 ut,
918 1243 1053 1299 posito
1094 1243 1178 1283 iam
1218 1242 1485 1283 decemvirali
1526 1242 1636 1292 odio,
1678 1241 1825 1282 Patres

432 1301 593 1356 vigilias
638 1301 683 1341 in
727 1302 828 1342 urbe
876 1300 1089 1341 habendas
1134 1308 1378 1340 censerent:
1432 1314 1590 1348 omnes,
1632 1298 1706 1354 qui
1749 1312 1826 1354 per

432 1366 613 1398 aetatem
657 1373 772 1398 arma
815 1358 922 1397 ferre
967 1365 1149 1413 possent,
1191 1356 1400 1398 custodire
1441 1355 1620 1405 moenia,
1661 1370 1709 1396 ac
1748 1370 1825 1411 pro

433 1415 563 1469 portis
584 1415 782 1455 stationes
804 1429 925 1469 agere
947 1414 1163 1455 iuberent:
1195 1429 1310 1455 arma
1330 1413 1563 1454 Tusculum
1584 1412 1638 1453 ad
1658 1412 1826 1468 supple·
1841 1424 1858 1456 7

434 1479 625 1511 mentum
655 1471 943 1519 decernerent,
967 1471 1323 1525 decemvirosque,
1350 1471 1401 1511 ab
1432 1485 1525 1510 arce
1548 1469 1725 1510 Tusculi
1751 1469 1826 1510 de-

433 1542 607 1582 gressos,
630 1527 674 1567 in
699 1528 840 1567 castris
868 1527 1044 1567 militem
1071 1527 1252 1567 habere:
1286 1535 1420 1567 castra
1447 1526 1527 1567 alia
1546 1541 1571 1567 a
1590 1525 1761 1567 Fidenis
1780 1526 1827 1566 in

439 1584 642 1624 Sabinum
663 1599 808 1639 agrum
830 1584 1066 1623 transferri:
1100 1584 1294 1638 belloque
1317 1583 1425 1624 ultro
1446 1583 1667 1624 inferendo
1687 1582 1826 1624 deter-

437 1641 519 1681 reri
539 1641 678 1681 hostes
700 1656 724 1680 a
744 1640 916 1680 consilio
937 1640 1050 1680 urbis
1072 1640 1390 1695 oppugnandae.

496 1696 569 1737 Ad
603 1697 742 1737 clades
778 1697 829 1737 ab
864 1696 1051 1737 hostibus
1087 1704 1277 1751 acceptas
1312 1696 1397 1736 duo
1431 1696 1614 1737 nefanda
1643 1696 1829 1737 facinora

438 1753 665 1795 decemviri
685 1753 785 1794 belli
806 1753 1005 1808 domique
1027 1752 1240 1793 adiiciunt.
1304 1752 1354 1793 L.
1377 1751 1559 1793 Siccium
1579 1753 1624 1793 in
1649 1752 1825 1803 Sabinis,
1840 1762 1860 1792 8

436 1826 512 1867 per
532 1810 735 1851 invidiam
755 1809 1074 1850 decemviralem
1104 1810 1367 1850 tribunorum
1395 1809 1673 1850 creandorum
1693 1824 1827 1850 seces·
1840 1823 1861 1854 9

436 1868 649 1923 sionisque
671 1866 906 1907 mentiones
927 1866 981 1907 ad
1001 1866 1150 1922 vulgus
1170 1866 1352 1906 militum
1372 1866 1633 1907 sermonibus
1654 1866 1828 1907 occultis

436 1933 658 1973 serentem,
704 1923 1043 1979 prospeculatum
1079 1923 1144 1963 *ad
1193 1923 1333 1964 locum
1383 1923 1525 1964 castris
1575 1923 1828 1979 capiendum

435 1982 636 2021 mittunt:
670 1980 794 2021 datur
826 1980 1044 2035 negotium
1079 1979 1294 2029 militibus,
1329 1995 1434 2035 quos
1469 1980 1667 2021 miserant
1700 1995 1829 2035 expe-

435 2037 606 2078 ditionis
628 2037 717 2077 eius
741 2037 927 2085 comites,
951 2045 998 2077 ut
1026 2052 1123 2077 eum
1151 2045 1388 2092 opportuno
1417 2036 1553 2077 adorti
1579 2037 1672 2078 loco
1698 2036 1829 2078 inter-

435 2094 620 2134 ficerent.
684 2093 815 2134 Haud
836 2093 1019 2134 inultum
1039 2093 1309 2134 interfecere:
1343 2109 1441 2134 nam
1461 2094 1572 2134 circa
1590 2108 1829 2150 repugnan-

436 2159 522 2191 tem
543 2150 704 2206 aliquot
724 2150 987 2192 insidiatores
1009 2150 1211 2200 cecidere,
1230 2166 1361 2206 quum
1377 2151 1465 2206 ipse
1488 2166 1530 2191 se
1552 2150 1827 2206 praevalidus,

435 2208 526 2262 pari
555 2207 712 2248 viribus
742 2207 894 2256 animo,
922 2207 1230 2248 circumventus
1262 2216 1478 2248 tutaretur.
1542 2206 1755 2248 Nuntiant
1783 2207 1829 2247 in

436 2272 569 2304 castra
589 2264 730 2312 ceteri,
753 2264 1071 2319 praecipitatum
1092 2264 1136 2303 in
1157 2264 1327 2304 insidias
1349 2279 1436 2305 esse
1457 2263 1640 2305 Siccium
1661 2263 1827 2319 egregie

436 2328 712 2375 pugnantem,
736 2320 973 2375 militesque
1004 2320 1207 2376 quosdam
1238 2335 1334 2360 cum
1362 2335 1412 2360 eo
1441 2320 1621 2361 amissos.
1684 2320 1828 2360 Primo

436 2377 540 2417 fides
568 2377 859 2417 nuntiantibus
886 2377 976 2417 fuit.
1039 2376 1234 2417 Profecta
1260 2376 1414 2417 deinde
1443 2376 1592 2417 cohors
1623 2376 1678 2417 ad
1710 2391 1828 2432 sepe-

214 279 259 311 U.
276 280 314 311 C.
333 289 402 320 305.

212 323 252 353 A.
276 323 314 354 C.
333 331 406 363 447.

280 385 348 421 42.

215 439 307 470 Male
324 449 391 469 rem

211 485 337 520 gerunt.

286 1694 355 1730 43.

219 1747 258 1778 L.
277 1747 372 1778 Siccii

218 1800 312 1821 mors.

477 2492 497 2523 6
519 2494 632 2533 Aequo
651 2494 809 2530 omnium]
844 2493 897 2523 Ita
917 2497 953 2523 ut
976 2503 1034 2532 par
1051 2493 1109 2522 im-

436 2535 561 2573 perium
582 2535 682 2574 Appii
706 2538 737 2564 et
760 2535 859 2574 Oppii
883 2539 976 2572 esset,
996 2545 1034 2564 ac
1057 2536 1109 2564 de-

436 2577 647 2606 cemvirorum
667 2576 813 2606 omnium
833 2577 926 2614 foret,
943 2577 967 2606 si
983 2577 1015 2606 in
1031 2578 1110 2606 urbe

436 2623 549 2648 essent.
578 2619 684 2649 szv.

483 2667 498 2697 7
521 2661 577 2689 Ad
600 2661 873 2699 supplementum]
907 2661 957 2689 Ac
982 2660 1109 2699 supple-

436 2706 577 2731 mentum
602 2702 739 2731 coniecit
764 2702 791 2732 Ι.
817 2702 868 2732 Fr.
894 2702 1036 2732 Gronov,
1065 2701 1109 2731 ni-

438 2741 552 2771 mirum
566 2754 657 2773 arma
673 2744 749 2781 illis,
760 2744 813 2782 qui
831 2744 913 2774 inter
928 2744 1037 2782 fugam
1053 2743 1111 2773 illa

437 2782 617 2819 iactassent,
633 2796 670 2815 ac
685 2787 951 2824 supplementum,
968 2795 1010 2815 sc.
1027 2785 1110 2815 mili-

437 2826 495 2859 tes,
520 2824 550 2853 in
576 2826 751 2856 occisorum
773 2828 891 2857 locum.
937 2827 1000 2857 Sed
1027 2827 1108 2857 Dra—

437 2864 609 2895 kenborch.
634 2872 773 2897 veterem
798 2869 971 2899 lectionem
1001 2873 1110 2899 tuetur

437 2907 480 2936 ad
509 2908 763 2946 supplementum
790 2919 831 2941 sc.
856 2915 1009 2949 praeter:
1045 2920 1108 2949 quo

1154 2503 1247 2523 sensu
1264 2493 1458 2532 praepositio
1471 2494 1514 2523 ad
1528 2493 1616 2523 haud
1634 2502 1704 2523 raro
1719 2502 1828 2524 occur-

1154 2535 1203 2565 rit.
1222 2535 1261 2565 cf.
1279 2535 1366 2565 xxvi.
1384 2543 1412 2574 5.

1197 2577 1215 2606 8
1232 2577 1386 2614 Siccium]
1414 2577 1466 2607 De
1479 2587 1541 2616 quo
1554 2587 1638 2616 supr.
1655 2576 1688 2606 in
1704 2571 1770 2607 not.
1786 2577 1828 2607 ad

1155 2627 1203 2657 31.
1234 2619 1391 2648 Sicinium
1413 2629 1464 2658 ap.
1484 2620 1593 2658 plures
1615 2622 1762 2649 auctores
1784 2619 1827 2648 le-

1152 2660 1268 2699 gimus,
1293 2661 1433 2691 Siccium
1463 2671 1515 2700 ap.
1547 2661 1645 2691 Dion.
1676 2664 1708 2690 et
1739 2660 1827 2691 Plut.

1155 2702 1194 2732 cf.
1213 2702 1288 2732 Val.
1306 2703 1397 2733 Max.
1415 2702 1458 2732 iii.
1477 2712 1504 2732 2.
1530 2702 1616 2733 Plin.
1641 2702 1686 2732 H.
1709 2701 1754 2732 N.
1774 2701 1827 2732 vii.

1157 2744 1205 2773 28.
1233 2745 1272 2774 A.
1298 2744 1384 2775 Gell.
1408 2744 1439 2775 ii.
1468 2754 1514 2775 11.
1547 2745 1663 2774 Festus
1685 2753 1713 2774 v.
1738 2744 1826 2774 obsi-

1155 2787 1301 2816 dionalis.

1196 2837 1215 2868 9
1238 2829 1307 2858 Per
1329 2828 1501 2865 invidiam]
1531 2827 1639 2867 Capta
1661 2825 1827 2857 occasione

1153 2879 1193 2899 ex
1210 2869 1341 2908 publico
1356 2869 1390 2900 in
1406 2869 1603 2900 decemviros
1619 2868 1702 2899 odio.
1727 2867 1790 2898 Cn.
