1934 3211
442 194 524 232 418
958 190 1107 232 ΤΙΤΙ
1148 190 1320 233 LIVII

227 291 272 323 U.
289 291 327 323 C.
345 301 416 331 400.
444 281 553 323 sules
577 282 699 323 ambo
725 296 778 322 ex
804 281 1042 336 interregno
1072 281 1357 336 magistratum
1386 280 1530 330 iniere,
1556 280 1606 322 C.
1629 279 1837 335 Sulpicius

227 335 418 408 g'sc'lgffi'
444 339 615 381 Peticus
660 339 842 388 tertium,
886 338 947 379 M.
972 337 1165 378 Valerius
1204 337 1433 378 Publicola.
1517 336 1748 393 Empulum
1787 351 1838 378 eo

230 387 433 450 11113111150713
446 412 556 438 anno
587 412 640 437 ex
662 396 906 437 Tiburtibus
937 395 1051 436 haud
1082 395 1351 436 memorando
1382 394 1608 436 certamine
1639 401 1835 450 captum:

229 461 307 492 lerio
321 462 409 492 Coss.
446 455 531 495 sive
557 454 735 494 duorum
767 453 985 494 consulum
1016 452 1200 508 auspicio
1229 452 1387 493 bellum
1417 453 1475 493 ibi
1503 460 1667 508 gestum
1694 459 1769 500 est,
1791 458 1840 492 ut

229 504 434 576 A¹¹tst3⁰..C⁰⁸³·
447 511 646 567 scripsere
678 510 877 567 quidam3
916 525 990 550 seu
1019 524 1094 564 per
1125 509 1238 550 idem
1269 517 1434 564 tempus
1465 508 1839 565 Tarquiniensium

230 555 272 586 pa
289 556 364 578 ΠΜ
449 584 617 625 quoque
643 577 740 609 sunt
760 567 907 608 vastati
937 567 1024 621 agri
1049 566 1100 606 ab
1125 564 1310 620 Sulpicio
1332 566 1515 616 consule,
1539 582 1623 621 quo
1644 565 1840 606 Valerius

448 626 643 667 adversus
665 625 862 665 Tiburtes
891 623 1077 678 legiones
1107 622 1241 662 duxit.
1303 621 1435 662 Domi
1464 623 1597 663 maius
1627 631 1840 664 certamen

447 683 686 724 consulibus
718 695 815 721 cum
846 680 968 735 plebe
1002 694 1049 719 ac
1082 678 1259 719 tribunis
1295 687 1394 719 erat.
1456 679 1576 720 Fidei
1608 680 1692 720 iam
1726 694 1839 728 suae,

448 755 534 780 non
564 738 697 779 solum
719 737 893 786 virtutis,
917 736 1129 777 ducebant
1160 750 1260 784 esse,
1288 743 1335 776 ut
1367 736 1622 792 accepissent
1650 735 1736 777 duo
1766 750 1841 791 pa-

448 796 555 837 tricii
591 794 867 843 consulatum,
900 793 958 834 ita
992 793 1193 834 ambobus
1227 792 1411 848 patriciis
1446 793 1656 834 mandare.
1722 793 1842 841 Quin

448 862 520 893 aut
550 860 637 893 toto
665 851 901 892 cedendum
933 865 1033 899 esse,
1057 851 1090 891 si
1119 849 1308 905 plebeius
1337 850 1421 891 iam
1451 850 1714 906 magistratus
1740 865 1841 892 con-

449 909 605 950 sulatus
640 909 725 958 fiat,
759 917 831 949 aut
867 916 1002 949 totum
1037 907 1350 963 possidendum,
1380 922 1507 963 quam
1538 907 1840 963 possessionem

449 967 654 1022 integram
690 982 714 1007 a
747 966 934 1022 patribus
969 964 1235 1021 accepissent.
1309 964 1460 1006 Plebes
1495 973 1640 1006 contra
1673 965 1838 1006 fremit:

451 1030 462 1047 ‘
482 1023 600 1072 Quid
629 1038 672 1064 se
703 1023 854 1072 vivere,
884 1022 988 1078 quid
1019 1023 1064 1063 in
1095 1030 1212 1077 parte
1245 1022 1398 1063 civium
1432 1022 1617 1064 censeri:
1650 1022 1697 1072 si,
1727 1021 1842 1077 quod

451 1087 461 1104 ‘
479 1081 658 1122 duorum
688 1080 908 1121 hominum
928 1080 1095 1128 virtute,
1119 1078 1167 1120 L.
1191 1078 1323 1120 Sextii
1343 1094 1390 1120 ac
1415 1079 1465 1120 C.
1485 1079 1654 1129 Licinii,
1675 1086 1842 1135 partum

451 1143 463 1161 ‘
479 1138 543 1187 sit,
566 1138 611 1179 id
631 1138 819 1179 obtinere
842 1137 1025 1178 universi
1053 1151 1139 1177 non
1167 1137 1360 1192 possint?
1419 1136 1502 1178 Vel
1529 1151 1659 1193 reges,
1680 1136 1748 1177 vel
1767 1136 1841 1177 de-

453 1201 464 1218 ‘
480 1196 695 1244 eemviros‚
717 1195 796 1244 vel,
819 1196 853 1236 si
881 1194 997 1251 quod
1028 1194 1182 1235 tristius
1212 1194 1264 1234 sit
1290 1194 1455 1249 imperii
1484 1209 1652 1244 nomen,
1677 1193 1842 1249 patien-

453 1258 464 1276 ‘
480 1253 582 1294 dum
609 1268 696 1294 esse
724 1253 876 1308 potius,
899 1267 1026 1308 quam
1054 1251 1196 1292 ambos
1222 1251 1416 1307 patricios
1443 1251 1634 1292 consules
1657 1250 1840 1300 videant,

452 1316 463 1333 ‘
480 1325 557 1351 nec
585 1310 630 1350 in
656 1311 791 1351 vicem
817 1318 1012 1366 pareatur
1038 1317 1164 1365 atque
1192 1309 1420 1365 imperetur
1435 1324 1445 1357 3
1478 1308 1552 1349 sed
1578 1323 1672 1364 pars
1700 1307 1840 1357 altera,

451 1368 523 1408 ‘in
554 1376 724 1409 aeterno
755 1367 930 1423 imperio
962 1366 1108 1415 locata,
1139 1365 1306 1422 plebem
1337 1381 1545 1421 nusquam
1575 1365 1656 1406 alio
1686 1373 1841 1415 natam,

451 1430 462 1448 ‘
479 1440 605 1480 quam
627 1425 680 1465 ad
701 1424 980 1474 serviendum,
997 1424 1143 1480 putet?
1184 1423 1285 1464 Non
1301 1423 1453 1464 desunt
1474 1423 1632 1464 tribuni
1652 1430 1842 1464 auctores

450 1482 691 1530 turbarum3
739 1481 813 1522 sed
845 1482 955 1522 inter
986 1481 1214 1522 concitatos
1247 1496 1322 1536 per
1353 1496 1396 1522 se
1429 1495 1574 1522 omnes
1609 1480 1680 1522 vix
1712 1479 1841 1522 duces

450 1538 649 1578 eminent.
713 1538 953 1594 Aliquoties
972 1538 1123 1579 frustra
1150 1538 1194 1578 in
1223 1553 1418 1594 campum
1439 1538 1687 1579 descensum
1708 1551 1841 1592 quum

450 1603 568 1644 esset,
586 1594 792 1650 multique
813 1610 888 1650 per
908 1595 1133 1636 seditiones
1154 1595 1234 1636 acti
1251 1595 1480 1636 comitiales
1496 1595 1608 1644 dies;
1631 1602 1841 1650 postremo

449 1652 581 1693 victae
603 1652 909 1707 perseverantia
928 1652 1146 1692 consulum
1167 1652 1300 1707 plebis
1320 1667 1370 1692 eo
1391 1652 1510 1693 dolor
1529 1652 1679 1707 erupit,
1701 1659 1749 1692 ut
1769 1651 1842 1692 tri-

450 1709 597 1758 bunos,
631 1715 642 1732 ‘
659 1716 798 1749 actum
826 1723 913 1749 esse
942 1708 994 1748 de
1024 1708 1233 1749 libertate'
1254 1709 1538 1757 vociferantes,
1573 1708 1842 1762 ‘relinquen-

452 1772 463 1789 ‘
479 1766 665 1821 dumque
686 1780 773 1806 non
793 1780 988 1821 campum
1009 1765 1091 1805 iam
1112 1764 1258 1813 solum,
1277 1765 1351 1805 sed
1366 1765 1490 1805 etiam
1511 1765 1657 1805 urbem
1678 1772 1841 1820 captam

452 1828 463 1846 ‘
480 1832 605 1878 atque
631 1837 867 1878 oppressam
895 1837 1024 1877 regno
1051 1821 1345 1877 patriciorum,’
1365 1829 1521 1862 maesta
1546 1821 1664 1877 plebs
1691 1835 1841 1877 seque-

450 1888 573 1921 retur.
640 1878 858 1928 Consules,
880 1879 1013 1920 relicti
1039 1894 1062 1919 a
1086 1887 1202 1934 parte
1230 1877 1387 1934 populi,
1409 1893 1486 1934 per
1513 1878 1838 1934 infrequentiam
1854 1893 1871 1922 3

450 1937 618 1978 comitia
650 1936 782 1977 nihilo
815 1936 982 1991 segnius
1016 1935 1249 1990 perficiunt.
1315 1934 1458 1976 Creati
1493 1935 1684 1976 consules
1717 1936 1840 1977 ambo

449 1994 624 2049 patricii,
657 1992 719 2034 M.
745 1992 896 2033 Fabius
930 1993 1162 2033 Ambustus
1193 1992 1374 2041 tertium,
1408 1992 1458 2032 T.
1481 1992 1717 2040 Quinctius.
1787 1992 1840 2033 In

448 2050 699 2106 quibusdam
731 2049 949 2090 annalibus
979 2064 1054 2104 pro
1086 2049 1136 2090 T.
1160 2049 1363 2097 Quinctio
1395 2048 1456 2090 M.
1475 2048 1704 2105 Popillium
1740 2064 1840 2091 con-

448 2107 581 2148 sulem
602 2107 782 2147 invenio.

306 2167 370 2205 19.
508 2163 608 2205 Duo
632 2163 743 2204 bella
773 2179 822 2204 eo
850 2178 961 2204 anno
989 2178 1185 2219 prospere
1213 2172 1353 2219 gesta:
1388 2179 1484 2204 cum
1507 2163 1838 2220 Tiburtibusque

234 2220 278 2252 U·
296 2222 333 2252 C.
351 2231 421 2261 401·
450 2221 502 2262 ad
541 2220 800 2261 deditionem
840 2229 1086 2275 pugnatum.
1158 2219 1321 2261 Sassula
1360 2235 1413 2261 ex
1453 2220 1518 2261 his
1557 2221 1655 2262 urbs
1690 2229 1835 2276 capta:

233 2265 280 2336 ᾖ.
295 2264 422 2336 ἓὲξῑξι·
450 2286 670 2333 ceteraque
692 2276 847 2333 oppida
870 2277 1048 2317 eandem
1072 2277 1282 2318 fortunam
1306 2276 1560 2327 habuissent,
1581 2277 1626 2318 ni
1646 2277 1839 2318 universa

234 2347 302 2378 ΙΙΙ.
321 2348 359 2378 Τ.
449 2350 563 2391 gens,
600 2335 744 2390 positis
784 2334 918 2382 armis,
955 2334 999 2373 in
1040 2334 1167 2374 fidem
1199 2334 1379 2375 consulis
1415 2334 1606 2375 venisset.
1669 2333 1838 2374 Trium-

232 2389 388 2459 &Quinctio
479 2392 623 2433 hatum
656 2391 708 2432 de
743 2390 1013 2431 Tiburtibus:
1059 2391 1247 2447 alioquin
1282 2390 1393 2431 mitis
1427 2390 1599 2431 victoria
1632 2389 1721 2431 fm't.
1784 2389 1836 2431 In

249 2441 319 2462 '⁰⁵³'
449 2407 777 2504 'Tarquinienses
798 2447 943 2488 acerbe
969 2448 1182 2488 saevitum.
1246 2446 1395 2487 Multis
1420 2446 1661 2488 mortalibus
1681 2447 1726 2487 in
1747 2447 1835 2488 acie

231 2472 432 2547 (Τεᾞῐιιέξῗέῗ
449 2506 590 2555 caesis,
607 2520 659 2546 ex
681 2504 841 2559 ingenti
863 2504 1120 2559 captivorum
1142 2518 1317 2544 numero
1339 2504 1513 2544 trecenti
1530 2503 1866 2559 quinquaginta4

490 2682 506 2711 3
530 2674 597 2703 Per
622 2673 875 2712 infrequentiam
901 2670 1043 2707 comitia]
1078 2669 1117 2699 cf.
1162 2679 1213 2708 ap.
1226 2668 1359 2699 Diodor.
1377 2667 1440 2698 xvi.
1454 2667 1599 2709 legimus.
1623 2667 1759 2698 Niebhr.
1770 2667 1788 2698 i.
1803 2678 1833 2699 n.

445 2714 538 2753 Supr.
555 2714 588 2744 ii.
604 2713 655 2752 64.
679 2713 733 2743 ubi
754 2714 841 2743 irata
859 2713 948 2751 plebs
968 2713 1118 2742 interesse
1165 2719 1233 2751 729.
1258 2720 1315 2749 pro
1338 2720 1472 2740 numero
1495 2719 1673 2740 cccxrvm.
1692 2710 1778 2749 quod
1799 2710 1833 2740 in

444 2757 666 2786 consularibus
681 2756 814 2786 comitiis
828 2755 941 2785 noluit.
977 2755 1045 2784 Per
1056 2764 1115 2793 pa·
1161 2757 1222 2783 vet.
1230 2753 1302 2783 edd,
1314 2751 1462 2789 occurrit,
1473 2761 1642 2782 numerum
1653 2760 1832 2782 ccczxvm.

445 2802 508 2827 tres
523 2799 714 2837 clientesque
733 2801 866 2836 patrum
887 2797 1030 2827 consules
1050 2806 1115 2826 cre-
1160 2795 1379 2833 reponendum
1397 2794 1485 2823 vult:
1502 2792 1548 2824 ita
1560 2797 1596 2823 ut
1608 2793 1634 2824 si
1649 2793 1833 2823 coniectura

443 2840 499 2868 ati.
524 2839 562 2868 cf.
583 2839 716 2869 Niebhr.
735 2840 754 2869 i.
770 2849 802 2869 n.
823 2845 911 2877 1307.
1159 2836 1247 2866 illius
1262 2840 1374 2872 stetur,
1389 2835 1476 2865 haud
1489 2835 1586 2865 dubie
1597 2834 1738 2865 Romani
1753 2834 1831 2864 duo-

491 2891 509 2915 4
533 2882 675 2910 Numero
709 2882 840 2911 trecenti
877 2880 1114 2919 quinquaqinta
1160 2879 1259 2908 denos
1287 2878 1440 2907 Etruscos
1468 2886 1525 2915 pro
1555 2875 1644 2906 denis
1674 2876 1832 2906 Romanis

443 2921 524 2956 octo]
551 2921 705 2958 Captivos
727 2931 837 2951 ‹·‹·(¹1.x.
863 2931 996 2950 numero
1020 2921 1114 2950 fuisse
1159 2919 1404 2949 immolaverint.
1430 2918 1469 2948 cf.
1487 2917 1557 2947 infr.
1574 2917 1639 2948 xxi.
1657 2926 1706 2956 29.
