<?xml version="1.0" encoding="UTF-8"?>
<!DOCTYPE html PUBLIC "-//W3C//DTD XHTML 1.0 Transitional//EN"
    "http://www.w3.org/TR/xhtml1/DTD/xhtml1-transitional.dtd">
<html xmlns="http://www.w3.org/1999/xhtml" xml:lang="en" lang="en">
 <head>
  <title>
</title>
<meta http-equiv="Content-Type" content="text/html;charset=utf-8" />
  <meta name='ocr-system' content='tesseract 3.04.00' />
  <meta name='ocr-capabilities' content='ocr_page ocr_carea ocr_par ocr_line ocrx_word'/>
</head>
<body>
  <div class='ocr_page' id='page_1' title='image "./historiarumli01livyuoft_0470.png"; bbox 0 0 1934 3211; ppageno 0'>
   <div class='ocr_carea' id='block_1_1' title="bbox 399 180 1273 223">
    <p class='ocr_par' dir='ltr' id='par_1_1' title="bbox 399 180 1273 223">
     <span class='ocr_line' id='line_1_1' title="bbox 399 180 1273 223; baseline -0.001 0"><span class='ocrx_word' id='word_1_1' title='bbox 399 184 483 223; x_wconf 87' lang='lat'>456</span> <span class='ocrx_word' id='word_1_2' title='bbox 910 180 1058 223; x_wconf 89' lang='lat' dir='ltr'>TITI</span> <span class='ocrx_word' id='word_1_3' title='bbox 1095 180 1273 222; x_wconf 92' lang='lat' dir='ltr'><strong>LIVII</strong></span> 
     </span>
    </p>
   </div>
   <div class='ocr_carea' id='block_1_2' title="bbox 183 265 1822 553">
    <p class='ocr_par' dir='ltr' id='par_1_2' title="bbox 183 265 1822 553">
     <span class='ocr_line' id='line_1_2' title="bbox 188 265 1791 326; baseline -0.002 -16"><span class='ocrx_word' id='word_1_4' title='bbox 188 271 229 303; x_wconf 87' lang='lat' dir='ltr'>U·</span> <span class='ocrx_word' id='word_1_5' title='bbox 247 272 285 303; x_wconf 86' lang='lat' dir='ltr'>C</span> <span class='ocrx_word' id='word_1_6' title='bbox 302 280 374 312; x_wconf 85' lang='lat'>415·</span> <span class='ocrx_word' id='word_1_7' title='bbox 401 270 603 311; x_wconf 85' lang='lat' dir='ltr'>institutis</span> <span class='ocrx_word' id='word_1_8' title='bbox 623 278 719 311; x_wconf 87' lang='lat' dir='ltr'>ante</span> <span class='ocrx_word' id='word_1_9' title='bbox 741 270 883 311; x_wconf 87' lang='lat' dir='ltr'>omnia</span> <span class='ocrx_word' id='word_1_10' title='bbox 903 269 1149 311; x_wconf 86' lang='lat' dir='ltr'>militaribus</span> <span class='ocrx_word' id='word_1_11' title='bbox 1169 276 1473 326; x_wconf 80' lang='lat' dir='ltr'>congruentes:</span> <span class='ocrx_word' id='word_1_12' title='bbox 1506 267 1660 309; x_wconf 87' lang='lat' dir='ltr'>milites</span> <span class='ocrx_word' id='word_1_13' title='bbox 1679 265 1791 307; x_wconf 82' lang='lat' dir='ltr'>mili-</span> 
     </span>
     <span class='ocr_line' id='line_1_3' title="bbox 184 314 1790 380; baseline -0.003 -11"><span class='ocrx_word' id='word_1_14' title='bbox 184 314 224 346; x_wconf 69' lang='grc' dir='ltr'>Α·</span> <span class='ocrx_word' id='word_1_15' title='bbox 247 315 286 346; x_wconf 59' lang='lat'>⁶·</span> <span class='ocrx_word' id='word_1_16' title='bbox 302 322 375 355; x_wconf 83' lang='lat'>337·</span> <span class='ocrx_word' id='word_1_17' title='bbox 401 327 526 377; x_wconf 89' lang='lat' dir='ltr'>tibus,</span> <span class='ocrx_word' id='word_1_18' title='bbox 547 327 863 368; x_wconf 75' lang='lat' dir='ltr'>centurionibus</span> <span class='ocrx_word' id='word_1_19' title='bbox 883 328 1163 377; x_wconf 86' lang='lat' dir='ltr'>centuriones,</span> <span class='ocrx_word' id='word_1_20' title='bbox 1186 327 1344 368; x_wconf 90' lang='lat' dir='ltr'>tribuni</span> <span class='ocrx_word' id='word_1_21' title='bbox 1373 325 1549 367; x_wconf 88' lang='lat' dir='ltr'>tribunis</span> <span class='ocrx_word' id='word_1_22' title='bbox 1576 337 1790 380; x_wconf 89' lang='lat' dir='ltr'>compares</span> 
     </span>
     <span class='ocr_line' id='line_1_4' title="bbox 402 382 1822 440; baseline -0.003 -15"><span class='ocrx_word' id='word_1_23' title='bbox 402 384 684 440; x_wconf 86' lang='lat' dir='ltr'>coUegaeque,</span> <span class='ocrx_word' id='word_1_24' title='bbox 706 384 854 425; x_wconf 91' lang='lat' dir='ltr'>iisdem</span> <span class='ocrx_word' id='word_1_25' title='bbox 878 384 1107 440; x_wconf 82' lang='lat' dir='ltr'>praesidiis,</span> <span class='ocrx_word' id='word_1_26' title='bbox 1130 399 1251 440; x_wconf 85' lang='lat' dir='ltr'>saepe</span> <span class='ocrx_word' id='word_1_27' title='bbox 1278 383 1427 424; x_wconf 88' lang='lat' dir='ltr'>iisdem</span> <span class='ocrx_word' id='word_1_28' title='bbox 1451 382 1675 438; x_wconf 82' lang='lat' dir='ltr'>manipulis</span> <span class='ocrx_word' id='word_1_29' title='bbox 1694 389 1822 436; x_wconf 88' lang='lat' dir='ltr'>per-6</span> 
     </span>
     <span class='ocr_line' id='line_1_5' title="bbox 185 439 1788 496; baseline -0.003 -13"><span class='ocrx_word' id='word_1_30' title='bbox 185 444 238 475; x_wconf 86' lang='lat' dir='ltr'>Ne</span> <span class='ocrx_word' id='word_1_31' title='bbox 255 444 325 483; x_wconf 82' lang='lat' dir='ltr'>quis</span> <span class='ocrx_word' id='word_1_32' title='bbox 351 486 357 492; x_wconf 58' lang='grc'><em>,</em></span> <span class='ocrx_word' id='word_1_33' title='bbox 402 441 525 482; x_wconf 82' lang='lat' dir='ltr'><strong>mixti</strong></span> <span class='ocrx_word' id='word_1_34' title='bbox 544 442 719 482; x_wconf 72' lang='lat' dir='ltr'>fuerant.</span> <span class='ocrx_word' id='word_1_35' title='bbox 781 441 864 483; x_wconf 90' lang='lat' dir='ltr'>Per</span> <span class='ocrx_word' id='word_1_36' title='bbox 883 441 987 482; x_wconf 92' lang='lat' dir='ltr'>haec</span> <span class='ocrx_word' id='word_1_37' title='bbox 1012 456 1065 482; x_wconf 93' lang='lat' dir='ltr'>ne</span> <span class='ocrx_word' id='word_1_38' title='bbox 1087 456 1171 496; x_wconf 93' lang='lat' dir='ltr'>quo</span> <span class='ocrx_word' id='word_1_39' title='bbox 1193 455 1329 482; x_wconf 89' lang='lat' dir='ltr'>errore</span> <span class='ocrx_word' id='word_1_40' title='bbox 1355 439 1507 480; x_wconf 84' lang='lat' dir='ltr'>milites</span> <span class='ocrx_word' id='word_1_41' title='bbox 1527 446 1788 494; x_wconf 82' lang='lat' dir='ltr'>caperentur,</span> 
     </span>
     <span class='ocr_line' id='line_1_6' title="bbox 183 487 1790 553; baseline -0.003 -13"><span class='ocrx_word' id='word_1_42' title='bbox 183 490 275 516; x_wconf 81' lang='lat' dir='ltr'>extra</span> <span class='ocrx_word' id='word_1_43' title='bbox 290 487 371 516; x_wconf 68' lang='lat' dir='ltr'>⁰¹d²‘</span> <span class='ocrx_word' id='word_1_44' title='bbox 402 497 576 539; x_wconf 85' lang='lat' dir='ltr'>edicunt</span> <span class='ocrx_word' id='word_1_45' title='bbox 605 498 808 547; x_wconf 86' lang='lat' dir='ltr'>consules,</span> <span class='ocrx_word' id='word_1_46' title='bbox 837 513 890 539; x_wconf 89' lang='lat' dir='ltr'>ne</span> <span class='ocrx_word' id='word_1_47' title='bbox 920 498 1013 553; x_wconf 91' lang='lat' dir='ltr'>quis</span> <span class='ocrx_word' id='word_1_48' title='bbox 1043 506 1162 539; x_wconf 85' lang='lat' dir='ltr'>extra</span> <span class='ocrx_word' id='word_1_49' title='bbox 1191 497 1382 538; x_wconf 88' lang='lat' dir='ltr'>ordinem</span> <span class='ocrx_word' id='word_1_50' title='bbox 1414 497 1460 536; x_wconf 91' lang='lat' dir='ltr'>in</span> <span class='ocrx_word' id='word_1_51' title='bbox 1491 496 1656 536; x_wconf 86' lang='lat' dir='ltr'>hostem</span> <span class='ocrx_word' id='word_1_52' title='bbox 1682 509 1790 551; x_wconf 89' lang='lat' dir='ltr'>pug-</span> 
     </span>
    </p>
   </div>
   <div class='ocr_carea' id='block_1_3' title="bbox 184 538 532 608">
    <p class='ocr_par' dir='ltr' id='par_1_3' title="bbox 184 538 532 608">
     <span class='ocr_line' id='line_1_7' title="bbox 184 538 354 567; baseline 0 -9"><span class='ocrx_word' id='word_1_53' title='bbox 184 538 258 558; x_wconf 88' lang='lat' dir='ltr'>nem</span> <span class='ocrx_word' id='word_1_54' title='bbox 276 538 354 567; x_wconf 85' lang='lat' dir='ltr'>pug-</span> 
     </span>
     <span class='ocr_line' id='line_1_8' title="bbox 184 564 532 608; baseline -0.014 -8"><span class='ocrx_word' id='word_1_55' title='bbox 184 574 287 608; x_wconf 86' lang='lat' dir='ltr'>naret,</span> <span class='ocrx_word' id='word_1_56' title='bbox 302 570 367 601; x_wconf 80' lang='lat' dir='ltr'>edi-</span> <span class='ocrx_word' id='word_1_57' title='bbox 401 564 532 596; x_wconf 76' lang='lat' dir='ltr'>naret.</span> 
     </span>
    </p>
   </div>
   <div class='ocr_carea' id='block_1_4' title="bbox 182 608 1793 2647">
    <p class='ocr_par' dir='ltr' id='par_1_4' title="bbox 185 608 1791 781">
     <span class='ocr_line' id='line_1_9' title="bbox 185 608 1789 666; baseline -0.002 -13"><span class='ocrx_word' id='word_1_58' title='bbox 185 611 277 643; x_wconf 83' lang='lat' dir='ltr'>citur.</span> <span class='ocrx_word' id='word_1_59' title='bbox 460 611 583 653; x_wconf 87' lang='lat' dir='ltr'>Forte</span> <span class='ocrx_word' id='word_1_60' title='bbox 604 612 714 652; x_wconf 92' lang='lat' dir='ltr'>inter</span> <span class='ocrx_word' id='word_1_61' title='bbox 734 620 894 652; x_wconf 89' lang='lat' dir='ltr'>ceteros</span> <span class='ocrx_word' id='word_1_62' title='bbox 916 619 1146 651; x_wconf 83' lang='lat' dir='ltr'>turmarum</span> <span class='ocrx_word' id='word_1_63' title='bbox 1166 610 1408 666; x_wconf 81' lang='lat' dir='ltr'>praefectos,</span> <span class='ocrx_word' id='word_1_64' title='bbox 1431 608 1505 664; x_wconf 91' lang='lat' dir='ltr'>qui</span> <span class='ocrx_word' id='word_1_65' title='bbox 1526 608 1789 664; x_wconf 84' lang='lat' dir='ltr'>exploratum</span> 
     </span>
     <span class='ocr_line' id='line_1_10' title="bbox 269 656 1791 723; baseline -0.003 -13"><span class='ocrx_word' id='word_1_66' title='bbox 269 656 306 695; x_wconf 87' lang='lat'>7·</span> <span class='ocrx_word' id='word_1_67' title='bbox 400 669 446 710; x_wconf 87' lang='lat' dir='ltr'>in</span> <span class='ocrx_word' id='word_1_68' title='bbox 477 683 621 710; x_wconf 89' lang='lat' dir='ltr'>omnes</span> <span class='ocrx_word' id='word_1_69' title='bbox 652 676 791 723; x_wconf 87' lang='lat' dir='ltr'>partes</span> <span class='ocrx_word' id='word_1_70' title='bbox 821 666 980 707; x_wconf 83' lang='lat' dir='ltr'>dimissi</span> <span class='ocrx_word' id='word_1_71' title='bbox 1015 675 1147 716; x_wconf 85' lang='lat' dir='ltr'>erant,</span> <span class='ocrx_word' id='word_1_72' title='bbox 1177 666 1228 708; x_wconf 90' lang='lat' dir='ltr'>T.</span> <span class='ocrx_word' id='word_1_73' title='bbox 1252 665 1440 707; x_wconf 80' lang='lat' dir='ltr'>Manlius</span> <span class='ocrx_word' id='word_1_74' title='bbox 1472 664 1652 706; x_wconf 87' lang='lat' dir='ltr'>consulis</span> <span class='ocrx_word' id='word_1_75' title='bbox 1678 665 1791 706; x_wconf 89' lang='lat' dir='ltr'>filius</span> 
     </span>
     <span class='ocr_line' id='line_1_11' title="bbox 400 721 1790 781; baseline -0.004 -15"><span class='ocrx_word' id='word_1_76' title='bbox 400 740 526 781; x_wconf 93' lang='lat' dir='ltr'>super</span> <span class='ocrx_word' id='word_1_77' title='bbox 546 732 678 765; x_wconf 83' lang='lat' dir='ltr'>castra</span> <span class='ocrx_word' id='word_1_78' title='bbox 697 724 880 765; x_wconf 90' lang='lat' dir='ltr'>hostium</span> <span class='ocrx_word' id='word_1_79' title='bbox 901 738 998 764; x_wconf 91' lang='lat' dir='ltr'>cum</span> <span class='ocrx_word' id='word_1_80' title='bbox 1025 723 1109 764; x_wconf 90' lang='lat' dir='ltr'>suis</span> <span class='ocrx_word' id='word_1_81' title='bbox 1137 722 1383 763; x_wconf 84' lang='lat' dir='ltr'>turmalibus</span> <span class='ocrx_word' id='word_1_82' title='bbox 1411 721 1552 771; x_wconf 81' lang='lat' dir='ltr'>evasit,</span> <span class='ocrx_word' id='word_1_83' title='bbox 1572 722 1632 762; x_wconf 91' lang='lat' dir='ltr'>ita</span> <span class='ocrx_word' id='word_1_84' title='bbox 1651 729 1699 762; x_wconf 90' lang='lat' dir='ltr'>ut</span> <span class='ocrx_word' id='word_1_85' title='bbox 1717 721 1790 762; x_wconf 86' lang='lat' dir='ltr'>vix</span> 
     </span>
    </p>

    <p class='ocr_par' dir='ltr' id='par_1_5' title="bbox 401 777 1791 836">
     <span class='ocr_line' id='line_1_12' title="bbox 401 777 1791 836; baseline -0.003 -14"><span class='ocrx_word' id='word_1_86' title='bbox 401 782 475 822; x_wconf 90' lang='lat' dir='ltr'>teli</span> <span class='ocrx_word' id='word_1_87' title='bbox 495 782 607 821; x_wconf 89' lang='lat' dir='ltr'>iactu</span> <span class='ocrx_word' id='word_1_88' title='bbox 627 781 678 821; x_wconf 87' lang='lat' dir='ltr'>ab</span> <span class='ocrx_word' id='word_1_89' title='bbox 699 780 878 822; x_wconf 91' lang='lat' dir='ltr'>statione</span> <span class='ocrx_word' id='word_1_90' title='bbox 899 780 1090 836; x_wconf 85' lang='lat' dir='ltr'>proxima</span> <span class='ocrx_word' id='word_1_91' title='bbox 1109 780 1281 821; x_wconf 89' lang='lat' dir='ltr'>abesset.</span> <span class='ocrx_word' id='word_1_92' title='bbox 1334 778 1401 820; x_wconf 89' lang='lat' dir='ltr'>Ibi</span> <span class='ocrx_word' id='word_1_93' title='bbox 1422 777 1652 819; x_wconf 88' lang='lat' dir='ltr'>Tusculani</span> <span class='ocrx_word' id='word_1_94' title='bbox 1671 786 1791 819; x_wconf 90' lang='lat' dir='ltr'>erant</span> 
     </span>
    </p>

    <p class='ocr_par' dir='ltr' id='par_1_6' title="bbox 400 835 1793 893">
     <span class='ocr_line' id='line_1_13' title="bbox 400 835 1793 893; baseline -0.002 -15"><span class='ocrx_word' id='word_1_95' title='bbox 400 838 588 893; x_wconf 88' lang='lat' dir='ltr'>equites:</span> <span class='ocrx_word' id='word_1_96' title='bbox 621 845 811 893; x_wconf 83' lang='lat' dir='ltr'>praeerat</span> <span class='ocrx_word' id='word_1_97' title='bbox 845 836 1052 878; x_wconf 89' lang='lat' dir='ltr'>Geminus</span> <span class='ocrx_word' id='word_1_98' title='bbox 1083 836 1257 886; x_wconf 87' lang='lat' dir='ltr'>Metius,</span> <span class='ocrx_word' id='word_1_99' title='bbox 1284 835 1347 877; x_wconf 87' lang='lat' dir='ltr'>vir</span> <span class='ocrx_word' id='word_1_100' title='bbox 1377 844 1467 876; x_wconf 82' lang='lat' dir='ltr'>tum</span> <span class='ocrx_word' id='word_1_101' title='bbox 1496 850 1650 891; x_wconf 84' lang='lat' dir='ltr'>genere</span> <span class='ocrx_word' id='word_1_102' title='bbox 1680 835 1793 876; x_wconf 87' lang='lat' dir='ltr'>inter</span> 
     </span>
    </p>

    <p class='ocr_par' dir='ltr' id='par_1_7' title="bbox 400 891 1791 948">
     <span class='ocr_line' id='line_1_14' title="bbox 400 891 1791 948; baseline -0.002 -13"><span class='ocrx_word' id='word_1_103' title='bbox 400 909 507 943; x_wconf 84' lang='lat' dir='ltr'>SUOS,</span> <span class='ocrx_word' id='word_1_104' title='bbox 533 902 624 935; x_wconf 88' lang='lat' dir='ltr'>tum</span> <span class='ocrx_word' id='word_1_105' title='bbox 653 894 784 944; x_wconf 87' lang='lat' dir='ltr'>factis,</span> <span class='ocrx_word' id='word_1_106' title='bbox 818 893 962 935; x_wconf 90' lang='lat' dir='ltr'>clarus.</span> <span class='ocrx_word' id='word_1_107' title='bbox 1036 893 1079 935; x_wconf 90' lang='lat' dir='ltr'>Is</span> <span class='ocrx_word' id='word_1_108' title='bbox 1109 893 1182 935; x_wconf 91' lang='lat' dir='ltr'>ubi</span> <span class='ocrx_word' id='word_1_109' title='bbox 1211 893 1427 934; x_wconf 88' lang='lat' dir='ltr'>Romanos</span> <span class='ocrx_word' id='word_1_110' title='bbox 1457 892 1632 948; x_wconf 88' lang='lat' dir='ltr'>equites,</span> <span class='ocrx_word' id='word_1_111' title='bbox 1661 891 1791 947; x_wconf 90' lang='lat' dir='ltr'>insig-</span> 
     </span>
    </p>

    <p class='ocr_par' dir='ltr' id='par_1_8' title="bbox 400 949 1791 1007">
     <span class='ocr_line' id='line_1_15' title="bbox 400 949 1791 1007; baseline -0.002 -15"><span class='ocrx_word' id='word_1_112' title='bbox 400 966 583 1007; x_wconf 89' lang='lat' dir='ltr'>nemque</span> <span class='ocrx_word' id='word_1_113' title='bbox 600 951 711 992; x_wconf 87' lang='lat' dir='ltr'>inter</span> <span class='ocrx_word' id='word_1_114' title='bbox 726 967 796 992; x_wconf 91' lang='lat' dir='ltr'>eos</span> <span class='ocrx_word' id='word_1_115' title='bbox 811 951 1135 1007; x_wconf 88' lang='lat' dir='ltr'>praecedentem</span> <span class='ocrx_word' id='word_1_116' title='bbox 1151 950 1333 992; x_wconf 90' lang='lat' dir='ltr'>consulis</span> <span class='ocrx_word' id='word_1_117' title='bbox 1348 949 1495 999; x_wconf 89' lang='lat' dir='ltr'>filium,</span> <span class='ocrx_word' id='word_1_118' title='bbox 1510 949 1628 1004; x_wconf 89' lang='lat' dir='ltr'>(nam</span> <span class='ocrx_word' id='word_1_119' title='bbox 1644 964 1791 990; x_wconf 92' lang='lat' dir='ltr'>omnes</span> 
     </span>
    </p>

    <p class='ocr_par' dir='ltr' id='par_1_9' title="bbox 182 1005 1792 1349">
     <span class='ocr_line' id='line_1_16' title="bbox 183 1005 1792 1064; baseline 0.001 -19"><span class='ocrx_word' id='word_1_120' title='bbox 183 1014 346 1061; x_wconf 63' lang='lat' dir='ltr'>Manlium</span> <span class='ocrx_word' id='word_1_121' title='bbox 400 1008 511 1049; x_wconf 89' lang='lat' dir='ltr'>inter</span> <span class='ocrx_word' id='word_1_122' title='bbox 531 1023 588 1058; x_wconf 89' lang='lat' dir='ltr'>se,</span> <span class='ocrx_word' id='word_1_123' title='bbox 610 1008 756 1064; x_wconf 91' lang='lat' dir='ltr'>utique</span> <span class='ocrx_word' id='word_1_124' title='bbox 777 1008 957 1053; x_wconf 87' lang='lat' dir='ltr'>illustres</span> <span class='ocrx_word' id='word_1_125' title='bbox 973 1008 1063 1057; x_wconf 86' lang='lat' dir='ltr'>viri,</span> <span class='ocrx_word' id='word_1_126' title='bbox 1081 1008 1171 1048; x_wconf 89' lang='lat' dir='ltr'>noti</span> <span class='ocrx_word' id='word_1_127' title='bbox 1192 1006 1331 1060; x_wconf 85' lang='lat' dir='ltr'>erant)</span> <span class='ocrx_word' id='word_1_128' title='bbox 1351 1006 1559 1062; x_wconf 87' lang='lat' dir='ltr'>cognovit,</span> <span class='ocrx_word' id='word_1_129' title='bbox 1583 1011 1595 1030; x_wconf 93' lang='lat'>‘</span> <span class='ocrx_word' id='word_1_130' title='bbox 1609 1005 1792 1055; x_wconf 86' lang='lat' dir='ltr'>Unane,’</span> 
     </span>
     <span class='ocr_line' id='line_1_17' title="bbox 183 1056 1792 1129; baseline 0 -26"><span class='ocrx_word' id='word_1_131' title='bbox 183 1056 374 1129; x_wconf 65' lang='lat' dir='ltr'>g⁰⁸·.ffl.¹um</span> <span class='ocrx_word' id='word_1_132' title='bbox 401 1065 471 1115; x_wconf 88' lang='lat' dir='ltr'>ait,</span> <span class='ocrx_word' id='word_1_133' title='bbox 505 1070 670 1106; x_wconf 84' lang='lat' dir='ltr'>‘turma</span> <span class='ocrx_word' id='word_1_134' title='bbox 698 1065 881 1106; x_wconf 84' lang='lat' dir='ltr'>Romani</span> <span class='ocrx_word' id='word_1_135' title='bbox 909 1080 1005 1105; x_wconf 90' lang='lat' dir='ltr'>cum</span> <span class='ocrx_word' id='word_1_136' title='bbox 1027 1065 1190 1106; x_wconf 89' lang='lat' dir='ltr'>Latinis</span> <span class='ocrx_word' id='word_1_137' title='bbox 1217 1064 1422 1119; x_wconf 92' lang='lat' dir='ltr'>sociisque</span> <span class='ocrx_word' id='word_1_138' title='bbox 1449 1063 1607 1104; x_wconf 87' lang='lat' dir='ltr'>bellum</span> <span class='ocrx_word' id='word_1_139' title='bbox 1633 1062 1792 1119; x_wconf 86' lang='lat' dir='ltr'>gesturi</span> 
     </span>
     <span class='ocr_line' id='line_1_18' title="bbox 183 1108 1791 1179; baseline -0.002 -16"><span class='ocrx_word' id='word_1_140' title='bbox 183 1108 559 1179; x_wconf 47' lang='lat' dir='ltr'>prssffissssffid‘estis?</span> <span class='ocrx_word' id='word_1_141' title='bbox 622 1121 741 1169; x_wconf 79' lang='lat' dir='ltr'>Quid</span> <span class='ocrx_word' id='word_1_142' title='bbox 772 1122 934 1163; x_wconf 88' lang='lat' dir='ltr'>interea</span> <span class='ocrx_word' id='word_1_143' title='bbox 965 1121 1168 1171; x_wconf 86' lang='lat' dir='ltr'>consules,</span> <span class='ocrx_word' id='word_1_144' title='bbox 1199 1120 1302 1177; x_wconf 91' lang='lat' dir='ltr'>quid</span> <span class='ocrx_word' id='word_1_145' title='bbox 1334 1121 1420 1161; x_wconf 93' lang='lat' dir='ltr'>duo</span> <span class='ocrx_word' id='word_1_146' title='bbox 1452 1120 1661 1161; x_wconf 87' lang='lat' dir='ltr'>exercitus</span> <span class='ocrx_word' id='word_1_147' title='bbox 1688 1135 1791 1161; x_wconf 88' lang='lat' dir='ltr'>con-</span> 
     </span>
     <span class='ocr_line' id='line_1_19' title="bbox 182 1176 1791 1235; baseline -0.002 -15"><span class='ocrx_word' id='word_1_148' title='bbox 182 1183 342 1221; x_wconf 82' lang='lat' dir='ltr'>singulare</span> <span class='ocrx_word' id='word_1_149' title='bbox 401 1185 413 1203; x_wconf 93' lang='lat'>‘</span> <span class='ocrx_word' id='word_1_150' title='bbox 428 1178 583 1220; x_wconf 89' lang='lat' dir='ltr'>sulares</span> <span class='ocrx_word' id='word_1_151' title='bbox 604 1179 763 1235; x_wconf 83' lang='lat' dir='ltr'>agent?</span> <span class='ocrx_word' id='word_1_152' title='bbox 813 1178 1012 1220; x_wconf 90' lang='lat' dir='ltr'>Aderunt</span> <span class='ocrx_word' id='word_1_153' title='bbox 1031 1179 1075 1219; x_wconf 91' lang='lat' dir='ltr'>in</span> <span class='ocrx_word' id='word_1_154' title='bbox 1097 1178 1310 1235; x_wconf 87' lang='lat' dir='ltr'>tempore,’</span> <span class='ocrx_word' id='word_1_155' title='bbox 1332 1177 1520 1219; x_wconf 90' lang='lat' dir='ltr'>Manlius</span> <span class='ocrx_word' id='word_1_156' title='bbox 1539 1176 1691 1232; x_wconf 87' lang='lat' dir='ltr'>inquit,</span> <span class='ocrx_word' id='word_1_157' title='bbox 1723 1181 1791 1217; x_wconf 91' lang='lat' dir='ltr'>‘et</span> 
     </span>
     <span class='ocr_line' id='line_1_20' title="bbox 182 1228 1790 1291; baseline -0.002 -14"><span class='ocrx_word' id='word_1_158' title='bbox 182 1228 354 1256; x_wconf 83' lang='lat' dir='ltr'>certamen.</span> <span class='ocrx_word' id='word_1_159' title='bbox 401 1242 413 1260; x_wconf 91' lang='lat'>‘</span> <span class='ocrx_word' id='word_1_160' title='bbox 427 1251 525 1277; x_wconf 92' lang='lat' dir='ltr'>cum</span> <span class='ocrx_word' id='word_1_161' title='bbox 550 1235 631 1276; x_wconf 90' lang='lat' dir='ltr'>illis</span> <span class='ocrx_word' id='word_1_162' title='bbox 656 1235 790 1277; x_wconf 90' lang='lat' dir='ltr'>aderit</span> <span class='ocrx_word' id='word_1_163' title='bbox 815 1235 977 1291; x_wconf 89' lang='lat' dir='ltr'>Iupiter</span> <span class='ocrx_word' id='word_1_164' title='bbox 1000 1236 1102 1291; x_wconf 87' lang='lat' dir='ltr'>ipse,</span> <span class='ocrx_word' id='word_1_165' title='bbox 1123 1235 1341 1277; x_wconf 87' lang='lat' dir='ltr'>foederum</span> <span class='ocrx_word' id='word_1_166' title='bbox 1362 1250 1386 1275; x_wconf 88' lang='lat' dir='ltr'>a</span> <span class='ocrx_word' id='word_1_167' title='bbox 1405 1234 1522 1275; x_wconf 90' lang='lat' dir='ltr'>vobis</span> <span class='ocrx_word' id='word_1_168' title='bbox 1541 1233 1790 1275; x_wconf 87' lang='lat' dir='ltr'>violatorum</span> 
     </span>
     <span class='ocr_line' id='line_1_21' title="bbox 400 1290 1791 1349; baseline -0.002 -15"><span class='ocrx_word' id='word_1_169' title='bbox 400 1299 412 1317; x_wconf 86' lang='lat'>‘</span> <span class='ocrx_word' id='word_1_170' title='bbox 428 1293 555 1342; x_wconf 90' lang='lat' dir='ltr'>testis,</span> <span class='ocrx_word' id='word_1_171' title='bbox 578 1292 651 1348; x_wconf 90' lang='lat' dir='ltr'>qui</span> <span class='ocrx_word' id='word_1_172' title='bbox 682 1292 776 1348; x_wconf 89' lang='lat' dir='ltr'>plus</span> <span class='ocrx_word' id='word_1_173' title='bbox 806 1302 944 1348; x_wconf 90' lang='lat' dir='ltr'>potest</span> <span class='ocrx_word' id='word_1_174' title='bbox 970 1293 1197 1349; x_wconf 87' lang='lat' dir='ltr'>polletque.</span> <span class='ocrx_word' id='word_1_175' title='bbox 1262 1292 1306 1333; x_wconf 86' lang='lat' dir='ltr'>Si</span> <span class='ocrx_word' id='word_1_176' title='bbox 1334 1291 1388 1333; x_wconf 91' lang='lat' dir='ltr'>ad</span> <span class='ocrx_word' id='word_1_177' title='bbox 1409 1290 1625 1347; x_wconf 84' lang='lat' dir='ltr'>Regillum</span> <span class='ocrx_word' id='word_1_178' title='bbox 1652 1290 1791 1332; x_wconf 91' lang='lat' dir='ltr'>lacum</span> 
     </span>
    </p>

    <p class='ocr_par' dir='ltr' id='par_1_10' title="bbox 399 1347 1791 1406">
     <span class='ocr_line' id='line_1_22' title="bbox 399 1347 1791 1406; baseline -0.001 -16"><span class='ocrx_word' id='word_1_179' title='bbox 399 1356 410 1374; x_wconf 91' lang='lat'>‘</span> <span class='ocrx_word' id='word_1_180' title='bbox 426 1350 480 1391; x_wconf 87' lang='lat' dir='ltr'>ad</span> <span class='ocrx_word' id='word_1_181' title='bbox 499 1349 733 1390; x_wconf 87' lang='lat' dir='ltr'>satietatem</span> <span class='ocrx_word' id='word_1_182' title='bbox 753 1358 932 1390; x_wconf 90' lang='lat' dir='ltr'>vestram</span> <span class='ocrx_word' id='word_1_183' title='bbox 960 1350 1250 1406; x_wconf 85' lang='lat' dir='ltr'>pugnavimus,</span> <span class='ocrx_word' id='word_1_184' title='bbox 1276 1349 1345 1390; x_wconf 91' lang='lat' dir='ltr'>hic</span> <span class='ocrx_word' id='word_1_185' title='bbox 1367 1363 1536 1404; x_wconf 90' lang='lat' dir='ltr'>quoque</span> <span class='ocrx_word' id='word_1_186' title='bbox 1562 1347 1791 1389; x_wconf 89' lang='lat' dir='ltr'>efficiemus</span> 
     </span>
    </p>

    <p class='ocr_par' dir='ltr' id='par_1_11' title="bbox 400 1404 1790 1462">
     <span class='ocr_line' id='line_1_23' title="bbox 400 1404 1790 1462; baseline -0.002 -15"><span class='ocrx_word' id='word_1_187' title='bbox 400 1413 411 1430; x_wconf 88' lang='lat'>‘</span> <span class='ocrx_word' id='word_1_188' title='bbox 428 1407 627 1462; x_wconf 86' lang='lat' dir='ltr'>profecto,</span> <span class='ocrx_word' id='word_1_189' title='bbox 653 1422 707 1448; x_wconf 90' lang='lat' dir='ltr'>ne</span> <span class='ocrx_word' id='word_1_190' title='bbox 736 1406 861 1447; x_wconf 91' lang='lat' dir='ltr'>nimis</span> <span class='ocrx_word' id='word_1_191' title='bbox 890 1407 998 1447; x_wconf 90' lang='lat' dir='ltr'>acies</span> <span class='ocrx_word' id='word_1_192' title='bbox 1022 1407 1139 1448; x_wconf 89' lang='lat' dir='ltr'>vobis</span> <span class='ocrx_word' id='word_1_193' title='bbox 1171 1415 1214 1448; x_wconf 93' lang='lat' dir='ltr'>et</span> <span class='ocrx_word' id='word_1_194' title='bbox 1245 1406 1394 1448; x_wconf 90' lang='lat' dir='ltr'>collata</span> <span class='ocrx_word' id='word_1_195' title='bbox 1421 1406 1540 1462; x_wconf 81' lang='lat' dir='ltr'>signa</span> <span class='ocrx_word' id='word_1_196' title='bbox 1570 1404 1790 1445; x_wconf 85' lang='lat' dir='ltr'>nobiscum</span> 
     </span>
    </p>

    <p class='ocr_par' dir='ltr' id='par_1_12' title="bbox 399 1463 1789 1519">
     <span class='ocr_line' id='line_1_24' title="bbox 399 1463 1789 1519; baseline -0.001 -16"><span class='ocrx_word' id='word_1_197' title='bbox 399 1469 411 1486; x_wconf 88' lang='lat'>‘</span> <span class='ocrx_word' id='word_1_198' title='bbox 427 1463 543 1504; x_wconf 89' lang='lat' dir='ltr'>cordi</span> <span class='ocrx_word' id='word_1_199' title='bbox 562 1463 671 1504; x_wconf 85' lang='lat' dir='ltr'>sint.&#39;</span> <span class='ocrx_word' id='word_1_200' title='bbox 730 1463 804 1504; x_wconf 92' lang='lat' dir='ltr'>Ad</span> <span class='ocrx_word' id='word_1_201' title='bbox 825 1479 875 1504; x_wconf 90' lang='lat' dir='ltr'>ea</span> <span class='ocrx_word' id='word_1_202' title='bbox 898 1463 1119 1513; x_wconf 89' lang='lat' dir='ltr'>Geminus,</span> <span class='ocrx_word' id='word_1_203' title='bbox 1137 1463 1371 1519; x_wconf 85' lang='lat' dir='ltr'>paullulum</span> <span class='ocrx_word' id='word_1_204' title='bbox 1392 1463 1444 1504; x_wconf 88' lang='lat' dir='ltr'>ab</span> <span class='ocrx_word' id='word_1_205' title='bbox 1465 1463 1549 1503; x_wconf 90' lang='lat' dir='ltr'>suis</span> <span class='ocrx_word' id='word_1_206' title='bbox 1566 1476 1676 1517; x_wconf 93' lang='lat' dir='ltr'>equo</span> <span class='ocrx_word' id='word_1_207' title='bbox 1691 1476 1789 1517; x_wconf 91' lang='lat' dir='ltr'>pro-</span> 
     </span>
    </p>

    <p class='ocr_par' dir='ltr' id='par_1_13' title="bbox 398 1519 1790 1575">
     <span class='ocr_line' id='line_1_25' title="bbox 398 1519 1790 1575; baseline 0 -16"><span class='ocrx_word' id='word_1_208' title='bbox 398 1528 555 1568; x_wconf 85' lang='lat' dir='ltr'>vectus,</span> <span class='ocrx_word' id='word_1_209' title='bbox 600 1519 758 1561; x_wconf 87' lang='lat' dir='ltr'>‘Visne</span> <span class='ocrx_word' id='word_1_210' title='bbox 792 1520 931 1575; x_wconf 86' lang='lat' dir='ltr'>igitur,</span> <span class='ocrx_word' id='word_1_211' title='bbox 969 1521 1072 1561; x_wconf 92' lang='lat' dir='ltr'>dum</span> <span class='ocrx_word' id='word_1_212' title='bbox 1110 1521 1198 1561; x_wconf 90' lang='lat' dir='ltr'>dies</span> <span class='ocrx_word' id='word_1_213' title='bbox 1237 1521 1317 1561; x_wconf 89' lang='lat' dir='ltr'>ista</span> <span class='ocrx_word' id='word_1_214' title='bbox 1349 1519 1478 1569; x_wconf 88' lang='lat' dir='ltr'>venit,</span> <span class='ocrx_word' id='word_1_215' title='bbox 1515 1534 1599 1575; x_wconf 89' lang='lat' dir='ltr'>qua</span> <span class='ocrx_word' id='word_1_216' title='bbox 1636 1532 1790 1574; x_wconf 83' lang='lat' dir='ltr'>magno</span> 
     </span>
    </p>

    <p class='ocr_par' dir='ltr' id='par_1_14' title="bbox 401 1574 1790 1632">
     <span class='ocr_line' id='line_1_26' title="bbox 401 1574 1790 1632; baseline 0 -17"><span class='ocrx_word' id='word_1_217' title='bbox 401 1581 412 1599; x_wconf 88' lang='lat'>‘</span> <span class='ocrx_word' id='word_1_218' title='bbox 429 1583 583 1616; x_wconf 88' lang='lat' dir='ltr'>conatu</span> <span class='ocrx_word' id='word_1_219' title='bbox 632 1577 840 1616; x_wconf 79' lang='lat' dir='ltr'>exercitus</span> <span class='ocrx_word' id='word_1_220' title='bbox 888 1578 1100 1626; x_wconf 88' lang='lat' dir='ltr'>moveatis,</span> <span class='ocrx_word' id='word_1_221' title='bbox 1146 1578 1307 1618; x_wconf 89' lang='lat' dir='ltr'>interea</span> <span class='ocrx_word' id='word_1_222' title='bbox 1355 1585 1402 1617; x_wconf 94' lang='lat' dir='ltr'>tu</span> <span class='ocrx_word' id='word_1_223' title='bbox 1451 1576 1539 1632; x_wconf 90' lang='lat' dir='ltr'>ipse</span> <span class='ocrx_word' id='word_1_224' title='bbox 1589 1574 1790 1630; x_wconf 86' lang='lat' dir='ltr'>congredi</span> 
     </span>
    </p>

    <p class='ocr_par' dir='ltr' id='par_1_15' title="bbox 401 1633 1790 1743">
     <span class='ocr_line' id='line_1_27' title="bbox 401 1633 1788 1681; baseline 0 -10"><span class='ocrx_word' id='word_1_225' title='bbox 401 1638 412 1655; x_wconf 91' lang='lat'>‘</span> <span class='ocrx_word' id='word_1_226' title='bbox 428 1646 607 1680; x_wconf 88' lang='lat' dir='ltr'>mecum,</span> <span class='ocrx_word' id='word_1_227' title='bbox 649 1640 696 1672; x_wconf 90' lang='lat' dir='ltr'>ut</span> <span class='ocrx_word' id='word_1_228' title='bbox 735 1640 877 1672; x_wconf 88' lang='lat' dir='ltr'>nostro</span> <span class='ocrx_word' id='word_1_229' title='bbox 916 1633 1096 1673; x_wconf 92' lang='lat' dir='ltr'>duorum</span> <span class='ocrx_word' id='word_1_230' title='bbox 1130 1633 1213 1673; x_wconf 91' lang='lat' dir='ltr'>iam</span> <span class='ocrx_word' id='word_1_231' title='bbox 1252 1633 1351 1673; x_wconf 88' lang='lat' dir='ltr'>hinc</span> <span class='ocrx_word' id='word_1_232' title='bbox 1387 1642 1542 1673; x_wconf 90' lang='lat' dir='ltr'>eventu</span> <span class='ocrx_word' id='word_1_233' title='bbox 1582 1640 1788 1681; x_wconf 88' lang='lat' dir='ltr'>cernatur,</span> 
     </span>
     <span class='ocr_line' id='line_1_28' title="bbox 401 1687 1790 1743; baseline 0.001 -16"><span class='ocrx_word' id='word_1_234' title='bbox 401 1694 634 1743; x_wconf 78' lang='lat' dir='ltr'>‘quantum</span> <span class='ocrx_word' id='word_1_235' title='bbox 665 1703 794 1742; x_wconf 88' lang='lat' dir='ltr'>eques</span> <span class='ocrx_word' id='word_1_236' title='bbox 826 1687 1003 1728; x_wconf 88' lang='lat' dir='ltr'>Latinus</span> <span class='ocrx_word' id='word_1_237' title='bbox 1035 1689 1230 1729; x_wconf 85' lang='lat' dir='ltr'>Romano</span> <span class='ocrx_word' id='word_1_238' title='bbox 1259 1689 1492 1743; x_wconf 87' lang='lat' dir='ltr'>praestet?’</span> <span class='ocrx_word' id='word_1_239' title='bbox 1550 1687 1700 1729; x_wconf 90' lang='lat' dir='ltr'>Movet</span> <span class='ocrx_word' id='word_1_240' title='bbox 1727 1688 1790 1728; x_wconf 88' lang='lat' dir='ltr'>fe-</span> 
     </span>
    </p>

    <p class='ocr_par' dir='ltr' id='par_1_16' title="bbox 398 1743 1789 1791">
     <span class='ocr_line' id='line_1_29' title="bbox 398 1743 1789 1791; baseline -0.001 -5"><span class='ocrx_word' id='word_1_241' title='bbox 398 1759 539 1786; x_wconf 86' lang='lat' dir='ltr'>rocem</span> <span class='ocrx_word' id='word_1_242' title='bbox 568 1744 753 1784; x_wconf 90' lang='lat' dir='ltr'>animum</span> <span class='ocrx_word' id='word_1_243' title='bbox 782 1743 944 1783; x_wconf 88' lang='lat' dir='ltr'>iuvenis</span> <span class='ocrx_word' id='word_1_244' title='bbox 968 1759 1042 1783; x_wconf 86' lang='lat' dir='ltr'>seu</span> <span class='ocrx_word' id='word_1_245' title='bbox 1071 1744 1144 1791; x_wconf 84' lang='lat' dir='ltr'>ira,</span> <span class='ocrx_word' id='word_1_246' title='bbox 1167 1759 1240 1784; x_wconf 92' lang='lat' dir='ltr'>seu</span> <span class='ocrx_word' id='word_1_247' title='bbox 1264 1744 1526 1784; x_wconf 87' lang='lat' dir='ltr'>detrectandi</span> <span class='ocrx_word' id='word_1_248' title='bbox 1551 1744 1789 1785; x_wconf 88' lang='lat' dir='ltr'>certaminis</span> 
     </span>
    </p>

    <p class='ocr_par' dir='ltr' id='par_1_17' title="bbox 399 1799 1788 1856">
     <span class='ocr_line' id='line_1_30' title="bbox 399 1799 1788 1856; baseline 0 -15"><span class='ocrx_word' id='word_1_249' title='bbox 399 1801 548 1856; x_wconf 86' lang='lat' dir='ltr'>pudor,</span> <span class='ocrx_word' id='word_1_250' title='bbox 570 1815 644 1840; x_wconf 91' lang='lat' dir='ltr'>seu</span> <span class='ocrx_word' id='word_1_251' title='bbox 664 1799 1011 1854; x_wconf 81' lang='lat' dir='ltr'>inexsuperabilis</span> <span class='ocrx_word' id='word_1_252' title='bbox 1030 1799 1092 1839; x_wconf 86' lang='lat' dir='ltr'>vis</span> <span class='ocrx_word' id='word_1_253' title='bbox 1112 1800 1197 1840; x_wconf 87' lang='lat' dir='ltr'>fati.</span> <span class='ocrx_word' id='word_1_254' title='bbox 1262 1799 1431 1840; x_wconf 90' lang='lat' dir='ltr'>Oblitus</span> <span class='ocrx_word' id='word_1_255' title='bbox 1455 1800 1596 1855; x_wconf 89' lang='lat' dir='ltr'>itaque</span> <span class='ocrx_word' id='word_1_256' title='bbox 1621 1800 1788 1855; x_wconf 89' lang='lat' dir='ltr'>imperii</span> 
     </span>
    </p>

    <p class='ocr_par' dir='ltr' id='par_1_18' title="bbox 399 1855 1786 1912">
     <span class='ocr_line' id='line_1_31' title="bbox 399 1855 1786 1912; baseline -0.001 -14"><span class='ocrx_word' id='word_1_257' title='bbox 399 1857 536 1912; x_wconf 86' lang='lat' dir='ltr'>patrii,</span> <span class='ocrx_word' id='word_1_258' title='bbox 558 1856 861 1910; x_wconf 90' lang='lat' dir='ltr'>consulumque</span> <span class='ocrx_word' id='word_1_259' title='bbox 884 1855 1023 1905; x_wconf 87' lang='lat' dir='ltr'>edicti,</span> <span class='ocrx_word' id='word_1_260' title='bbox 1046 1870 1244 1911; x_wconf 89' lang='lat' dir='ltr'>praeceps</span> <span class='ocrx_word' id='word_1_261' title='bbox 1265 1856 1318 1896; x_wconf 92' lang='lat' dir='ltr'>ad</span> <span class='ocrx_word' id='word_1_262' title='bbox 1338 1856 1383 1896; x_wconf 91' lang='lat' dir='ltr'>id</span> <span class='ocrx_word' id='word_1_263' title='bbox 1404 1865 1615 1897; x_wconf 86' lang='lat' dir='ltr'>certamen</span> <span class='ocrx_word' id='word_1_264' title='bbox 1636 1857 1786 1911; x_wconf 86' lang='lat' dir='ltr'>agitur,</span> 
     </span>
    </p>

    <p class='ocr_par' dir='ltr' id='par_1_19' title="bbox 400 1912 1785 2025">
     <span class='ocr_line' id='line_1_32' title="bbox 400 1912 1784 1969; baseline 0 -15"><span class='ocrx_word' id='word_1_265' title='bbox 400 1929 498 1969; x_wconf 90' lang='lat' dir='ltr'>quo,</span> <span class='ocrx_word' id='word_1_266' title='bbox 539 1913 738 1962; x_wconf 85' lang='lat' dir='ltr'>vinceret,</span> <span class='ocrx_word' id='word_1_267' title='bbox 780 1927 834 1953; x_wconf 89' lang='lat' dir='ltr'>an</span> <span class='ocrx_word' id='word_1_268' title='bbox 874 1912 1122 1962; x_wconf 87' lang='lat' dir='ltr'>vinceretur,</span> <span class='ocrx_word' id='word_1_269' title='bbox 1162 1912 1277 1954; x_wconf 85' lang='lat' dir='ltr'>haud</span> <span class='ocrx_word' id='word_1_270' title='bbox 1326 1912 1505 1953; x_wconf 90' lang='lat' dir='ltr'>multum</span> <span class='ocrx_word' id='word_1_271' title='bbox 1554 1913 1784 1954; x_wconf 88' lang='lat' dir='ltr'>interesset.</span> 
     </span>
     <span class='ocr_line' id='line_1_33' title="bbox 401 1968 1785 2025; baseline 0 -15"><span class='ocrx_word' id='word_1_272' title='bbox 401 1970 625 2025; x_wconf 86' lang='lat' dir='ltr'>Equitibus</span> <span class='ocrx_word' id='word_1_273' title='bbox 659 1969 807 2009; x_wconf 91' lang='lat' dir='ltr'>ceteris</span> <span class='ocrx_word' id='word_1_274' title='bbox 834 1968 950 2009; x_wconf 83' lang='lat' dir='ltr'>velut</span> <span class='ocrx_word' id='word_1_275' title='bbox 979 1969 1032 2009; x_wconf 91' lang='lat' dir='ltr'>ad</span> <span class='ocrx_word' id='word_1_276' title='bbox 1062 1968 1346 2024; x_wconf 88' lang='lat' dir='ltr'>spectaculum</span> <span class='ocrx_word' id='word_1_277' title='bbox 1379 1970 1609 2018; x_wconf 88' lang='lat' dir='ltr'>summotis,</span> <span class='ocrx_word' id='word_1_278' title='bbox 1638 1969 1785 2025; x_wconf 88' lang='lat' dir='ltr'>spatio,</span> 
     </span>
    </p>

    <p class='ocr_par' dir='ltr' id='par_1_20' title="bbox 398 2025 1784 2082">
     <span class='ocr_line' id='line_1_34' title="bbox 398 2025 1784 2082; baseline 0.001 -15"><span class='ocrx_word' id='word_1_279' title='bbox 398 2027 513 2082; x_wconf 85' lang='lat' dir='ltr'>quod</span> <span class='ocrx_word' id='word_1_280' title='bbox 542 2025 662 2066; x_wconf 87' lang='lat' dir='ltr'>vacui</span> <span class='ocrx_word' id='word_1_281' title='bbox 693 2025 965 2065; x_wconf 87' lang='lat' dir='ltr'>interiacebat</span> <span class='ocrx_word' id='word_1_282' title='bbox 995 2025 1145 2080; x_wconf 90' lang='lat' dir='ltr'>campi,</span> <span class='ocrx_word' id='word_1_283' title='bbox 1168 2025 1360 2066; x_wconf 83' lang='lat' dir='ltr'>adversos</span> <span class='ocrx_word' id='word_1_284' title='bbox 1387 2026 1601 2068; x_wconf 87' lang='lat' dir='ltr'>concitant</span> <span class='ocrx_word' id='word_1_285' title='bbox 1627 2041 1784 2082; x_wconf 87' lang='lat' dir='ltr'>equos:</span> 
     </span>
    </p>

    <p class='ocr_par' dir='ltr' id='par_1_21' title="bbox 398 2081 1788 2139">
     <span class='ocr_line' id='line_1_35' title="bbox 398 2081 1788 2139; baseline 0 -15"><span class='ocrx_word' id='word_1_286' title='bbox 398 2092 451 2132; x_wconf 87' lang='lat' dir='ltr'>et,</span> <span class='ocrx_word' id='word_1_287' title='bbox 482 2097 613 2138; x_wconf 90' lang='lat' dir='ltr'>quum</span> <span class='ocrx_word' id='word_1_288' title='bbox 647 2081 808 2122; x_wconf 87' lang='lat' dir='ltr'>infestis</span> <span class='ocrx_word' id='word_1_289' title='bbox 844 2081 1085 2137; x_wconf 91' lang='lat' dir='ltr'>cuspidibus</span> <span class='ocrx_word' id='word_1_290' title='bbox 1117 2082 1435 2132; x_wconf 89' lang='lat' dir='ltr'>concurrissent,</span> <span class='ocrx_word' id='word_1_291' title='bbox 1465 2082 1618 2124; x_wconf 85' lang='lat' dir='ltr'>Manlii</span> <span class='ocrx_word' id='word_1_292' title='bbox 1649 2083 1788 2139; x_wconf 88' lang='lat' dir='ltr'>cuspis</span> 
     </span>
    </p>

    <p class='ocr_par' dir='ltr' id='par_1_22' title="bbox 398 2138 1785 2195">
     <span class='ocr_line' id='line_1_36' title="bbox 398 2138 1785 2195; baseline 0.001 -15"><span class='ocrx_word' id='word_1_293' title='bbox 398 2154 523 2194; x_wconf 83' lang='lat' dir='ltr'>super</span> <span class='ocrx_word' id='word_1_294' title='bbox 553 2138 716 2194; x_wconf 86' lang='lat' dir='ltr'>galeam</span> <span class='ocrx_word' id='word_1_295' title='bbox 743 2138 886 2188; x_wconf 83' lang='lat' dir='ltr'>hostis,</span> <span class='ocrx_word' id='word_1_296' title='bbox 909 2138 1035 2179; x_wconf 90' lang='lat' dir='ltr'>Metii</span> <span class='ocrx_word' id='word_1_297' title='bbox 1063 2147 1175 2180; x_wconf 85' lang='lat' dir='ltr'>trans</span> <span class='ocrx_word' id='word_1_298' title='bbox 1202 2139 1407 2180; x_wconf 87' lang='lat' dir='ltr'>cervicem</span> <span class='ocrx_word' id='word_1_299' title='bbox 1434 2140 1533 2195; x_wconf 91' lang='lat' dir='ltr'>equi</span> <span class='ocrx_word' id='word_1_300' title='bbox 1552 2139 1691 2195; x_wconf 86' lang='lat' dir='ltr'>elapsa</span> <span class='ocrx_word' id='word_1_301' title='bbox 1711 2148 1785 2182; x_wconf 88' lang='lat' dir='ltr'>est.</span> 
     </span>
    </p>

    <p class='ocr_par' dir='ltr' id='par_1_23' title="bbox 182 2195 1788 2365">
     <span class='ocr_line' id='line_1_37' title="bbox 182 2195 1787 2251; baseline 0.002 -17"><span class='ocrx_word' id='word_1_302' title='bbox 182 2204 294 2251; x_wconf 55' lang='lat' dir='ltr'>Vincit</span> <span class='ocrx_word' id='word_1_303' title='bbox 403 2195 679 2237; x_wconf 78' lang='lat' dir='ltr'>circumactis</span> <span class='ocrx_word' id='word_1_304' title='bbox 699 2195 853 2235; x_wconf 88' lang='lat' dir='ltr'>deinde</span> <span class='ocrx_word' id='word_1_305' title='bbox 875 2195 1006 2250; x_wconf 86' lang='lat' dir='ltr'>equis,</span> <span class='ocrx_word' id='word_1_306' title='bbox 1030 2210 1161 2250; x_wconf 89' lang='lat' dir='ltr'>quum</span> <span class='ocrx_word' id='word_1_307' title='bbox 1184 2196 1297 2251; x_wconf 89' lang='lat' dir='ltr'>prior</span> <span class='ocrx_word' id='word_1_308' title='bbox 1320 2196 1374 2236; x_wconf 90' lang='lat' dir='ltr'>ad</span> <span class='ocrx_word' id='word_1_309' title='bbox 1398 2196 1635 2237; x_wconf 84' lang='lat' dir='ltr'>iterandum</span> <span class='ocrx_word' id='word_1_310' title='bbox 1655 2197 1787 2238; x_wconf 91' lang='lat' dir='ltr'>ictum</span> 
     </span>
     <span class='ocr_line' id='line_1_38' title="bbox 182 2247 1784 2308; baseline 0.001 -15"><span class='ocrx_word' id='word_1_311' title='bbox 182 2247 336 2278; x_wconf 79' lang='lat' dir='ltr'>Manhus.</span> <span class='ocrx_word' id='word_1_312' title='bbox 401 2253 587 2294; x_wconf 87' lang='lat' dir='ltr'>Manlius</span> <span class='ocrx_word' id='word_1_313' title='bbox 618 2252 970 2300; x_wconf 79' lang='lat' dir='ltr'>consurrexisset3</span> <span class='ocrx_word' id='word_1_314' title='bbox 1015 2252 1221 2307; x_wconf 89' lang='lat' dir='ltr'>spiculum</span> <span class='ocrx_word' id='word_1_315' title='bbox 1256 2253 1366 2293; x_wconf 88' lang='lat' dir='ltr'>inter</span> <span class='ocrx_word' id='word_1_316' title='bbox 1400 2267 1519 2294; x_wconf 87' lang='lat' dir='ltr'>aures</span> <span class='ocrx_word' id='word_1_317' title='bbox 1549 2253 1649 2308; x_wconf 91' lang='lat' dir='ltr'>equi</span> <span class='ocrx_word' id='word_1_318' title='bbox 1678 2253 1784 2294; x_wconf 86' lang='lat' dir='ltr'>fixit.</span> 
     </span>
     <span class='ocr_line' id='line_1_39' title="bbox 400 2309 1788 2365; baseline 0 -15"><span class='ocrx_word' id='word_1_319' title='bbox 400 2310 473 2350; x_wconf 91' lang='lat' dir='ltr'>Ad</span> <span class='ocrx_word' id='word_1_320' title='bbox 501 2310 618 2350; x_wconf 89' lang='lat' dir='ltr'>cuius</span> <span class='ocrx_word' id='word_1_321' title='bbox 638 2309 822 2350; x_wconf 87' lang='lat' dir='ltr'>vulneris</span> <span class='ocrx_word' id='word_1_322' title='bbox 849 2323 1016 2349; x_wconf 88' lang='lat' dir='ltr'>sensum</span> <span class='ocrx_word' id='word_1_323' title='bbox 1045 2324 1176 2363; x_wconf 91' lang='lat' dir='ltr'>quum</span> <span class='ocrx_word' id='word_1_324' title='bbox 1207 2324 1352 2364; x_wconf 86' lang='lat' dir='ltr'>equus,</span> <span class='ocrx_word' id='word_1_325' title='bbox 1373 2309 1580 2365; x_wconf 90' lang='lat' dir='ltr'>prioribus</span> <span class='ocrx_word' id='word_1_326' title='bbox 1609 2309 1788 2364; x_wconf 88' lang='lat' dir='ltr'>pedibus</span> 
     </span>
    </p>

    <p class='ocr_par' dir='ltr' id='par_1_24' title="bbox 399 2365 1786 2421">
     <span class='ocr_line' id='line_1_40' title="bbox 399 2365 1786 2421; baseline -0.001 -14"><span class='ocrx_word' id='word_1_327' title='bbox 399 2368 560 2415; x_wconf 87' lang='lat' dir='ltr'>crectis,</span> <span class='ocrx_word' id='word_1_328' title='bbox 582 2381 733 2421; x_wconf 88' lang='lat' dir='ltr'>magna</span> <span class='ocrx_word' id='word_1_329' title='bbox 759 2365 799 2406; x_wconf 86' lang='lat' dir='ltr'>vi</span> <span class='ocrx_word' id='word_1_330' title='bbox 827 2373 953 2420; x_wconf 85' lang='lat' dir='ltr'>caput</span> <span class='ocrx_word' id='word_1_331' title='bbox 974 2374 1177 2420; x_wconf 86' lang='lat' dir='ltr'>quateret,</span> <span class='ocrx_word' id='word_1_332' title='bbox 1204 2366 1386 2406; x_wconf 82' lang='lat' dir='ltr'>excussit</span> <span class='ocrx_word' id='word_1_333' title='bbox 1413 2366 1624 2421; x_wconf 88' lang='lat' dir='ltr'>equitem:</span> <span class='ocrx_word' id='word_1_334' title='bbox 1658 2381 1786 2421; x_wconf 90' lang='lat' dir='ltr'>quem</span> 
     </span>
    </p>

    <p class='ocr_par' dir='ltr' id='par_1_25' title="bbox 398 2421 1784 2533">
     <span class='ocr_line' id='line_1_41' title="bbox 398 2421 1783 2478; baseline 0 -15"><span class='ocrx_word' id='word_1_335' title='bbox 398 2423 569 2478; x_wconf 88' lang='lat' dir='ltr'>cuspide</span> <span class='ocrx_word' id='word_1_336' title='bbox 600 2437 827 2478; x_wconf 82' lang='lat' dir='ltr'>parmaque</span> <span class='ocrx_word' id='word_1_337' title='bbox 857 2421 1054 2470; x_wconf 88' lang='lat' dir='ltr'>innisum,</span> <span class='ocrx_word' id='word_1_338' title='bbox 1077 2422 1338 2463; x_wconf 90' lang='lat' dir='ltr'>attollentem</span> <span class='ocrx_word' id='word_1_339' title='bbox 1371 2438 1413 2463; x_wconf 89' lang='lat' dir='ltr'>se</span> <span class='ocrx_word' id='word_1_340' title='bbox 1447 2423 1498 2463; x_wconf 90' lang='lat' dir='ltr'>ab</span> <span class='ocrx_word' id='word_1_341' title='bbox 1527 2422 1642 2478; x_wconf 87' lang='lat' dir='ltr'>gravi</span> <span class='ocrx_word' id='word_1_342' title='bbox 1673 2437 1783 2472; x_wconf 89' lang='lat' dir='ltr'>casu,</span> 
     </span>
     <span class='ocr_line' id='line_1_42' title="bbox 399 2478 1784 2533; baseline 0.001 -14"><span class='ocrx_word' id='word_1_343' title='bbox 399 2479 587 2519; x_wconf 85' lang='lat' dir='ltr'>Manlius</span> <span class='ocrx_word' id='word_1_344' title='bbox 607 2480 659 2519; x_wconf 89' lang='lat' dir='ltr'>ab</span> <span class='ocrx_word' id='word_1_345' title='bbox 680 2478 836 2533; x_wconf 88' lang='lat' dir='ltr'>iugulo,</span> <span class='ocrx_word' id='word_1_346' title='bbox 855 2478 913 2518; x_wconf 91' lang='lat' dir='ltr'>ita</span> <span class='ocrx_word' id='word_1_347' title='bbox 933 2486 981 2518; x_wconf 91' lang='lat' dir='ltr'>ut</span> <span class='ocrx_word' id='word_1_348' title='bbox 1000 2492 1076 2532; x_wconf 92' lang='lat' dir='ltr'>per</span> <span class='ocrx_word' id='word_1_349' title='bbox 1096 2487 1228 2519; x_wconf 87' lang='lat' dir='ltr'>costas</span> <span class='ocrx_word' id='word_1_350' title='bbox 1244 2478 1401 2522; x_wconf 86' lang='lat' dir='ltr'>ferrum</span> <span class='ocrx_word' id='word_1_351' title='bbox 1418 2479 1632 2527; x_wconf 88' lang='lat' dir='ltr'>emineret,</span> <span class='ocrx_word' id='word_1_352' title='bbox 1652 2486 1784 2521; x_wconf 85' lang='lat' dir='ltr'>terrae</span> 
     </span>
    </p>

    <p class='ocr_par' dir='ltr' id='par_1_26' title="bbox 398 2534 1784 2591">
     <span class='ocr_line' id='line_1_43' title="bbox 398 2534 1784 2591; baseline 0.001 -15"><span class='ocrx_word' id='word_1_353' title='bbox 398 2536 546 2576; x_wconf 88' lang='lat' dir='ltr'>affixit:</span> <span class='ocrx_word' id='word_1_354' title='bbox 570 2535 795 2591; x_wconf 87' lang='lat' dir='ltr'>spoliisque</span> <span class='ocrx_word' id='word_1_355' title='bbox 816 2534 936 2575; x_wconf 88' lang='lat' dir='ltr'>lectis</span> <span class='ocrx_word' id='word_1_356' title='bbox 952 2534 1005 2575; x_wconf 91' lang='lat' dir='ltr'>ad</span> <span class='ocrx_word' id='word_1_357' title='bbox 1021 2549 1115 2575; x_wconf 90' lang='lat' dir='ltr'>suos</span> <span class='ocrx_word' id='word_1_358' title='bbox 1131 2543 1333 2584; x_wconf 89' lang='lat' dir='ltr'>revectus,</span> <span class='ocrx_word' id='word_1_359' title='bbox 1351 2550 1447 2576; x_wconf 91' lang='lat' dir='ltr'>cum</span> <span class='ocrx_word' id='word_1_360' title='bbox 1464 2544 1613 2576; x_wconf 89' lang='lat' dir='ltr'>ovante</span> <span class='ocrx_word' id='word_1_361' title='bbox 1629 2536 1784 2591; x_wconf 87' lang='lat' dir='ltr'>gaudio</span> 
     </span>
    </p>

    <p class='ocr_par' dir='ltr' id='par_1_27' title="bbox 398 2591 1782 2647">
     <span class='ocr_line' id='line_1_44' title="bbox 398 2591 1782 2647; baseline 0.001 -15"><span class='ocrx_word' id='word_1_362' title='bbox 398 2601 534 2633; x_wconf 89' lang='lat' dir='ltr'>turma</span> <span class='ocrx_word' id='word_1_363' title='bbox 548 2593 592 2632; x_wconf 90' lang='lat' dir='ltr'>in</span> <span class='ocrx_word' id='word_1_364' title='bbox 606 2602 751 2641; x_wconf 84' lang='lat' dir='ltr'>castra,</span> <span class='ocrx_word' id='word_1_365' title='bbox 766 2599 891 2647; x_wconf 91' lang='lat' dir='ltr'>atque</span> <span class='ocrx_word' id='word_1_366' title='bbox 908 2591 1007 2632; x_wconf 94' lang='lat' dir='ltr'>inde</span> <span class='ocrx_word' id='word_1_367' title='bbox 1024 2591 1077 2631; x_wconf 87' lang='lat' dir='ltr'>ad</span> <span class='ocrx_word' id='word_1_368' title='bbox 1092 2592 1359 2647; x_wconf 88' lang='lat' dir='ltr'>praetorium,</span> <span class='ocrx_word' id='word_1_369' title='bbox 1375 2591 1427 2632; x_wconf 88' lang='lat' dir='ltr'>ad</span> <span class='ocrx_word' id='word_1_370' title='bbox 1442 2601 1616 2647; x_wconf 89' lang='lat' dir='ltr'>patrem,</span> <span class='ocrx_word' id='word_1_371' title='bbox 1633 2592 1782 2642; x_wconf 90' lang='lat' dir='ltr'>tendit,</span> 
     </span>
    </p>
   </div>
   <div class='ocr_carea' id='block_1_5' title="bbox 396 2709 1781 2876">
    <p class='ocr_par' dir='ltr' id='par_1_28' title="bbox 396 2709 1781 2876">
     <span class='ocr_line' id='line_1_45' title="bbox 438 2709 1781 2750; baseline -0.001 -9"><span class='ocrx_word' id='word_1_372' title='bbox 438 2711 457 2741; x_wconf 93' lang='lat'><strong>6</strong></span> <span class='ocrx_word' id='word_1_373' title='bbox 480 2713 597 2743; x_wconf 83' lang='lat' dir='ltr'>Iisdem</span> <span class='ocrx_word' id='word_1_374' title='bbox 612 2711 805 2750; x_wconf 72' lang='lat' dir='ltr'>manipulis]</span> <span class='ocrx_word' id='word_1_375' title='bbox 832 2710 870 2740; x_wconf 88' lang='lat' dir='ltr'>cf.</span> <span class='ocrx_word' id='word_1_376' title='bbox 888 2709 907 2741; x_wconf 87' lang='lat' dir='ltr'>i.</span> <span class='ocrx_word' id='word_1_377' title='bbox 927 2718 975 2749; x_wconf 81' lang='lat'>52.</span> <span class='ocrx_word' id='word_1_378' title='bbox 1001 2709 1068 2741; x_wconf 85' lang='lat' dir='ltr'>Ubi</span> <span class='ocrx_word' id='word_1_379' title='bbox 1112 2719 1225 2740; x_wconf 83' lang='lat' dir='ltr'>manos</span> <span class='ocrx_word' id='word_1_380' title='bbox 1250 2709 1423 2750; x_wconf 86' lang='lat' dir='ltr'>imposuit:</span> <span class='ocrx_word' id='word_1_381' title='bbox 1460 2720 1546 2740; x_wconf 88' lang='lat' dir='ltr'>nunc</span> <span class='ocrx_word' id='word_1_382' title='bbox 1573 2720 1646 2740; x_wconf 88' lang='lat' dir='ltr'>vero</span> <span class='ocrx_word' id='word_1_383' title='bbox 1673 2714 1781 2742; x_wconf 88' lang='lat' dir='ltr'>centu-</span> 
     </span>
     <span class='ocr_line' id='line_1_46' title="bbox 396 2752 1781 2792; baseline 0.001 -11"><span class='ocrx_word' id='word_1_384' title='bbox 396 2754 435 2782; x_wconf 86' lang='lat' dir='ltr'>de</span> <span class='ocrx_word' id='word_1_385' title='bbox 458 2753 628 2791; x_wconf 83' lang='lat' dir='ltr'>geminatis</span> <span class='ocrx_word' id='word_1_386' title='bbox 649 2752 825 2792; x_wconf 86' lang='lat' dir='ltr'>manipulis</span> <span class='ocrx_word' id='word_1_387' title='bbox 845 2753 1067 2782; x_wconf 87' lang='lat' dir='ltr'>Romanorum</span> <span class='ocrx_word' id='word_1_388' title='bbox 1113 2752 1216 2782; x_wconf 77' lang='lat' dir='ltr'>tiones</span> <span class='ocrx_word' id='word_1_389' title='bbox 1231 2752 1324 2792; x_wconf 84' lang='lat' dir='ltr'>primi</span> <span class='ocrx_word' id='word_1_390' title='bbox 1343 2752 1399 2791; x_wconf 89' lang='lat' dir='ltr'>pili</span> <span class='ocrx_word' id='word_1_391' title='bbox 1414 2752 1550 2783; x_wconf 81' lang='lat' dir='ltr'>Latinus</span> <span class='ocrx_word' id='word_1_392' title='bbox 1565 2756 1596 2782; x_wconf 89' lang='lat' dir='ltr'>et</span> <span class='ocrx_word' id='word_1_393' title='bbox 1614 2753 1781 2783; x_wconf 85' lang='lat' dir='ltr'>Romanus</span> 
     </span>
     <span class='ocr_line' id='line_1_47' title="bbox 396 2794 1462 2833; baseline 0.004 -12"><span class='ocrx_word' id='word_1_394' title='bbox 396 2797 427 2821; x_wconf 78' lang='lat' dir='ltr'>et</span> <span class='ocrx_word' id='word_1_395' title='bbox 450 2794 637 2825; x_wconf 86' lang='lat' dir='ltr'>Latinorum</span> <span class='ocrx_word' id='word_1_396' title='bbox 661 2798 768 2825; x_wconf 86' lang='lat' dir='ltr'>noster</span> <span class='ocrx_word' id='word_1_397' title='bbox 791 2794 943 2833; x_wconf 82' lang='lat' dir='ltr'>loquitur.</span> <span class='ocrx_word' id='word_1_398' title='bbox 988 2794 1065 2824; x_wconf 87' lang='lat' dir='ltr'>Tar·</span> <span class='ocrx_word' id='word_1_399' title='bbox 1110 2794 1241 2825; x_wconf 81' lang='lat' dir='ltr'>alternis</span> <span class='ocrx_word' id='word_1_400' title='bbox 1256 2794 1347 2824; x_wconf 77' lang='lat' dir='ltr'>annis</span> <span class='ocrx_word' id='word_1_401' title='bbox 1363 2798 1462 2825; x_wconf 84' lang='lat' dir='ltr'>erant.</span> 
     </span>
     <span class='ocr_line' id='line_1_48' title="bbox 396 2834 1064 2876; baseline 0.006 -14"><span class='ocrx_word' id='word_1_402' title='bbox 396 2834 522 2871; x_wconf 76' lang='lat' dir='ltr'>qninius</span> <span class='ocrx_word' id='word_1_403' title='bbox 538 2836 587 2866; x_wconf 74' lang='lat' dir='ltr'>his</span> <span class='ocrx_word' id='word_1_404' title='bbox 602 2836 776 2876; x_wconf 83' lang='lat' dir='ltr'>manipulis</span> <span class='ocrx_word' id='word_1_405' title='bbox 789 2835 989 2867; x_wconf 75' lang='lat' dir='ltr'>centuriones</span> <span class='ocrx_word' id='word_1_406' title='bbox 999 2837 1064 2866; x_wconf 82' lang='lat' dir='ltr'>Ro—</span> 
     </span>
    </p>
   </div>
  </div>
 </body>
</html>
