<?xml version="1.0" encoding="UTF-8"?>
<!DOCTYPE html PUBLIC "-//W3C//DTD XHTML 1.0 Transitional//EN"
    "http://www.w3.org/TR/xhtml1/DTD/xhtml1-transitional.dtd">
<html xmlns="http://www.w3.org/1999/xhtml" xml:lang="en" lang="en">
 <head>
  <title>
</title>
<meta http-equiv="Content-Type" content="text/html;charset=utf-8" />
  <meta name='ocr-system' content='tesseract 3.04.00' />
  <meta name='ocr-capabilities' content='ocr_page ocr_carea ocr_par ocr_line ocrx_word'/>
</head>
<body>
  <div class='ocr_page' id='page_1' title='image "./historiarumli01livyuoft_0014.png"; bbox 0 0 1934 3211; ppageno 0'>
   <div class='ocr_carea' id='block_1_1' title="bbox 455 168 1562 210">
    <p class='ocr_par' dir='ltr' id='par_1_1' title="bbox 455 168 1562 210">
     <span class='ocr_line' id='line_1_1' title="bbox 455 168 1562 210; baseline -0.001 0"><span class='ocrx_word' id='word_1_1' title='bbox 455 176 479 210; x_wconf 81' lang='lat'><strong>2</strong></span> <span class='ocrx_word' id='word_1_2' title='bbox 731 169 859 210; x_wconf 92' lang='grc' dir='ltr'>ΤΙΤΙ</span> <span class='ocrx_word' id='word_1_3' title='bbox 890 168 1042 210; x_wconf 90' lang='lat' dir='ltr'>LIVII</span> <span class='ocrx_word' id='word_1_4' title='bbox 1076 168 1352 210; x_wconf 85' lang='lat' dir='ltr'><strong>EPITOME</strong></span> <span class='ocrx_word' id='word_1_5' title='bbox 1383 169 1495 210; x_wconf 87' lang='lat' dir='ltr'><em>LIB.</em></span> <span class='ocrx_word' id='word_1_6' title='bbox 1529 168 1562 210; x_wconf 92' lang='lat' dir='ltr'><em>I.</em></span> 
     </span>
    </p>
   </div>
   <div class='ocr_carea' id='block_1_2' title="bbox 442 260 1879 2144">
    <p class='ocr_par' dir='ltr' id='par_1_2' title="bbox 442 260 1879 2144">
     <span class='ocr_line' id='line_1_2' title="bbox 449 260 1834 315; baseline 0 -15"><span class='ocrx_word' id='word_1_7' title='bbox 449 263 635 315; x_wconf 84' lang='lat' dir='ltr'><em>protinus</em></span> <span class='ocrx_word' id='word_1_8' title='bbox 656 262 706 300; x_wconf 85' lang='lat' dir='ltr'><em>ab</em></span> <span class='ocrx_word' id='word_1_9' title='bbox 726 261 823 301; x_wconf 79' lang='lat' dir='ltr'><em>Atto</em></span> <span class='ocrx_word' id='word_1_10' title='bbox 831 261 1006 315; x_wconf 83' lang='lat' dir='ltr'><em>factum.</em></span> <span class='ocrx_word' id='word_1_11' title='bbox 1060 260 1226 300; x_wconf 84' lang='lat' dir='ltr'><em>Sabinos</em></span> <span class='ocrx_word' id='word_1_12' title='bbox 1239 267 1447 314; x_wconf 82' lang='lat' dir='ltr'><em>praeterea</em></span> <span class='ocrx_word' id='word_1_13' title='bbox 1465 261 1548 299; x_wconf 89' lang='lat' dir='ltr'><em>acie</em></span> <span class='ocrx_word' id='word_1_14' title='bbox 1562 261 1680 308; x_wconf 85' lang='lat' dir='ltr'><em>vicit,·</em></span> <span class='ocrx_word' id='word_1_15' title='bbox 1703 261 1834 300; x_wconf 85' lang='lat' dir='ltr'><em>urbem</em></span> 
     </span>
     <span class='ocr_line' id='line_1_3' title="bbox 456 317 1834 371; baseline 0 -13"><span class='ocrx_word' id='word_1_16' title='bbox 456 333 569 358; x_wconf 86' lang='lat' dir='ltr'><em>muro</em></span> <span class='ocrx_word' id='word_1_17' title='bbox 590 320 845 358; x_wconf 86' lang='lat' dir='ltr'><em>circumdedit</em></span> <span class='ocrx_word' id='word_1_18' title='bbox 855 335 870 367; x_wconf 88' lang='grc'><em>,·</em></span> <span class='ocrx_word' id='word_1_19' title='bbox 902 319 1055 358; x_wconf 79' lang='lat' dir='ltr'><em>cloacas</em></span> <span class='ocrx_word' id='word_1_20' title='bbox 1072 319 1187 371; x_wconf 85' lang='lat' dir='ltr'><em>fecit.</em></span> <span class='ocrx_word' id='word_1_21' title='bbox 1257 318 1420 357; x_wconf 78' lang='lat' dir='ltr'><em>Occisus</em></span> <span class='ocrx_word' id='word_1_22' title='bbox 1446 324 1503 357; x_wconf 87' lang='lat' dir='ltr'><em>est</em></span> <span class='ocrx_word' id='word_1_23' title='bbox 1521 318 1571 356; x_wconf 87' lang='lat' dir='ltr'><em>ab</em></span> <span class='ocrx_word' id='word_1_24' title='bbox 1591 317 1698 358; x_wconf 80' lang='lat' dir='ltr'><em>Anci</em></span> <span class='ocrx_word' id='word_1_25' title='bbox 1710 319 1834 370; x_wconf 88' lang='lat' dir='ltr'><em>filiis,</em></span> 
     </span>
     <span class='ocr_line' id='line_1_4' title="bbox 455 374 1834 430; baseline -0.001 -14"><span class='ocrx_word' id='word_1_26' title='bbox 455 391 576 430; x_wconf 86' lang='lat' dir='ltr'><em>quum</em></span> <span class='ocrx_word' id='word_1_27' title='bbox 598 383 797 430; x_wconf 72' lang='lat' dir='ltr'><em>reqnasset</em></span> <span class='ocrx_word' id='word_1_28' title='bbox 815 391 938 416; x_wconf 88' lang='lat' dir='ltr'><em>annos</em></span> <span class='ocrx_word' id='word_1_29' title='bbox 959 377 1123 429; x_wconf 66' lang='lat' dir='ltr'><em>triglinta</em></span> <span class='ocrx_word' id='word_1_30' title='bbox 1144 382 1236 415; x_wconf 88' lang='lat' dir='ltr'><em>octo.</em></span> <span class='ocrx_word' id='word_1_31' title='bbox 1275 375 1467 415; x_wconf 75' lang='lat' dir='ltr'><em>Successit</em></span> <span class='ocrx_word' id='word_1_32' title='bbox 1487 377 1523 414; x_wconf 89' lang='lat' dir='ltr'><em>ei</em></span> <span class='ocrx_word' id='word_1_33' title='bbox 1546 374 1630 415; x_wconf 88' lang='lat' dir='ltr'><em>Ser.</em></span> <span class='ocrx_word' id='word_1_34' title='bbox 1663 376 1834 424; x_wconf 88' lang='lat' dir='ltr'><em>Tullius,</em></span> 
     </span>
     <span class='ocr_line' id='line_1_5' title="bbox 456 433 1836 488; baseline 0 -15"><span class='ocrx_word' id='word_1_35' title='bbox 456 441 574 474; x_wconf 89' lang='lat' dir='ltr'><em>natus</em></span> <span class='ocrx_word' id='word_1_36' title='bbox 610 449 654 473; x_wconf 72' lang='lat' dir='ltr'><em>eas</em></span> <span class='ocrx_word' id='word_1_37' title='bbox 687 436 845 488; x_wconf 83' lang='lat' dir='ltr'><em>captiva</em></span> <span class='ocrx_word' id='word_1_38' title='bbox 880 434 999 473; x_wconf 87' lang='lat' dir='ltr'><em>nobili</em></span> <span class='ocrx_word' id='word_1_39' title='bbox 1033 433 1326 481; x_wconf 87' lang='lat' dir='ltr'><em>Corniculana,·</em></span> <span class='ocrx_word' id='word_1_40' title='bbox 1368 434 1433 472; x_wconf 87' lang='lat' dir='ltr'><em>cui</em></span> <span class='ocrx_word' id='word_1_41' title='bbox 1456 447 1595 487; x_wconf 87' lang='lat' dir='ltr'><em>puero,</em></span> <span class='ocrx_word' id='word_1_42' title='bbox 1631 433 1763 473; x_wconf 76' lang='lat' dir='ltr'><em>adhuc</em></span> <span class='ocrx_word' id='word_1_43' title='bbox 1794 435 1836 473; x_wconf 87' lang='lat' dir='ltr'><em>in</em></span> 
     </span>
     <span class='ocr_line' id='line_1_6' title="bbox 456 490 1837 546; baseline 0 -16"><span class='ocrx_word' id='word_1_44' title='bbox 456 494 567 531; x_wconf 85' lang='lat' dir='ltr'><em>cunis</em></span> <span class='ocrx_word' id='word_1_45' title='bbox 600 493 741 546; x_wconf 86' lang='lat' dir='ltr'><em>posito,</em></span> <span class='ocrx_word' id='word_1_46' title='bbox 783 498 904 545; x_wconf 87' lang='lat' dir='ltr'><em>caput</em></span> <span class='ocrx_word' id='word_1_47' title='bbox 942 493 1085 530; x_wconf 77' lang='lat' dir='ltr'><em>arsisse</em></span> <span class='ocrx_word' id='word_1_48' title='bbox 1124 491 1315 530; x_wconf 83' lang='lat' dir='ltr'><em>traditum</em></span> <span class='ocrx_word' id='word_1_49' title='bbox 1355 497 1420 530; x_wconf 88' lang='lat' dir='ltr'><em>est.</em></span> <span class='ocrx_word' id='word_1_50' title='bbox 1509 490 1680 530; x_wconf 78' lang='lat' dir='ltr'><em>Veientes</em></span> <span class='ocrx_word' id='word_1_51' title='bbox 1719 497 1837 545; x_wconf 89' lang='lat' dir='ltr'><em>atque</em></span> 
     </span>
     <span class='ocr_line' id='line_1_7' title="bbox 455 548 1837 603; baseline 0 -15"><span class='ocrx_word' id='word_1_52' title='bbox 455 549 650 589; x_wconf 88' lang='lat' dir='ltr'><em>Etruscos</em></span> <span class='ocrx_word' id='word_1_53' title='bbox 663 550 813 603; x_wconf 89' lang='lat' dir='ltr'><em>proelio</em></span> <span class='ocrx_word' id='word_1_54' title='bbox 820 550 949 602; x_wconf 83' lang='lat' dir='ltr'><em>fudit.</em></span> <span class='ocrx_word' id='word_1_55' title='bbox 1019 548 1184 589; x_wconf 88' lang='lat' dir='ltr'><em>Censum</em></span> <span class='ocrx_word' id='word_1_56' title='bbox 1198 551 1356 602; x_wconf 88' lang='lat' dir='ltr'><em>primus</em></span> <span class='ocrx_word' id='word_1_57' title='bbox 1383 550 1470 602; x_wconf 73' lang='lat' dir='ltr'><em>eqit.</em></span> <span class='ocrx_word' id='word_1_58' title='bbox 1531 548 1725 587; x_wconf 81' lang='lat' dir='ltr'><em>Lustrum</em></span> <span class='ocrx_word' id='word_1_59' title='bbox 1746 563 1837 588; x_wconf 90' lang='lat' dir='ltr'><em>con-</em></span> 
     </span>
     <span class='ocr_line' id='line_1_8' title="bbox 455 606 1832 661; baseline -0.001 -15"><span class='ocrx_word' id='word_1_60' title='bbox 455 607 568 655; x_wconf 87' lang='lat' dir='ltr'><em>didit,</em></span> <span class='ocrx_word' id='word_1_61' title='bbox 595 621 670 661; x_wconf 91' lang='lat' dir='ltr'><em>quo</em></span> <span class='ocrx_word' id='word_1_62' title='bbox 696 609 838 646; x_wconf 83' lang='lat' dir='ltr'><em>civium</em></span> <span class='ocrx_word' id='word_1_63' title='bbox 866 608 999 660; x_wconf 84' lang='lat' dir='ltr'><em>capita</em></span> <span class='ocrx_word' id='word_1_64' title='bbox 1027 621 1141 645; x_wconf 87' lang='lat' dir='ltr'><em>censa</em></span> <span class='ocrx_word' id='word_1_65' title='bbox 1169 607 1363 660; x_wconf 71' lang='lat' dir='ltr'><em>octoqinta</em></span> <span class='ocrx_word' id='word_1_66' title='bbox 1392 606 1517 645; x_wconf 85' lang='lat' dir='ltr'><em>millia</em></span> <span class='ocrx_word' id='word_1_67' title='bbox 1538 620 1616 645; x_wconf 87' lang='lat' dir='ltr'><em>esse</em></span> <span class='ocrx_word' id='word_1_68' title='bbox 1635 606 1832 645; x_wconf 88' lang='lat' dir='ltr'><em>dicuntur.</em></span> 
     </span>
     <span class='ocr_line' id='line_1_9' title="bbox 464 663 1837 718; baseline 0 -15"><span class='ocrx_word' id='word_1_69' title='bbox 464 664 616 704; x_wconf 83' lang='lat' dir='ltr'><em>Classes</em></span> <span class='ocrx_word' id='word_1_70' title='bbox 637 667 908 718; x_wconf 77' lang='lat' dir='ltr'><em>centuriasque</em></span> <span class='ocrx_word' id='word_1_71' title='bbox 928 665 1143 717; x_wconf 75' lang='lat' dir='ltr'><em>descripsit.</em></span> <span class='ocrx_word' id='word_1_72' title='bbox 1199 663 1447 703; x_wconf 87' lang='lat' dir='ltr'><em>Pomoerium</em></span> <span class='ocrx_word' id='word_1_73' title='bbox 1462 663 1643 717; x_wconf 87' lang='lat' dir='ltr'><em>protulit.</em></span> <span class='ocrx_word' id='word_1_74' title='bbox 1712 663 1837 704; x_wconf 86' lang='lat' dir='ltr'><em>Colles</em></span> 
     </span>
     <span class='ocr_line' id='line_1_10' title="bbox 456 721 1838 775; baseline -0.001 -14"><span class='ocrx_word' id='word_1_75' title='bbox 456 722 556 770; x_wconf 90' lang='lat' dir='ltr'><em>urbi,</em></span> <span class='ocrx_word' id='word_1_76' title='bbox 588 722 847 771; x_wconf 76' lang='lat' dir='ltr'><em>Quirinalem,</em></span> <span class='ocrx_word' id='word_1_77' title='bbox 882 721 1126 769; x_wconf 61' lang='lat' dir='ltr'><em>Viminaleim</em></span> <span class='ocrx_word' id='word_1_78' title='bbox 1148 721 1479 775; x_wconf 84' lang='lat' dir='ltr'><em>Esquilinumque</em></span> <span class='ocrx_word' id='word_1_79' title='bbox 1499 721 1650 760; x_wconf 82' lang='lat' dir='ltr'><em>adiecit.</em></span> <span class='ocrx_word' id='word_1_80' title='bbox 1721 721 1838 760; x_wconf 90' lang='lat' dir='ltr'><em>Tem-</em></span> 
     </span>
     <span class='ocr_line' id='line_1_11' title="bbox 448 779 1837 832; baseline 0 -14"><span class='ocrx_word' id='word_1_81' title='bbox 448 779 564 832; x_wconf 88' lang='lat' dir='ltr'><em>plum</em></span> <span class='ocrx_word' id='word_1_82' title='bbox 585 780 750 818; x_wconf 87' lang='lat' dir='ltr'><em>Dianae</em></span> <span class='ocrx_word' id='word_1_83' title='bbox 770 793 857 818; x_wconf 84' lang='lat' dir='ltr'><em>cum</em></span> <span class='ocrx_word' id='word_1_84' title='bbox 878 779 1038 818; x_wconf 89' lang='lat' dir='ltr'><em>Latinis</em></span> <span class='ocrx_word' id='word_1_85' title='bbox 1059 780 1100 818; x_wconf 88' lang='lat' dir='ltr'><em>in</em></span> <span class='ocrx_word' id='word_1_86' title='bbox 1114 779 1309 819; x_wconf 83' lang='lat' dir='ltr'><em>Aventino</em></span> <span class='ocrx_word' id='word_1_87' title='bbox 1318 780 1432 832; x_wconf 87' lang='lat' dir='ltr'><em>feeit.</em></span> <span class='ocrx_word' id='word_1_88' title='bbox 1480 779 1717 832; x_wconf 70' lang='lat' dir='ltr'><em>Interfectus</em></span> <span class='ocrx_word' id='word_1_89' title='bbox 1736 785 1793 818; x_wconf 88' lang='lat' dir='ltr'><em>est</em></span> <span class='ocrx_word' id='word_1_90' title='bbox 1810 794 1837 818; x_wconf 89' lang='lat' dir='ltr'><em>a</em></span> 
     </span>
     <span class='ocr_line' id='line_1_12' title="bbox 455 836 1836 891; baseline -0.001 -15"><span class='ocrx_word' id='word_1_91' title='bbox 455 837 505 876; x_wconf 90' lang='lat' dir='ltr'><em>L.</em></span> <span class='ocrx_word' id='word_1_92' title='bbox 540 837 773 891; x_wconf 87' lang='lat' dir='ltr'><em>Tarquinio,</em></span> <span class='ocrx_word' id='word_1_93' title='bbox 802 836 937 876; x_wconf 84' lang='lat' dir='ltr'><em>Prisci</em></span> <span class='ocrx_word' id='word_1_94' title='bbox 947 837 1056 888; x_wconf 87' lang='lat' dir='ltr'><em>filio,</em></span> <span class='ocrx_word' id='word_1_95' title='bbox 1080 837 1236 876; x_wconf 83' lang='lat' dir='ltr'><em>consilio</em></span> <span class='ocrx_word' id='word_1_96' title='bbox 1245 837 1367 888; x_wconf 85' lang='lat' dir='ltr'><em>filiae</em></span> <span class='ocrx_word' id='word_1_97' title='bbox 1394 851 1488 875; x_wconf 90' lang='lat' dir='ltr'><em>suae</em></span> <span class='ocrx_word' id='word_1_98' title='bbox 1518 837 1687 884; x_wconf 88' lang='lat' dir='ltr'><em>Tulliae,</em></span> <span class='ocrx_word' id='word_1_99' title='bbox 1716 851 1836 890; x_wconf 87' lang='lat' dir='ltr'><em>quum</em></span> 
     </span>
     <span class='ocr_line' id='line_1_13' title="bbox 454 894 1836 960; baseline 0 -27"><span class='ocrx_word' id='word_1_100' title='bbox 454 901 655 960; x_wconf 70' lang='lat' dir='ltr'><em>reqnasset</em></span> <span class='ocrx_word' id='word_1_101' title='bbox 682 909 805 934; x_wconf 88' lang='lat' dir='ltr'><em>annos</em></span> <span class='ocrx_word' id='word_1_102' title='bbox 834 895 1104 949; x_wconf 71' lang='lat' dir='ltr'><em>quadraqinta</em></span> <span class='ocrx_word' id='word_1_103' title='bbox 1133 900 1330 948; x_wconf 87' lang='lat' dir='ltr'><em>quattuor.</em></span> <span class='ocrx_word' id='word_1_104' title='bbox 1392 894 1490 933; x_wconf 88' lang='lat' dir='ltr'><em>Post</em></span> <span class='ocrx_word' id='word_1_105' title='bbox 1516 895 1621 934; x_wconf 81' lang='lat' dir='ltr'><em>lzunc</em></span> <span class='ocrx_word' id='word_1_106' title='bbox 1644 894 1695 934; x_wconf 89' lang='lat' dir='ltr'><em>L.</em></span> <span class='ocrx_word' id='word_1_107' title='bbox 1729 894 1836 934; x_wconf 92' lang='lat' dir='ltr'><em>Tar-</em></span> 
     </span>
     <span class='ocr_line' id='line_1_14' title="bbox 455 952 1836 1007; baseline 0.001 -16"><span class='ocrx_word' id='word_1_108' title='bbox 455 953 614 1006; x_wconf 79' lang='lat' dir='ltr'><em>quimus</em></span> <span class='ocrx_word' id='word_1_109' title='bbox 639 952 852 1007; x_wconf 80' lang='lat' dir='ltr'><em>Superbus,</em></span> <span class='ocrx_word' id='word_1_110' title='bbox 876 967 995 1006; x_wconf 87' lang='lat' dir='ltr'><em>neque</em></span> <span class='ocrx_word' id='word_1_111' title='bbox 1015 952 1200 999; x_wconf 71' lang='lat' dir='ltr'><em>Patruin,</em></span> <span class='ocrx_word' id='word_1_112' title='bbox 1223 967 1343 1006; x_wconf 83' lang='lat' dir='ltr'><em>neque</em></span> <span class='ocrx_word' id='word_1_113' title='bbox 1356 952 1499 1006; x_wconf 85' lang='lat' dir='ltr'><em>populi</em></span> <span class='ocrx_word' id='word_1_114' title='bbox 1523 953 1645 1000; x_wconf 87' lang='lat' dir='ltr'><em>iussu,</em></span> <span class='ocrx_word' id='word_1_115' title='bbox 1674 966 1836 1006; x_wconf 71' lang='lat' dir='ltr'><em>reynum</em></span> 
     </span>
     <span class='ocr_line' id='line_1_15' title="bbox 455 1009 1840 1076; baseline 0.001 -28"><span class='ocrx_word' id='word_1_116' title='bbox 455 1011 625 1049; x_wconf 81' lang='lat' dir='ltr'><em>invasit.-</em></span> <span class='ocrx_word' id='word_1_117' title='bbox 657 1025 733 1064; x_wconf 90' lang='lat' dir='ltr'><em>quo</em></span> <span class='ocrx_word' id='word_1_118' title='bbox 759 1010 820 1049; x_wconf 85' lang='lat' dir='ltr'><em>die</em></span> <span class='ocrx_word' id='word_1_119' title='bbox 851 1010 1039 1049; x_wconf 89' lang='lat' dir='ltr'><em>scelerata</em></span> <span class='ocrx_word' id='word_1_120' title='bbox 1079 1009 1216 1048; x_wconf 91' lang='lat' dir='ltr'><em>Tullia</em></span> <span class='ocrx_word' id='word_1_121' title='bbox 1239 1024 1316 1063; x_wconf 89' lang='lat' dir='ltr'><em>per</em></span> <span class='ocrx_word' id='word_1_122' title='bbox 1337 1011 1472 1063; x_wconf 86' lang='lat' dir='ltr'><em>patris</em></span> <span class='ocrx_word' id='word_1_123' title='bbox 1503 1011 1664 1049; x_wconf 86' lang='lat' dir='ltr'><em>iacentis</em></span> <span class='ocrx_word' id='word_1_124' title='bbox 1696 1024 1840 1076; x_wconf 82' lang='lat' dir='ltr'><em>corpus</em></span> 
     </span>
     <span class='ocr_line' id='line_1_16' title="bbox 456 1067 1840 1121; baseline 0.001 -15"><span class='ocrx_word' id='word_1_125' title='bbox 456 1074 686 1120; x_wconf 77' lang='lat' dir='ltr'><em>carpentum</em></span> <span class='ocrx_word' id='word_1_126' title='bbox 707 1069 793 1121; x_wconf 75' lang='lat' dir='ltr'><em>eqit.</em></span> <span class='ocrx_word' id='word_1_127' title='bbox 855 1067 1046 1106; x_wconf 81' lang='lat' dir='ltr'><em>Armatos</em></span> <span class='ocrx_word' id='word_1_128' title='bbox 1066 1069 1173 1106; x_wconf 86' lang='lat' dir='ltr'><em>circa</em></span> <span class='ocrx_word' id='word_1_129' title='bbox 1193 1081 1232 1105; x_wconf 90' lang='lat' dir='ltr'><em>se</em></span> <span class='ocrx_word' id='word_1_130' title='bbox 1252 1067 1308 1105; x_wconf 85' lang='lat' dir='ltr'><em>ad</em></span> <span class='ocrx_word' id='word_1_131' title='bbox 1331 1068 1547 1106; x_wconf 84' lang='lat' dir='ltr'><em>custodiam</em></span> <span class='ocrx_word' id='word_1_132' title='bbox 1575 1069 1748 1121; x_wconf 85' lang='lat' dir='ltr'><em>corporis</em></span> <span class='ocrx_word' id='word_1_133' title='bbox 1774 1069 1840 1107; x_wconf 84' lang='lat' dir='ltr'><em>sui</em></span> 
     </span>
     <span class='ocr_line' id='line_1_17' title="bbox 455 1124 1879 1176; baseline 0 -13"><span class='ocrx_word' id='word_1_134' title='bbox 455 1125 603 1164; x_wconf 74' lang='lat' dir='ltr'><em>habuit.</em></span> <span class='ocrx_word' id='word_1_135' title='bbox 675 1125 858 1164; x_wconf 87' lang='lat' dir='ltr'><em>Turnum</em></span> <span class='ocrx_word' id='word_1_136' title='bbox 879 1125 1127 1163; x_wconf 83' lang='lat' dir='ltr'><em>Herdonium</em></span> <span class='ocrx_word' id='word_1_137' title='bbox 1137 1124 1293 1176; x_wconf 86' lang='lat' dir='ltr'><em>fraude</em></span> <span class='ocrx_word' id='word_1_138' title='bbox 1313 1125 1515 1164; x_wconf 81' lang='lat' dir='ltr'><em>interemit.</em></span> <span class='ocrx_word' id='word_1_139' title='bbox 1568 1125 1727 1164; x_wconf 90' lang='lat' dir='ltr'><em>Bellum</em></span> <span class='ocrx_word' id='word_1_140' title='bbox 1748 1140 1836 1165; x_wconf 87' lang='lat' dir='ltr'><em>cum</em></span> <span class='ocrx_word' id='word_1_141' title='bbox 1877 1159 1879 1163; x_wconf 94' lang='lat'><em>.</em></span> 
     </span>
     <span class='ocr_line' id='line_1_18' title="bbox 468 1181 1837 1237; baseline 0.001 -16"><span class='ocrx_word' id='word_1_142' title='bbox 468 1182 614 1221; x_wconf 79' lang='lat' dir='ltr'><em>Volscis</em></span> <span class='ocrx_word' id='word_1_143' title='bbox 629 1184 771 1235; x_wconf 69' lang='lat' dir='ltr'><em>yessit3</em></span> <span class='ocrx_word' id='word_1_144' title='bbox 800 1188 836 1221; x_wconf 89' lang='lat' dir='ltr'><em>et</em></span> <span class='ocrx_word' id='word_1_145' title='bbox 855 1197 899 1220; x_wconf 71' lang='lat' dir='ltr'><em>esc</em></span> <span class='ocrx_word' id='word_1_146' title='bbox 919 1196 1050 1221; x_wconf 86' lang='lat' dir='ltr'><em>eorum</em></span> <span class='ocrx_word' id='word_1_147' title='bbox 1071 1181 1229 1235; x_wconf 86' lang='lat' dir='ltr'><em>praeda</em></span> <span class='ocrx_word' id='word_1_148' title='bbox 1254 1181 1439 1234; x_wconf 86' lang='lat' dir='ltr'><em>templum</em></span> <span class='ocrx_word' id='word_1_149' title='bbox 1460 1182 1548 1221; x_wconf 85' lang='lat' dir='ltr'><em>Iovi</em></span> <span class='ocrx_word' id='word_1_150' title='bbox 1573 1183 1614 1222; x_wconf 90' lang='lat' dir='ltr'><em>in</em></span> <span class='ocrx_word' id='word_1_151' title='bbox 1643 1181 1837 1237; x_wconf 90' lang='lat' dir='ltr'><em>Capitolio</em></span> 
     </span>
     <span class='ocr_line' id='line_1_19' title="bbox 442 1239 1838 1293; baseline 0.001 -14"><span class='ocrx_word' id='word_1_152' title='bbox 442 1240 558 1292; x_wconf 87' lang='lat' dir='ltr'><em>fecit.</em></span> <span class='ocrx_word' id='word_1_153' title='bbox 630 1240 839 1279; x_wconf 84' lang='lat' dir='ltr'><em>Terminus</em></span> <span class='ocrx_word' id='word_1_154' title='bbox 873 1246 910 1278; x_wconf 91' lang='lat' dir='ltr'><em>et</em></span> <span class='ocrx_word' id='word_1_155' title='bbox 944 1239 1131 1279; x_wconf 84' lang='lat' dir='ltr'><em>Iuventas</em></span> <span class='ocrx_word' id='word_1_156' title='bbox 1171 1253 1246 1278; x_wconf 84' lang='lat' dir='ltr'><em>non</em></span> <span class='ocrx_word' id='word_1_157' title='bbox 1286 1239 1494 1279; x_wconf 69' lang='lat' dir='ltr'><em>acldz‘oeere:</em></span> <span class='ocrx_word' id='word_1_158' title='bbox 1536 1254 1702 1293; x_wconf 86' lang='lat' dir='ltr'><em>quorum</em></span> <span class='ocrx_word' id='word_1_159' title='bbox 1740 1255 1838 1280; x_wconf 90' lang='lat' dir='ltr'><em>arae</em></span> 
     </span>
     <span class='ocr_line' id='line_1_20' title="bbox 456 1295 1836 1350; baseline 0.001 -14"><span class='ocrx_word' id='word_1_160' title='bbox 456 1299 601 1336; x_wconf 87' lang='lat' dir='ltr'><em>moveri</em></span> <span class='ocrx_word' id='word_1_161' title='bbox 624 1312 701 1336; x_wconf 88' lang='lat' dir='ltr'><em>non</em></span> <span class='ocrx_word' id='word_1_162' title='bbox 718 1303 942 1350; x_wconf 90' lang='lat' dir='ltr'><em>potuerunt.</em></span> <span class='ocrx_word' id='word_1_163' title='bbox 1015 1296 1116 1336; x_wconf 87' lang='lat' dir='ltr'><em>Filii</em></span> <span class='ocrx_word' id='word_1_164' title='bbox 1140 1295 1227 1335; x_wconf 66' lang='lat' dir='ltr'><em>Sex.</em></span> <span class='ocrx_word' id='word_1_165' title='bbox 1261 1296 1477 1350; x_wconf 88' lang='lat' dir='ltr'><em>Tarquinii</em></span> <span class='ocrx_word' id='word_1_166' title='bbox 1499 1297 1586 1337; x_wconf 87' lang='lat' dir='ltr'><em>dolo</em></span> <span class='ocrx_word' id='word_1_167' title='bbox 1619 1297 1768 1338; x_wconf 85' lang='lat' dir='ltr'><em>Gabios</em></span> <span class='ocrx_word' id='word_1_168' title='bbox 1794 1299 1836 1338; x_wconf 86' lang='lat' dir='ltr'><em>in</em></span> 
     </span>
     <span class='ocr_line' id='line_1_21' title="bbox 448 1354 1839 1409; baseline 0.001 -15"><span class='ocrx_word' id='word_1_169' title='bbox 448 1361 680 1408; x_wconf 88' lang='lat' dir='ltr'><em>potestatem</em></span> <span class='ocrx_word' id='word_1_170' title='bbox 710 1369 823 1394; x_wconf 85' lang='lat' dir='ltr'><em>suam</em></span> <span class='ocrx_word' id='word_1_171' title='bbox 854 1355 1010 1408; x_wconf 71' lang='lat' dir='ltr'><em>redeyit.</em></span> <span class='ocrx_word' id='word_1_172' title='bbox 1071 1354 1211 1393; x_wconf 86' lang='lat' dir='ltr'><em>Huius</em></span> <span class='ocrx_word' id='word_1_173' title='bbox 1227 1354 1336 1405; x_wconf 86' lang='lat' dir='ltr'><em>filiis</em></span> <span class='ocrx_word' id='word_1_174' title='bbox 1364 1354 1543 1408; x_wconf 77' lang='lat' dir='ltr'><em>Delphos</em></span> <span class='ocrx_word' id='word_1_175' title='bbox 1569 1356 1771 1409; x_wconf 75' lang='lat' dir='ltr'><em>projectis,</em></span> <span class='ocrx_word' id='word_1_176' title='bbox 1801 1362 1839 1396; x_wconf 89' lang='lat' dir='ltr'><em>et</em></span> 
     </span>
     <span class='ocr_line' id='line_1_22' title="bbox 455 1412 1835 1466; baseline 0.001 -15"><span class='ocrx_word' id='word_1_177' title='bbox 455 1412 750 1460; x_wconf 85' lang='lat' dir='ltr'><em>consulentibus,</em></span> <span class='ocrx_word' id='word_1_178' title='bbox 777 1413 863 1466; x_wconf 87' lang='lat' dir='ltr'><em>quis</em></span> <span class='ocrx_word' id='word_1_179' title='bbox 883 1426 1014 1451; x_wconf 88' lang='lat' dir='ltr'><em>eorum</em></span> <span class='ocrx_word' id='word_1_180' title='bbox 1035 1417 1273 1464; x_wconf 72' lang='lat' dir='ltr'><em>reqnaturus</em></span> <span class='ocrx_word' id='word_1_181' title='bbox 1297 1418 1393 1451; x_wconf 87' lang='lat' dir='ltr'><em>esset</em></span> <span class='ocrx_word' id='word_1_182' title='bbox 1411 1413 1574 1461; x_wconf 85' lang='lat' dir='ltr'><em>Romae,</em></span> <span class='ocrx_word' id='word_1_183' title='bbox 1597 1413 1744 1454; x_wconf 84' lang='lat' dir='ltr'><em>dictum</em></span> <span class='ocrx_word' id='word_1_184' title='bbox 1767 1419 1835 1462; x_wconf 84' lang='lat' dir='ltr'><em>est,</em></span> 
     </span>
     <span class='ocr_line' id='line_1_23' title="bbox 455 1470 1839 1524; baseline 0.003 -16"><span class='ocrx_word' id='word_1_185' title='bbox 455 1485 541 1510; x_wconf 88' lang='lat' dir='ltr'><em>eum</em></span> <span class='ocrx_word' id='word_1_186' title='bbox 562 1476 832 1523; x_wconf 72' lang='lat' dir='ltr'><em>reynaturum,</em></span> <span class='ocrx_word' id='word_1_187' title='bbox 858 1471 927 1524; x_wconf 90' lang='lat' dir='ltr'><em>qui</em></span> <span class='ocrx_word' id='word_1_188' title='bbox 949 1470 1105 1522; x_wconf 83' lang='lat' dir='ltr'><em>primus</em></span> <span class='ocrx_word' id='word_1_189' title='bbox 1129 1474 1294 1508; x_wconf 85' lang='lat' dir='ltr'><em>matrem</em></span> <span class='ocrx_word' id='word_1_190' title='bbox 1319 1470 1516 1510; x_wconf 88' lang='lat' dir='ltr'><em>osculatus</em></span> <span class='ocrx_word' id='word_1_191' title='bbox 1543 1476 1649 1510; x_wconf 87' lang='lat' dir='ltr'><em>esset.</em></span> <span class='ocrx_word' id='word_1_192' title='bbox 1719 1470 1839 1521; x_wconf 77' lang='lat' dir='ltr'><em>Quod</em></span> 
     </span>
     <span class='ocr_line' id='line_1_24' title="bbox 454 1526 1834 1581; baseline 0.001 -14"><span class='ocrx_word' id='word_1_193' title='bbox 454 1542 680 1581; x_wconf 88' lang='lat' dir='ltr'><em>responsum</em></span> <span class='ocrx_word' id='word_1_194' title='bbox 707 1542 827 1581; x_wconf 86' lang='lat' dir='ltr'><em>quum</em></span> <span class='ocrx_word' id='word_1_195' title='bbox 854 1528 931 1580; x_wconf 85' lang='lat' dir='ltr'><em>ipsi</em></span> <span class='ocrx_word' id='word_1_196' title='bbox 961 1527 1076 1566; x_wconf 86' lang='lat' dir='ltr'><em>aliter</em></span> <span class='ocrx_word' id='word_1_197' title='bbox 1100 1528 1463 1580; x_wconf 81' lang='lat' dir='ltr'><em>interpretarentur,</em></span> <span class='ocrx_word' id='word_1_198' title='bbox 1498 1526 1641 1568; x_wconf 87' lang='lat' dir='ltr'><em>Iunius</em></span> <span class='ocrx_word' id='word_1_199' title='bbox 1663 1527 1834 1578; x_wconf 80' lang='lat' dir='ltr'><em>Brutus,</em></span> 
     </span>
     <span class='ocr_line' id='line_1_25' title="bbox 453 1584 1835 1639; baseline 0.001 -15"><span class='ocrx_word' id='word_1_200' title='bbox 453 1587 523 1639; x_wconf 88' lang='lat' dir='ltr'><em>qui</em></span> <span class='ocrx_word' id='word_1_201' title='bbox 541 1600 629 1625; x_wconf 88' lang='lat' dir='ltr'><em>cum</em></span> <span class='ocrx_word' id='word_1_202' title='bbox 650 1586 698 1624; x_wconf 90' lang='lat' dir='ltr'><em>iis</em></span> <span class='ocrx_word' id='word_1_203' title='bbox 716 1586 920 1638; x_wconf 86' lang='lat' dir='ltr'><em>profectus</em></span> <span class='ocrx_word' id='word_1_204' title='bbox 947 1590 1045 1632; x_wconf 87' lang='lat' dir='ltr'><em>erat,</em></span> <span class='ocrx_word' id='word_1_205' title='bbox 1068 1584 1304 1637; x_wconf 83' lang='lat' dir='ltr'><em>prolapsum</em></span> <span class='ocrx_word' id='word_1_206' title='bbox 1328 1599 1367 1623; x_wconf 93' lang='lat' dir='ltr'><em>se</em></span> <span class='ocrx_word' id='word_1_207' title='bbox 1390 1585 1602 1633; x_wconf 86' lang='lat' dir='ltr'><em>simulavit,</em></span> <span class='ocrx_word' id='word_1_208' title='bbox 1629 1592 1666 1625; x_wconf 89' lang='lat' dir='ltr'><em>et</em></span> <span class='ocrx_word' id='word_1_209' title='bbox 1688 1591 1835 1626; x_wconf 89' lang='lat' dir='ltr'><em>terram</em></span> 
     </span>
     <span class='ocr_line' id='line_1_26' title="bbox 453 1642 1836 1696; baseline 0.002 -15"><span class='ocrx_word' id='word_1_210' title='bbox 453 1643 651 1683; x_wconf 88' lang='lat' dir='ltr'><em>osculatus</em></span> <span class='ocrx_word' id='word_1_211' title='bbox 671 1649 745 1682; x_wconf 86' lang='lat' dir='ltr'><em>est:</em></span> <span class='ocrx_word' id='word_1_212' title='bbox 768 1643 1055 1696; x_wconf 83' lang='lat' dir='ltr'><em>idquefactum</em></span> <span class='ocrx_word' id='word_1_213' title='bbox 1075 1643 1156 1681; x_wconf 80' lang='lat' dir='ltr'><em>eius</em></span> <span class='ocrx_word' id='word_1_214' title='bbox 1177 1648 1332 1682; x_wconf 84' lang='lat' dir='ltr'><em>eventus</em></span> <span class='ocrx_word' id='word_1_215' title='bbox 1347 1643 1405 1681; x_wconf 88' lang='lat' dir='ltr'><em>rei</em></span> <span class='ocrx_word' id='word_1_216' title='bbox 1416 1644 1690 1696; x_wconf 83' lang='lat' dir='ltr'><em>comprobavit.</em></span> <span class='ocrx_word' id='word_1_217' title='bbox 1723 1642 1836 1684; x_wconf 87' lang='lat' dir='ltr'><em>Nam</em></span> 
     </span>
     <span class='ocr_line' id='line_1_27' title="bbox 455 1699 1835 1754; baseline 0.001 -14"><span class='ocrx_word' id='word_1_218' title='bbox 455 1715 587 1754; x_wconf 86' lang='lat' dir='ltr'><em>quum,</em></span> <span class='ocrx_word' id='word_1_219' title='bbox 612 1702 841 1754; x_wconf 85' lang='lat' dir='ltr'><em>impotenter</em></span> <span class='ocrx_word' id='word_1_220' title='bbox 866 1715 905 1738; x_wconf 85' lang='lat' dir='ltr'><em>se</em></span> <span class='ocrx_word' id='word_1_221' title='bbox 924 1700 1105 1754; x_wconf 69' lang='lat' dir='ltr'><em>yerendo,</em></span> <span class='ocrx_word' id='word_1_222' title='bbox 1138 1699 1386 1753; x_wconf 80' lang='lat' dir='ltr'><em>Tarquinius</em></span> <span class='ocrx_word' id='word_1_223' title='bbox 1412 1699 1613 1754; x_wconf 84' lang='lat' dir='ltr'><em>Superbus</em></span> <span class='ocrx_word' id='word_1_224' title='bbox 1637 1715 1766 1741; x_wconf 90' lang='lat' dir='ltr'><em>omnes</em></span> <span class='ocrx_word' id='word_1_225' title='bbox 1792 1703 1835 1741; x_wconf 85' lang='lat' dir='ltr'><em>in</em></span> 
     </span>
     <span class='ocr_line' id='line_1_28' title="bbox 456 1757 1835 1812; baseline 0.001 -15"><span class='ocrx_word' id='word_1_226' title='bbox 456 1758 586 1798; x_wconf 86' lang='lat' dir='ltr'><em>odium</em></span> <span class='ocrx_word' id='word_1_227' title='bbox 606 1759 670 1798; x_wconf 86' lang='lat' dir='ltr'><em>sui</em></span> <span class='ocrx_word' id='word_1_228' title='bbox 693 1758 943 1805; x_wconf 50' lang='lat' dir='ltr'><em>adduxissem</em></span> <span class='ocrx_word' id='word_1_229' title='bbox 969 1757 1026 1797; x_wconf 89' lang='lat' dir='ltr'><em>ad</em></span> <span class='ocrx_word' id='word_1_230' title='bbox 1050 1757 1242 1804; x_wconf 80' lang='lat' dir='ltr'><em>ultimum,</em></span> <span class='ocrx_word' id='word_1_231' title='bbox 1262 1763 1428 1811; x_wconf 89' lang='lat' dir='ltr'><em>propter</em></span> <span class='ocrx_word' id='word_1_232' title='bbox 1455 1765 1720 1812; x_wconf 71' lang='lat' dir='ltr'><em>eoepuynatam</em></span> <span class='ocrx_word' id='word_1_233' title='bbox 1744 1773 1835 1799; x_wconf 88' lang='lat' dir='ltr'><em>noc-</em></span> 
     </span>
     <span class='ocr_line' id='line_1_29' title="bbox 454 1814 1835 1870; baseline 0.001 -16"><span class='ocrx_word' id='word_1_234' title='bbox 454 1822 575 1856; x_wconf 89' lang='lat' dir='ltr'><em>turna</em></span> <span class='ocrx_word' id='word_1_235' title='bbox 595 1817 636 1855; x_wconf 89' lang='lat' dir='ltr'><em>vi</em></span> <span class='ocrx_word' id='word_1_236' title='bbox 654 1831 679 1854; x_wconf 88' lang='lat' dir='ltr'><em>a</em></span> <span class='ocrx_word' id='word_1_237' title='bbox 705 1815 821 1855; x_wconf 71' lang='lat' dir='ltr'><em>Sexto</em></span> <span class='ocrx_word' id='word_1_238' title='bbox 830 1815 927 1867; x_wconf 84' lang='lat' dir='ltr'><em>filio</em></span> <span class='ocrx_word' id='word_1_239' title='bbox 953 1817 1034 1855; x_wconf 84' lang='lat' dir='ltr'><em>eius</em></span> <span class='ocrx_word' id='word_1_240' title='bbox 1054 1814 1265 1854; x_wconf 85' lang='lat' dir='ltr'><em>Lucretiae</em></span> <span class='ocrx_word' id='word_1_241' title='bbox 1280 1814 1673 1870; x_wconf 80' lang='lat' dir='ltr'><em>pudicitiam&#39;(quae,</em></span> <span class='ocrx_word' id='word_1_242' title='bbox 1699 1823 1835 1857; x_wconf 88' lang='lat' dir='ltr'><em>vocato</em></span> 
     </span>
     <span class='ocr_line' id='line_1_30' title="bbox 448 1872 1834 1927; baseline 0.001 -15"><span class='ocrx_word' id='word_1_243' title='bbox 448 1879 568 1927; x_wconf 88' lang='lat' dir='ltr'><em>patre</em></span> <span class='ocrx_word' id='word_1_244' title='bbox 595 1874 651 1912; x_wconf 88' lang='lat' dir='ltr'><em>ad</em></span> <span class='ocrx_word' id='word_1_245' title='bbox 672 1888 711 1912; x_wconf 88' lang='lat' dir='ltr'><em>se</em></span> <span class='ocrx_word' id='word_1_246' title='bbox 740 1874 976 1926; x_wconf 84' lang='lat' dir='ltr'><em>Tricipitino</em></span> <span class='ocrx_word' id='word_1_247' title='bbox 1000 1879 1035 1912; x_wconf 84' lang='lat' dir='ltr'><em>et</em></span> <span class='ocrx_word' id='word_1_248' title='bbox 1059 1874 1143 1911; x_wconf 86' lang='lat' dir='ltr'><em>viro</em></span> <span class='ocrx_word' id='word_1_249' title='bbox 1171 1872 1377 1921; x_wconf 86' lang='lat' dir='ltr'><em>Collatino,</em></span> <span class='ocrx_word' id='word_1_250' title='bbox 1407 1874 1609 1922; x_wconf 88' lang='lat' dir='ltr'><em>obtestata,</em></span> <span class='ocrx_word' id='word_1_251' title='bbox 1636 1888 1683 1913; x_wconf 86' lang='lat' dir='ltr'><em>ne</em></span> <span class='ocrx_word' id='word_1_252' title='bbox 1705 1874 1834 1914; x_wconf 82' lang='lat' dir='ltr'><em>inulta</em></span> 
     </span>
     <span class='ocr_line' id='line_1_31' title="bbox 455 1927 1834 1985; baseline 0.001 -15"><span class='ocrx_word' id='word_1_253' title='bbox 455 1945 559 1970; x_wconf 88' lang='lat' dir='ltr'><em>mors</em></span> <span class='ocrx_word' id='word_1_254' title='bbox 583 1933 665 1971; x_wconf 83' lang='lat' dir='ltr'><em>eius</em></span> <span class='ocrx_word' id='word_1_255' title='bbox 689 1937 794 1979; x_wconf 87' lang='lat' dir='ltr'><em>esset,</em></span> <span class='ocrx_word' id='word_1_256' title='bbox 827 1931 952 1971; x_wconf 90' lang='lat' dir='ltr'><em>cultro</em></span> <span class='ocrx_word' id='word_1_257' title='bbox 978 1945 1017 1969; x_wconf 87' lang='lat' dir='ltr'><em>se</em></span> <span class='ocrx_word' id='word_1_258' title='bbox 1040 1927 1252 1984; x_wconf 84' lang='lat' dir='ltr'><em>interemit)</em></span> <span class='ocrx_word' id='word_1_259' title='bbox 1279 1930 1407 1970; x_wconf 86' lang='lat' dir='ltr'><em>Bruti</em></span> <span class='ocrx_word' id='word_1_260' title='bbox 1434 1946 1553 1985; x_wconf 91' lang='lat' dir='ltr'><em>opera</em></span> <span class='ocrx_word' id='word_1_261' title='bbox 1580 1933 1747 1971; x_wconf 74' lang='lat' dir='ltr'><em>maxime</em></span> <span class='ocrx_word' id='word_1_262' title='bbox 1769 1947 1834 1971; x_wconf 74' lang='lat' dir='ltr'><em>ex-</em></span> 
     </span>
     <span class='ocr_line' id='line_1_32' title="bbox 447 1989 1834 2043; baseline 0 -15"><span class='ocrx_word' id='word_1_263' title='bbox 447 1989 591 2042; x_wconf 86' lang='lat' dir='ltr'><em>pulsus</em></span> <span class='ocrx_word' id='word_1_264' title='bbox 630 1995 696 2037; x_wconf 86' lang='lat' dir='ltr'><em>est,</em></span> <span class='ocrx_word' id='word_1_265' title='bbox 738 2003 857 2043; x_wconf 86' lang='lat' dir='ltr'><em>quum</em></span> <span class='ocrx_word' id='word_1_266' title='bbox 889 1994 1089 2042; x_wconf 67' lang='lat' dir='ltr'><em>reynasset</em></span> <span class='ocrx_word' id='word_1_267' title='bbox 1118 2002 1243 2027; x_wconf 89' lang='lat' dir='ltr'><em>annos</em></span> <span class='ocrx_word' id='word_1_268' title='bbox 1277 1989 1418 2042; x_wconf 70' lang='lat' dir='ltr'><em>viqinti</em></span> <span class='ocrx_word' id='word_1_269' title='bbox 1455 1990 1635 2043; x_wconf 87' lang='lat' dir='ltr'><em>quinque.</em></span> <span class='ocrx_word' id='word_1_270' title='bbox 1718 1989 1834 2030; x_wconf 90' lang='lat' dir='ltr'><em>Tunc</em></span> 
     </span>
     <span class='ocr_line' id='line_1_33' title="bbox 454 2044 1833 2102; baseline 0.002 -18"><span class='ocrx_word' id='word_1_271' title='bbox 454 2046 626 2086; x_wconf 88' lang='lat' dir='ltr'><em>consules</em></span> <span class='ocrx_word' id='word_1_272' title='bbox 640 2048 818 2100; x_wconf 85' lang='lat' dir='ltr'><em>primum</em></span> <span class='ocrx_word' id='word_1_273' title='bbox 839 2047 963 2086; x_wconf 86' lang='lat' dir='ltr'><em>creati</em></span> <span class='ocrx_word' id='word_1_274' title='bbox 984 2051 1078 2086; x_wconf 88' lang='lat' dir='ltr'><em>sunt</em></span> <span class='ocrx_word' id='word_1_275' title='bbox 1095 2044 1146 2085; x_wconf 92' lang='lat' dir='ltr'><em>L.</em></span> <span class='ocrx_word' id='word_1_276' title='bbox 1171 2045 1313 2086; x_wconf 84' lang='lat' dir='ltr'><em>Iunius</em></span> <span class='ocrx_word' id='word_1_277' title='bbox 1334 2046 1492 2088; x_wconf 83' lang='lat' dir='ltr'><em>Brutus</em></span> <span class='ocrx_word' id='word_1_278' title='bbox 1518 2053 1555 2087; x_wconf 87' lang='lat' dir='ltr'><em>et</em></span> <span class='ocrx_word' id='word_1_279' title='bbox 1573 2046 1624 2087; x_wconf 92' lang='lat' dir='ltr'><em>L.</em></span> <span class='ocrx_word' id='word_1_280' title='bbox 1658 2047 1833 2102; x_wconf 85' lang='lat' dir='ltr'><em>Tarqui-</em></span> 
     </span>
     <span class='ocr_line' id='line_1_34' title="bbox 453 2103 792 2144; baseline 0 -1"><span class='ocrx_word' id='word_1_281' title='bbox 453 2105 543 2144; x_wconf 86' lang='lat' dir='ltr'><em>nius</em></span> <span class='ocrx_word' id='word_1_282' title='bbox 563 2103 792 2144; x_wconf 80' lang='lat' dir='ltr'><em>Collatinus.</em></span> 
     </span>
    </p>
   </div>
  </div>
 </body>
</html>
