1934 3211
235 313 420 354 U..Cz76.

233 356 422 398 A.C..476

236 768 329 801 Caesi
337 780 356 800 a
363 768 438 800 Vei-

236 813 371 844 entibus.

307 1806 374 1845 51.

963 208 1112 251 ΤΙΤΙ
1147 208 1325 250 LIVII

448 318 523 345 sua
542 301 698 343 invicta
718 316 833 343 arma
859 316 997 357 neque
1018 300 1110 341 loco
1131 316 1269 356 neque
1300 308 1486 356 tempore
1508 299 1594 341 ullo
1615 297 1835 341 crederent

449 360 643 403 sustineri
682 375 813 416 posse.
895 357 1014 400 Haec
1055 373 1147 414 spes
1186 359 1391 424 provexit,
1434 366 1479 399 ut
1520 357 1574 399 ad
1612 365 1836 413 conspecta

448 417 595 475 procul
625 433 649 458 a
681 416 882 458 Cremera
908 431 1059 472 magno
1090 416 1227 472 campi
1254 415 1471 457 intervallo
1501 430 1653 472 pecora
1681 414 1836 472 (quan-

449 491 575 532 quam
615 490 706 516 rara
743 475 927 516 hostium
967 474 1221 530 apparebant
1261 472 1394 527 aima)
1434 473 1715 514 decurrerent.
1779 471 1837 513 Et

450 549 581 590 quum
597 532 819 589 improvidi
837 533 966 572 effuso
983 547 1056 572 cui
1058 547 1105 571 su
1126 531 1296 572 insidias
1312 547 1372 572 cu
1374 547 1421 572 ca
1436 531 1572 587 ipsum
1586 531 1665 572 iter
1683 530 1838 572 locatas

451 599 726 648 superassent,
758 589 967 653 palatique
1000 588 1150 644 passim
1181 604 1296 644 vaga,
1331 599 1380 630 ut
1407 589 1455 629 fit
1484 604 1636 653 pavore
1666 588 1835 637 iniecto,

451 658 644 705 raperent
668 662 844 704 pecora;
877 646 1013 687 subito
1042 661 1094 686 ex
1122 645 1282 686 insidiis
1310 646 1585 702 consurgitur,
1609 653 1651 686 et
1675 645 1839 686 adversi

451 715 494 747 et
520 706 708 761 undique
737 705 876 745 hostes
909 712 1036 744 013111.
1098 702 1241 744 Primo
1278 703 1433 744 clamor
1461 680 1729 744 circumlatus
1763 717 1838 744 ex-

452 764 622 811 terruit3
655 762 755 803 dein
776 761 859 802 tela
880 762 930 802 ab
947 761 1062 801 omni
1077 769 1192 826 parte
1210 761 1472 802 accidebant:
1505 761 1837 826 coeuntibusque

453 820 650 885 Etruscis,
687 819 769 859 13111
806 818 1039 859 continenti
1075 819 1239 874 agmine
1280 827 1532 860 armatorum
1571 818 1715 875 saepti,
1753 833 1838 883 quo

451 878 581 934 magis
602 893 643 918 se
666 876 795 918 hostis
817 877 924 917 infer
926 877 1032 926 ebat,
1056 877 1312 932 cogebantur
1332 877 1520 917 breviore
1541 876 1692 942 spatio·
1695 884 1739 917 et
1758 875 1838 932 ipsi

450 937 593 976 orbem
615 934 822 990 colligere.
888 934 1009 982 Quae
1031 949 1095 975 res
1117 944 1158 975 et
1178 935 1429 990 paucitatem
1451 949 1596 975 eorum
1617 934 1837 998 insignem,

451 1002 493 1034 et
510 992 823 1033 multitudinem
842 992 1125 1057 Etruscorum,
1141 992 1454 1048 multiplicatis
1445 1008 1488 1032 111
1502 1001 1591 1033 arto
1608 990 1838 1041 ordinibus,

451 1051 639 1092 faciebat.
717 1050 842 1100 Tum,
885 1050 1034 1091 omissa
1072 1065 1225 1106 pugna,
1267 1065 1393 1106 quam
1432 1050 1476 1090 in
1517 1065 1662 1091 omnes
1700 1056 1840 1105 partes

452 1123 595 1164 parem
628 1108 908 1157 intenderant,
942 1108 987 1148 in
1023 1123 1155 1148 unum
1188 1107 1327 1148 locum
1363 1123 1404 1148 se
1439 1123 1583 1149 omnes
1618 1106 1836 1148 inclinant.

454 1165 518 1207 Eo
549 1166 630 1207 nisi
655 1165 896 1222 corporibus
925 1165 1145 1221 armisque,
1172 1180 1321 1221 rupere
1353 1180 1487 1206 cuneo
1517 1166 1639 1207 viam.
1702 1164 1872 1211 Duxit9

453 1224 520 1264 via
540 1223 584 1264 in
606 1223 767 1265 editum
788 1223 939 1265 leniter
963 1222 1123 1264 collem.
1187 1222 1293 1264 Inde
1318 1223 1453 1279 primo
1480 1223 1692 1264 restitere:
1725 1237 1838 1272 mox,

453 1290 500 1322 ut
520 1281 752 1337 respirandi
772 1281 960 1337 superior
986 1281 1100 1321 locus
1121 1281 1301 1337 spatium
1328 1280 1458 1330 dedit,
1480 1280 1795 1337 recipiendique
1816 1295 1842 1321 a

452 1355 603 1395 pavore
627 1347 743 1380 tanto
760 1339 959 1388 animum,
982 1339 1182 1395 pepulere
1204 1338 1328 1380 etiam
1351 1339 1594 1380 subeuntes:
1627 1337 1840 1379 vincebat-

454 1412 536 1452 que
566 1396 721 1437 auxilio
749 1396 829 1437 1001
854 1396 1053 1461 paucitas,
1080 1397 1125 1436 ni
1152 1412 1249 1453 iugo
1278 1396 1583 1437 circummissus
1613 1395 1806 1437 Veiens
1795 1410 1841 1436 ln

452 1454 651 1495 verticem
672 1454 788 1495 collis
816 1454 1018 1495 evasisset.
1081 1453 1147 1495 Ita
1173 1455 1361 1510 superior
1380 1469 1520 1495 rursus
1546 1453 1675 1495 hostis
1694 1453 1839 1495 factus.

454 1511 571 1552 Fabii
599 1512 707 1553 caesi
738 1512 790 1552 ad
821 1526 953 1552 unum
981 1527 1138 1561 omnes,
1167 1512 1507 1567 praesidiumque
1538 1519 1837 1568 expugnatum.
1856 1555 1870 1576 Ι

454 1569 684 1610 Trecentos
705 1584 777 1610 sex
798 1570 952 1625 perisse
974 1570 1071 1610 satis
1087 1570 1305 1610 convenit:
1340 1585 1472 1610 unum
1492 1584 1622 1625 prope
1638 1569 1839 1625 puberem
1855 1598 1872 1619 2

453 1634 587 1668 aetate
627 1627 832 1676 relictum,
874 1627 1044 1682 stirpem
1083 1627 1199 1683 genti
1247 1627 1413 1677 Fabiae,
1455 1626 1676 1691 dubiisque
1717 1627 1874 1670 rebus3

453 1684 598 1740 populi
621 1684 802 1726 Romani
823 1700 944 1741 saepe
967 1684 1081 1725 domi
1108 1684 1289 1740 bellique
1307 1684 1373 1726 vel
1394 1684 1625 1725 maximum
1651 1684 1874 1725 futurum4

454 1742 670 1783 auxilium.

516 1799 662 1848 Quum
682 1799 785 1843 haec
813 1808 984 1857 accepta
1004 1799 1141 1841 clades
1169 1808 1288 1850 esset,
1311 1800 1392 1841 iam
1418 1798 1468 1841 C.
1493 1798 1695 1841 Horatius
1722 1806 1766 1840 et
1786 1798 1836 1840 T.
1855 1809 1874 1841 5

452 215 532 253 130

453 1856 680 1899 Menenius
720 1857 910 1899 consules
956 1866 1085 1899 erant.

495 2003 514 2034 9
537 1994 668 2033 Rupere
690 2003 789 2023 cuneo
812 1993 913 2030 viam]
950 2002 993 2023 sc.
1012 1992 1125 2023 Perru-

454 2046 540 2076 pere‚
563 2040 599 2066 ut
624 2046 774 2075 rumpere
800 2037 861 2066 iter
892 2034 947 2065 Sil.
973 2035 1049 2066 Ital.
1072 2045 1125 2066 xv.

457 2080 526 2119 781.
557 2089 706 2118 rumpere
733 2079 840 2108 aditus
867 2077 956 2117 Virg.
985 2078 1067 2109 Aen.
1093 2077 1124 2108 ii.

455 2132 527 2162 494.
573 2121 625 2151 De
641 2131 740 2151 cuneo
756 2121 795 2151 cf.
811 2121 883 2151 infr.
900 2120 976 2151 xxii.
994 2127 1043 2160 47.

502 2174 513 2194 1
539 2165 625 2194 Satis
640 2165 802 2201 convenit]
829 2163 894 2193 Hic
911 2173 979 2193 mos
995 2164 1125 2203 loquen-

456 2206 487 2236 di
508 2207 585 2246 quid
607 2206 694 2244 velit,
710 2210 844 2246 apparet
863 2216 903 2236 ex
926 2206 1005 2236 libro
1028 2206 1126 2236 xxvii.

457 2259 485 2280 0.
502 2251 522 2264 “
535 2253 567 2279 01
581 2249 725 2280 Priverni
739 2250 818 2280 satis
833 2250 995 2280 constabat
1010 2250 1125 2280 bovem

457 2293 635 2322 locutum.''

500 2345 516 2364 ‘z
546 2335 670 2372 Unum]
701 2334 799 2364 Hanc
822 2334 1035 2364 narrationem
1059 2333 1126 2364 iure

457 2377 579 2417 optimo
595 2377 744 2417 repudiat
760 2376 895 2407 Niebhr.
912 2376 966 2416 qui
984 2377 1128 2416 stirpem,

457 2419 481 2449 si
512 2421 608 2450 modo
637 2419 733 2450 unica
768 2423 860 2457 esset,
890 2419 976 2459 genti
1007 2419 1127 2450 Fabiae

457 2464 623 2493 Maluenti
638 2462 783 2492 relictam
799 2472 866 2492 esse
882 2465 985 2502 putat,
998 2466 1030 2492 et
1042 2465 1127 2501 post-

457 2515 496 2535 ea
521 2506 660 2536 Romam
684 2505 878 2544 remigrasse.
909 2504 948 2535 cf.
965 2505 1080 2535 Festus
1098 2515 1128 2535 v.

457 2549 643 2579 Numerius.
687 2548 781 2577 Solus
798 2547 985 2587 Dionysius,
995 2557 1076 2586 quae
1089 2547 1128 2577 de

458 2600 522 2620 uno
549 2590 717 2630 superstite
744 2590 845 2620 Fabio
873 2590 1034 2627 dicuntur,
1060 2594 1128 2620 tan-

459 2642 555 2663 quam
577 2632 740 2663 theatricis
762 2632 922 2672 figmentis
945 2632 1061 2663 similia
1082 2642 1128 2662 re-

458 2677 536 2713 iicit,
559 2675 634 2715 quia
657 2676 718 2715 ipsi
743 2675 810 2706 fieri
833 2675 963 2705 omnino
986 2685 1050 2705 non
1074 2685 1128 2715 po-

459 2717 555 2748 tuisse
585 2718 717 2755 videtur,
744 2722 780 2748 ut
807 2728 871 2748 non
895 2717 1084 2757 quibusdam
1111 2728 1129 2748 e

458 2761 607 2791 trecentis
625 2761 689 2791 illis
705 2760 813 2791 Fabiis
828 2764 884 2791 aut
899 2761 1011 2792 fratres
1024 2760 1127 2800 impu-

460 2802 548 2832 beres
564 2808 678 2841 essent,
694 2808 749 2834 aut
766 2803 833 2834 filii.

503 2853 520 2881 3
547 2846 653 2884 Prope
676 2847 845 2885 puberem]
887 2845 1010 2876 Παιδίον
1036 2849 1128 2876 vocat

459 2885 556 2915 Dion.
574 2886 616 2916 ix
636 2897 683 2917 22.
730 2888 828 2928 Atqui
850 2892 958 2919 tamen
975 2899 1049 2919 eum
1070 2899 1127 2919 un-

458 2928 583 2957 decimo
608 2933 678 2967 post
700 2940 784 2960 anno
804 2932 967 2961 consulem
985 2931 1129 2962 videmus

457 2970 548 3001 infr.
541 2970 581 3000 1ii.
598 2980 621 3001 1.
636 2971 720 3002 unde
734 2972 869 3004 efficitur
884 2983 958 3005 eum
970 2977 1083 3013 quarto
1096 2978 1127 3004 et

1167 1857 1395 1899 Menenius
1441 1857 1638 1899 adversus
1678 1856 1841 1898 Tuscos

1169 1991 1318 2022 vicesimo
1348 1991 1462 2024 aetatis
1490 2002 1575 2023 anno
1602 1993 1768 2023 consulem
1793 1992 1841 2024 fu-

1168 2034 1237 2065 isse.
1284 2035 1383 2071 Quod
1405 2035 1464 2066 etsi
1485 2045 1550 2065 non
1573 2039 1621 2066 est
1642 2035 1843 2075 incredibile,

1169 2081 1283 2117 utpote
1299 2079 1384 2117 quod
1407 2081 1520 2118 postea
1537 2078 1571 2108 in
1588 2078 1719 2109 Valerio
1736 2080 1842 2111 Corvo

1170 2121 1291 2150 factum
1318 2121 1524 2160 reperiamus,
1549 2124 1582 2151 at
1611 2124 1697 2152 certe
1726 2123 1767 2152 ab
1792 2121 1844 2152 his

1170 2163 1375 2203 scriptoribus
1404 2163 1563 2194 observari
1592 2164 1757 2202 debuerat,
1786 2164 1842 2195 ubi

1171 2207 1211 2236 de
1228 2207 1395 2236 consulatu
1414 2206 1481 2237 eius
1503 2210 1644 2246 egerunt.
1689 2207 1842 2239 Ceterum

1170 2259 1234 2279 non
1263 2249 1422 2280 immerito
1452 2249 1631 2288 suspicatur
1661 2249 1844 2280 Gronovius

1171 2291 1299 2322 Livium
1312 2292 1470 2331 scripsisse
1481 2302 1583 2332 prope
1591 2293 1745 2332 puberem
1756 2297 1841 2324 aeta-

1171 2339 1242 2371 tem,
1257 2338 1293 2364 ut
1308 2344 1391 2373 supr.
1408 2334 1428 2365 i.
1447 2343 1495 2373 35.
1524 2335 1630 2366 Cnssv.

1213 2388 1233 2415 4
1255 2378 1394 2425 Stirpem
1413 2378 1519 2416 yentz']
1556 2377 1600 2407 Et
1622 2387 1698 2407 sane
1720 2386 1843 2415 omnes,

1171 2419 1224 2458 qui
1244 2419 1397 2458 proximis
1412 2418 1633 2458 temporibus
1625 2430 1657 2449 m
1673 2419 1843 2450 annalibus

1171 2466 1203 2492 et
1222 2461 1439 2492 consularibus
1462 2461 1549 2491 fastis
1565 2461 1658 2492 Fabii
1680 2462 1842 2502 reperiun-

1172 2508 1234 2539 tur..
1249 2505 1290 2534 ab
1305 2514 1369 2534 uno
1387 2504 1430 2540 Q.
1447 2504 1548 2536 Fabio
1564 2505 1612 2535 M.
1626 2504 1653 2535 F
1656 2528 1662 2535 .
1677 2505 1843 2536 Vibulano

1173 2547 1320 2578 videntur
1349 2546 1430 2577 orti:
1464 2547 1725 2587 quandoquidem
1754 2547 1841 2579 dein-

1173 2600 1248 2629 ceps
1263 2589 1400 2629 proximi
1417 2593 1540 2629 patrem
1558 2590 1731 2628 Quintum,
1744 2598 1841 2622 avum

1172 2633 1320 2663 Marcum
1333 2645 1341 2669 ;
1363 2631 1558 2671 remotiores,
1569 2643 1665 2663 avum
1679 2633 1842 2669 Quintum

1172 2674 1265 2705 illurn
1302 2675 1450 2706 habuisse
1488 2675 1521 2706 in
1557 2675 1647 2707 fastis
1682 2676 1842 2716 leguntur.

1174 2718 1279 2749 Cssuv.

1215 2768 1231 2800 5
1256 2762 1343 2799 Iam]
1385 2761 1460 2791 Hoc
1475 2764 1620 2801 tempore
1636 2762 1781 2793 consules
1795 2760 1840 2792 in-

1172 2807 1268 2834 eunte
1297 2814 1382 2834 anno
1413 2804 1646 2843 Olympiadum
1677 2803 1840 2843 magistra-

1171 2849 1239 2876 tum
1252 2847 1470 2886 capessebant,
1481 2847 1566 2876 unde
1582 2846 1683 2886 liquet
1697 2847 1755 2876 hos
1767 2855 1840 2875 con-

1171 2890 1255 2919 sules
1285 2889 1491 2920 undecimum
1521 2888 1723 2928 magistratus
1752 2897 1840 2919 men-

1172 2941 1239 2963 sem
1254 2931 1318 2963 iam
1334 2935 1437 2973 agere.
1462 2931 1596 2963 Niebhr.
1612 2930 1642 2962 ii.
1661 2940 1691 2962 n.
1705 2937 1776 2969 451.
