1934 3211
175 239 224 270 U.
235 238 273 270 C.
290 246 361 279 457.

172 282 212 313 A.
236 282 273 313 C.
291 290 362 323 295.

242 327 308 366 29.

170 1575 289 1607 Fabius
304 1576 336 1606 in

170 1621 281 1650 dextro
298 1629 361 1649 cor-

170 1673 213 1692 nu
226 1661 347 1692 Samni-

169 1709 217 1734 tes
232 1704 338 1735 vincit.

170 2265 257 2296 Galli
274 2265 328 2296 cir-

170 2319 241 2338 cum
247 2308 341 2339 venti.

389 150 473 189 590
892 148 1039 190 ΤΙΤΙ
1076 148 1253 190 LIVII

388 237 570 279 concitat
589 253 744 294 equum
761 254 770 279 ε
803 238 1066 295 inferensque
1088 254 1130 280 se
1151 239 1238 295 ipse
1264 238 1421 280 infestis
1442 237 1534 279 telis
1555 245 1617 279 est
1636 237 1764 279 inter-

387 295 529 337 fectus.
590 295 677 336 Vix
697 296 902 337 humanae
924 296 1022 338 inde
1044 297 1133 352 opis
1153 296 1283 337 videri
1303 311 1445 352 pugna
1467 296 1613 352 potuit.
1677 295 1761 336 Ro·
1777 311 1794 332 z

387 353 513 403 mani,
535 353 640 395 duce
669 354 829 404 amisso,
853 369 958 409 quae
986 369 1051 395 res
1072 354 1217 395 terrori
1245 354 1344 397 alias
1364 369 1451 395 esse
1482 353 1597 403 solet,
1620 353 1762 394 sistere

385 410 540 467 fugam,
581 426 628 452 ac
666 427 815 453 novam
855 411 907 453 de
948 412 1110 467 integro
1148 411 1253 452 velle
1300 411 1526 452 instaurare
1565 425 1760 468 pugnam.

390 467 516 518 Galli,
539 477 580 510 et
600 469 780 510 maxime
805 469 950 525 globus
971 469 1238 509 circumstans
1259 468 1438 509 consulis
1468 483 1628 524 corpus,
1649 467 1764 509 velut

387 525 566 567 alienata
580 535 732 576 mente,
750 542 856 567 vana
871 526 1076 566 incassum
1089 526 1239 566 iactare
1260 525 1366 566 tela:
1399 535 1561 582 torpere
1578 525 1761 582 quidam,

387 591 430 624 et
457 599 534 625 nec
564 599 728 640 pugnae
759 583 1007 632 meminisse,
1030 598 1107 623 nec
1127 583 1260 638 fugae.
1323 582 1385 623 At
1405 598 1458 623 ex
1487 591 1604 638 parte
1635 582 1764 623 altera

386 641 575 696 pontifex
597 641 754 690 Livius,
777 641 844 681 cui
875 640 1039 681 lictores
1064 640 1221 680 Decius
1251 639 1487 689 tradiderat,
1509 640 1762 695 iusseratque

386 713 462 754 pro
489 707 676 754 praetore
708 713 807 747 esse,
829 698 1056 747 vociferari,
1080 697 1263 738 ‘Vicisse
1296 697 1520 746 Romanos,
1547 697 1794 743 defunctos3

387 761 399 779 ‘
414 755 593 796 consulis
608 755 702 797 fato.
768 755 911 796 Gallos
928 755 1215 810 Samnitesque
1239 754 1419 796 Telluris
1440 754 1580 795 matris
1596 769 1643 795 ac
1663 754 1763 796 deo-

389 818 401 836 ‘
415 828 507 853 rum
530 812 724 854 Manium
755 828 853 854 esse.
882 842 891 857 2
917 812 1081 869 Rapere
1110 813 1163 853 ad
1184 828 1225 853 se
1247 827 1294 853 ac
1314 827 1459 853 vocare
1489 811 1670 853 Decium
1690 812 1764 853 de-

387 875 399 893 ‘
411 880 548 911 votam
562 885 702 912 secum
715 871 864 919 aciem3
891 870 1174 926 furiarumque
1189 885 1235 911 ac
1244 870 1476 911 formidinis
1488 869 1612 925 plena
1624 868 1764 910 omnia

387 927 466 969 ‘ad
494 928 631 969 hostes
662 929 775 969 esse.’
837 928 1145 984 Superveniunt
1175 928 1327 969 deinde
1357 928 1422 968 his
1451 927 1763 968 restituentibus

384 1000 568 1042 pugnam
597 986 645 1027 L.
668 985 889 1027 Cornelius
920 985 1058 1041 Scipio
1084 994 1126 1026 et
1158 985 1207 1026 C.
1228 985 1424 1035 Marcius,
1448 1000 1542 1026 cum
1571 984 1763 1025 subsidiis

385 1058 437 1083 ex
470 1043 691 1084 novissima
721 1044 808 1085 acie
841 1044 955 1084 iussu
990 1043 1042 1091 Q.
1062 1043 1178 1084 Fabii
1211 1043 1390 1084 consulis
1422 1042 1475 1083 ad
1509 1041 1763 1098 praesidium

385 1100 567 1157 collegae
592 1101 716 1142 missi.
778 1101 842 1142 Ibi
873 1101 1040 1142 auditur
1060 1101 1106 1141 P.
1131 1101 1253 1141 Decii
1282 1109 1467 1149 eventus,
1490 1100 1636 1156 ingens
1665 1099 1763 1141 hor-

385 1166 526 1200 tamen
559 1159 611 1200 ad
646 1159 786 1200 omnia
816 1174 891 1215 pro
931 1158 1144 1214 republica
1183 1158 1385 1199 audenda.
1447 1157 1595 1213 Itaque
1631 1172 1762 1213 quum

389 1215 501 1256 Galli
522 1217 686 1258 structis
707 1225 801 1257 ante
824 1232 865 1257 se
880 1216 1005 1257 scutis
1026 1216 1200 1257 conferti
1222 1224 1388 1265 starent,
1406 1230 1484 1257 nec
1503 1214 1633 1256 facilis
1653 1214 1760 1270 pede
1773 1234 1792 1262 4

386 1273 534 1315 collato
549 1274 760 1315 videretur
775 1290 916 1330 pugna
932 1290 941 1323 ;
974 1274 1083 1314 iussu
1102 1274 1332 1329 legatorum
1346 1273 1519 1314 collecta
1533 1272 1651 1313 humi
1664 1271 1761 1328 pila,

385 1347 491 1386 quae
513 1339 639 1373 strata
668 1332 776 1373 inter
796 1332 896 1373 duas
927 1331 1034 1372 acies
1064 1331 1266 1382 iacebant,
1289 1340 1412 1387 atque
1434 1331 1478 1371 in
1508 1329 1762 1372 testudinem

384 1388 567 1430 hostium
602 1390 810 1431 coniecta:
854 1390 1004 1446 quibus
1036 1389 1244 1445 plerisque
1279 1389 1324 1429 in
1363 1396 1490 1439 scuta,
1523 1387 1678 1428 verutis
1716 1386 1761 1427 in
1774 1401 1791 1433 5

385 1461 556 1503 corpora
576 1448 665 1503 ipsa
684 1447 789 1496 fixis,
805 1447 1001 1488 sternitur
1021 1462 1201 1496 cuneus,
1234 1447 1291 1487 ita
1311 1454 1358 1487 ut
1373 1461 1523 1502 magna
1541 1459 1634 1501 pars
1654 1445 1762 1485 inte-

384 1505 467 1558 gris
488 1506 726 1560 emporibus
739 1505 903 1546 attoniti
916 1504 1196 1546 conciderent.
1259 1504 1377 1546 Haec
1393 1504 1437 1544 in
1450 1503 1615 1544 sinistro
1631 1517 1761 1543 cornu

386 1561 672 1602 Romanorum
688 1562 852 1603 fortuna
863 1563 1098 1602 variaverat.
1160 1562 1311 1603 Fabius
1324 1562 1368 1602 in
1384 1561 1531 1602 dextro
1544 1560 1678 1616 primo
1694 1560 1762 1616 (ut

385 1628 480 1660 ante
497 1618 657 1659 dictum
677 1618 758 1674 est)
779 1619 1013 1659 cunctando
1034 1627 1269 1660 extraxerat
1289 1619 1400 1660 diem
1417 1635 1426 1659 :
1460 1617 1626 1667 deinde,
1649 1625 1761 1672 post-

385 1692 510 1732 quam
541 1692 618 1717 nec
654 1676 806 1717 clamor
834 1676 1029 1725 hostium,
1060 1691 1138 1716 nec
1175 1677 1367 1732 impetus,
1398 1690 1476 1716 nec
1513 1674 1595 1715 tela
1625 1674 1759 1724 missa,

384 1734 561 1775 eandem
583 1734 666 1774 vim
687 1734 837 1774 habere
854 1734 965 1782 visa3
997 1733 1212 1789 praefectis
1233 1733 1422 1788 equitum
1443 1732 1561 1772 iussis
1582 1731 1635 1772 ad
1654 1731 1760 1772 latus

387 1791 637 1832 Samnitium
659 1791 967 1832 circumducere
989 1790 1084 1839 alas,
1107 1798 1154 1831 ut
1174 1791 1291 1846 signo
1313 1790 1408 1830 dato
1430 1789 1474 1829 in
1494 1797 1758 1838 transversos,

384 1857 540 1905 quanto
571 1849 752 1889 maximo
782 1856 949 1904 possent
979 1848 1150 1903 impetn,
1172 1848 1453 1895 incurrerent,
1486 1846 1638 1887 sensim
1665 1860 1759 1887 suos

383 1907 500 1963 signa
520 1907 669 1947 inferre
691 1907 819 1955 iussit,
842 1914 884 1946 et
905 1920 1163 1946 commovere
1191 1905 1364 1945 hostem.
1426 1904 1652 1959 Postquam
1673 1918 1759 1949 non

382 1964 514 2005 resisti
542 1964 659 2013 vidit,
682 1972 724 2004 et
753 1963 866 2004 haud
892 1963 1061 2003 dubiam
1091 1962 1377 2003 lassitudinem
1409 1975 1519 2009 esse3
1553 1970 1653 2010 tum,
1675 1960 1759 2001 eol-

382 2021 498 2062 lectis
519 2022 711 2062 omnibus
732 2020 936 2070 subsidiis,
959 2035 1065 2076 quae
1088 2020 1140 2060 ad
1161 2019 1205 2060 id
1225 2027 1387 2075 tempus
1407 2025 1696 2068 reservaverat,
1717 2026 1759 2059 et

382 2079 566 2136 legiones
587 2078 820 2127 concitavit,
843 2086 886 2119 et
906 2078 1070 2133 signum
1091 2077 1144 2118 ad
1169 2076 1424 2117 invadendos
1449 2076 1587 2117 hostes
1607 2075 1760 2131 equiti-

382 2137 458 2178 bus
480 2137 608 2177 dedit.
671 2136 763 2177 Ncc
785 2136 1069 2176 sustinuerunt
1093 2134 1298 2175 Samnites
1318 2134 1544 2190 impetum3
1577 2140 1759 2189 praeter—

383 2209 465 2250 que
487 2195 617 2235 aciem
638 2194 769 2250 ipsam
790 2192 1018 2242 Gallorum,
1036 2192 1188 2233 relictis
1209 2192 1252 2231 in
1274 2191 1537 2232 dimicatione
1559 2190 1690 2240 sociis,
1705 2190 1758 2231 ad

383 2260 514 2292 castra
533 2253 663 2292 effuso
684 2266 805 2292 cursu
826 2251 1074 2291 ferebantur.
1140 2248 1264 2298 Galli,
1286 2249 1494 2289 testudine
1516 2248 1634 2297 facta,
1657 2263 1756 2289 con-

383 2310 475 2350 ferti
497 2310 669 2350 stabant.
733 2309 845 2349 Tum
867 2308 1029 2357 Fabius,
1052 2307 1194 2348 audita
1214 2314 1344 2347 morte
1365 2305 1559 2361 collegae,
1578 2304 1759 2361 Campa-

382 2382 532 2407 norum
556 2366 675 2415 alam,
699 2366 949 2422 quingentos
972 2365 1057 2406 fere
1084 2365 1256 2420 equiteS,
1279 2363 1480 2404 excedere
1511 2362 1597 2403 acie
1628 2362 1756 2412 iubet,

382 2432 424 2466 et
445 2424 741 2465 circumvectos
762 2424 813 2464 ab
838 2432 954 2479 tergo
979 2422 1182 2463 Gallicam
1207 2421 1401 2462 invadere
1423 2420 1579 2461 aciem:
1612 2419 1756 2460 tertiae

383 2481 534 2523 deinde
556 2481 729 2537 legionis
750 2480 945 2536 subsequi
965 2479 1185 2535 principes,
1208 2487 1261 2528 et,
1280 2493 1363 2534 qua
1383 2478 1591 2519 turbatum
1608 2492 1757 2533 agmen

427 2652 443 2672 2
475 2644 534 2673 Vz'oe
555 2644 715 2673 humanae
739 2643 812 2672 inde
834 2642 918 2680 opis]
944 2641 1048 2680 Supra
1135 2651 1153 2677 4
1175 2640 1312 2669 Structis
1327 2643 1401 2669 ante
1416 2649 1448 2669 se
1463 2639 1577 2676 scutis]
1605 2637 1682 2668 Infr.
1699 2641 1756 2668 tes-

386 2685 557 2715 humanam
575 2695 678 2724 opem.
703 2685 809 2716 CREV.
1091 2684 1202 2713 tudine
1209 2683 1303 2720 facta
1324 2681 1374 2711 hie
1395 2691 1464 2710 mos
1486 2680 1649 2720 pugnandi
1669 2680 1757 2718 apud

429 2736 445 2764 3
462 2728 636 2765 Defunctos
651 2729 788 2758 consulis
796 2726 886 2764 sato]
907 2724 1048 2755 Elusisse
1092 2725 1206 2755 Gallos
1221 2724 1253 2754 in
1269 2734 1327 2754 usu
1344 2727 1420 2754 erat.
1445 2724 1483 2753 cf.
1499 2733 1584 2762 supr.
1601 2733 1628 2752 v.
1646 2732 1696 2760 43.

384 2767 552 2799 imminens
580 2770 776 2808 periculum3
804 2769 938 2807 defnnffl'
962 2767 1046 2797 enim
1135 2775 1151 2806 5
1184 2768 1308 2797 Verutz's
1333 2767 1368 2795 in
1394 2776 1525 2805 corpora
1551 2766 1639 2805 ipsa]
1667 2763 1756 2794 Hinc

383 2811 975 2851 aliquaredicuntur‚quiminoremalo
986 2820 1048 2839 sus-
1094 2813 1203 2840 veruta
1223 2808 1369 2838 teretiore
1389 2817 1551 2845 mucrone,
1567 2816 1661 2846 quam
1679 2805 1754 2845 pila,

384 2855 477 2890 cepto
493 2853 595 2882 maius
609 2864 628 2882 a
644 2864 676 2884 se
688 2853 893 2884 amoliuntur.
910 2853 949 2883 cf.
963 2862 1048 2891 supr.
1093 2852 1187 2882 fuisse
1203 2851 1331 2881 coniicit
1347 2850 1486 2881 Gronov.

384 2894 416 2924 ii.
434 2902 482 2933 35.
506 2895 645 2925 Smom.
