1934 3211
381 141 464 180 536
897 135 1045 178 ΤΙΤΙ
1085 135 1266 177 LIVII

164 234 210 266 U.
227 235 265 267 C.
283 244 355 274 443.
382 225 586 281 effugium
607 225 766 281 patuit:
791 239 910 266 caesa
931 224 984 265 ad
1000 224 1149 280 viginti
1165 223 1296 264 millia
1311 222 1545 272 hominum,
1562 221 1780 286 victorque

163 279 203 309 A.
228 278 266 309 C.
284 286 356 318 309·
385 282 604 348 Romanus
625 282 679 323 ad
700 282 881 323 oblatam
903 281 1012 323 ultro
1034 283 1085 322 ab
1111 281 1230 322 hoste
1255 280 1456 337 praedam
1476 293 1678 336 pecorum
1698 278 1783 320 (113-

383 348 524 382 currit.

230 397 296 434 32·
443 397 561 438 Dum
582 397 685 438 haec
706 404 910 453 geruntur
933 397 979 437 in
1003 395 1187 446 Samnio,
1209 395 1293 436 iam
1318 410 1463 436 omnes
1486 393 1680 435 Etruriae
1707 407 1783 449 po·-

166 451 294 500 Etrusci
314 451 372 483 Su·
385 455 475 512 puli
514 464 681 511 praeter
716 454 938 496 Arretinos
978 453 1032 494 ad
1071 468 1186 494 arma
1224 453 1372 502 ierant,
1410 452 1461 492 ab
1497 449 1784 507 oppugnando

163 499 334 577 ξὲἓῖὃξῖ
388 512 542 562 Sutrio,
569 527 676 568 quae
710 512 820 559 urbs,
850 511 961 551 socia
990 510 1207 559 Romanis,
1233 509 1347 550 velut
1381 508 1560 549 claustra
1588 507 1783 548 Etruriae

386 578 487 619 erat,
510 570 659 625 ingens
681 569 762 609 orsi
783 567 954 609 bellum.
1009 566 1073 607 Eo
1095 567 1198 607 alter
1219 566 1440 607 consulum
1457 565 1667 606 Aemilius
1687 579 1785 606 cum

386 627 575 668 exercitu
602 626 655 666 ad
680 624 918 666 liberandos
947 624 1163 664 obsidione
1193 623 1325 664 socios
1346 623 1473 664 venit.
1535 622 1786 663 Advenien-

386 685 497 726 tibus
520 682 737 731 Romanis,
764 681 924 722 Sutrini
953 689 1211 721 commeatus
1238 680 1421 735 benigne
1451 679 1498 719 in
1524 687 1657 720 castra
1687 685 1818 720 ante6

386 742 533 782 urbem
555 740 690 795 posita
711 739 930 779 advexere.
974 737 1142 778 Etrusci
1159 737 1273 778 diem
1294 737 1477 793 primum
1494 735 1784 786 consultando,

386 805 657 846 maturarent,
680 796 950 837 traherentne
971 795 1144 844 bellum,
1165 794 1457 835 traduxerunt.
1510 792 1685 834 Postero
1701 793 1784 842 die,

386 855 459 896 ubi
482 854 692 903 celeriora,
712 868 838 909 quam
856 853 1024 902 tutiora,
1042 851 1216 893 consilia
1231 851 1363 907 magis
1383 850 1577 907 placuere
1594 849 1785 900 ducibus,

386 911 472 953 sole
490 920 581 952 orto
598 911 765 967 signum
781 925 948 966 pugnae
965 909 1227 965 propositum
1245 918 1320 958 est,
1338 908 1570 963 armatique
1591 907 1637 947 in
1653 907 1786 948 aciem

386 968 633 1025 procedunt.
690 967 820 1016 Quod
840 976 1064 1023 postquam
1085 966 1247 1007 consuli
1268 966 1512 1007 nuntiatum
1532 972 1607 1014 est,
1625 972 1788 1005 extem-

386 1026 458 1082 plo
479 1035 677 1067 tesseram
698 1025 787 1066 dari
809 1025 939 1074 iubet,
963 1033 1010 1065 ut
1029 1024 1234 1080 prandeat
1258 1023 1391 1073 miles,
1413 1022 1672 1078 firmatisque
1693 1021 1788 1073 cibo
1803 1035 1821 1069 7

387 1084 544 1125 viribus
565 1098 679 1124 arma
700 1082 847 1138 capiat.
911 1081 1041 1122 Dicto
1066 1090 1247 1137 paretur.
1313 1079 1488 1129 Consul,
1511 1079 1585 1120 ubi
1609 1086 1789 1120 armatos

387 1150 636 1198 paratosque
660 1140 777 1189 vidit,
801 1139 920 1195 signa
940 1148 1059 1180 extra
1080 1138 1235 1180 vallum
1256 1138 1433 1194 proferri
1457 1137 1588 1186 iussit,
1610 1144 1654 1178 et
1673 1135 1789 1177 haud

387 1198 533 1255 procul
556 1198 674 1239 hoste
696 1197 893 1238 instruxit
916 1197 1061 1238 aciem.
1105 1195 1386 1252 Aliquamdiu
1406 1194 1560 1235 intenti
1576 1193 1788 1249 utrimque

389 1264 608 1305 steterunt,
631 1263 924 1311 exspectantes
956 1263 1004 1295 ut
1035 1255 1086 1295 ab
1115 1253 1358 1294 adversariis
1389 1252 1546 1293 clamor
1575 1260 1618 1292 et
1646 1265 1791 1307 pugna

390 1314 620 1369 inciperet:
655 1322 697 1355 et
727 1313 841 1368 prius
873 1311 933 1353 sol
964 1311 1141 1352 meridie
1173 1326 1215 1352 se
1249 1310 1479 1359 inclinavit,
1502 1324 1629 1365 quam
1657 1307 1790 1349 telum

390 1371 488 1412 111110
515 1379 587 1411 aut
610 1370 726 1411 1111110
752 1370 951 1411 emissum
973 1377 1046 1410 est.
1110 1368 1230 1418 Inde,
1253 1383 1307 1409 ne
1336 1368 1491 1409 infecta
1516 1381 1561 1407 re
1591 1365 1789 1414 abiretur‚

391 1428 546 1469 clamor
574 1428 624 1468 ab
648 1427 835 1468 Etruscis
857 1427 999 1476 oritur,
1023 1426 1339 1482 concinuntque
1362 1425 1501 1474 tubae,
1523 1432 1567 1465 et
1587 1423 1706 1479 signa
1725 1422 1791 1463 in-

388 1485 592 1525 feruntur.
657 1484 752 1525 Nec
780 1485 948 1540 segnius
980 1485 1031 1525 ab
1061 1483 1267 1525 Romanis
1295 1497 1438 1539 pugna
1466 1481 1609 1522 initur.
1674 1479 1792 1521 Con-

391 1550 565 1582 currunt
595 1541 768 1582 infensis
799 1542 974 1582 animis:
1009 1556 1186 1582 numero
1219 1540 1362 1590 hostis,
1389 1539 1544 1580 virtute
1571 1538 1792 1579 Romanus

392 1607 571 1654 superat.
620 1598 793 1653 Anceps
814 1598 1021 1653 proelium
1043 1597 1196 1638 multos
1217 1598 1444 1653 utrimque,
1463 1604 1507 1637 et
1521 1595 1792 1637 fortissimum

393 1670 620 1711 quemque,
650 1655 855 1695 absumit:
890 1670 968 1695 nec
999 1655 1115 1710 prius
1146 1654 1347 1695 inclinata
1376 1669 1442 1695 res
1472 1661 1546 1702 est,
1570 1667 1695 1708 quam
1728 1666 1792 1692 se-

393 1713 533 1754 cunda
558 1713 666 1753 acies
690 1712 884 1752 Romana
909 1711 962 1752 ad
987 1712 1122 1767 prima
1146 1711 1277 1767 signa,
1300 1710 1454 1765 integri
1477 1709 1606 1758 fessis,
1629 1723 1792 1750 succes-

393 1779 549 1811 serunt.
594 1769 773 1819 Etrusci,
793 1769 892 1825 quia
912 1768 1037 1809 nullis
1058 1769 1297 1809 recentibus
1318 1767 1514 1808 subsidiis
1533 1766 1638 1807 fulta
1658 1765 1794 1821 prima

394 1828 504 1868 acies
531 1827 623 1876 fuit,
654 1835 749 1867 ante
784 1827 902 1882 signa
934 1826 1127 1881 circaque
1162 1840 1307 1866 01111103
1339 1823 1596 1865 ceciderunt.
1659 1821 1792 1864 Nullo

394 1899 584 1939 unquam
616 1883 776 1939 proelio
809 1884 932 1939 fugae
969 1883 1121 1931 minus,
1151 1897 1229 1923 nec
1262 1882 1356 1938 plus
1389 1881 1527 1922 caedis
1558 1880 1716 1929 fuisset,
1747 1879 1792 1920 ni

396 1942 624 1982 obstinatos
646 1941 751 1981 mori
774 1941 935 1981 Tuscos
963 1955 1049 1980 nox
1078 1939 1274 1989 texisset3
1307 1940 1367 1980 ita
1393 1947 1440 1979 ut
1461 1938 1638 1979 victores
1663 1937 1792 1993 priUS,

396 2014 523 2054 quam
551 1999 662 2047 victi,
685 1997 905 2053 pugnandi
929 1997 1060 2038 finem
1087 1997 1283 2037 facerent.
1345 1996 1448 2037 Post
1475 2010 1669 2036 0003311111
1697 1993 1794 2035 30113

396 2057 563 2111 signum
598 2056 788 2110 receptui
819 2055 965 2095 datum
1001 2063 1087 2096 est:
1126 2062 1250 2095 nocte
1288 2054 1339 2095 ab
1370 2062 1550 2108 utroque
1586 2053 1632 2093 in
1662 2059 1796 2093 castra

396 2113 590 2154 reditum.
655 2112 749 2153 Nec
791 2112 945 2153 deinde
987 2112 1214 2167 quicquam
1251 2127 1301 2152 eo
1342 2125 1453 2151 anno
1492 2110 1554 2151 rei
1593 2108 1796 2150 memoria

396 2170 548 2226 dignae
571 2169 685 2225 apud
709 2169 896 2210 Sutrium
922 2178 1085 2225 gestum
1108 2178 1196 2218 est3
1230 2169 1330 2225 quia
1357 2176 1399 2208 et
1427 2181 1482 2208 ex
1509 2167 1694 2209 hostium
1721 2180 1797 2207 ex-

397 2227 529 2269 ercitu
549 2228 685 2283 prima
705 2235 793 2268 tota
813 2227 922 2268 acies
942 2226 1081 2267 deleta
1098 2241 1182 2267 uno
1199 2225 1358 2282 proelio
1373 2225 1520 2275 fuerat,
1539 2222 1827 2266 subsidiariis8

441 2356 460 2388 6
484 2358 647 2395 Benigsne]
681 2356 748 2387 Hic
763 2357 896 2396 copiose,
913 2354 995 2385 sicut
1011 2365 1075 2385 ma-
1113 2355 1205 2393 fulta
1220 2355 1339 2393 suerit.
1384 2352 1545 2384 strothius
1563 2354 1674 2383 contra
1696 2350 1796 2382 subsi-

399 2401 485 2439 lz'yne
500 2399 577 2429 alibi
590 2410 690 2438 parce
706 2403 762 2429 est.
1122 2397 1239 2427 diarios
1264 2397 1415 2426 immotos
1438 2395 1567 2432 sedisse,
1589 2404 1649 2425 nec
1672 2393 1797 2434 primae

445 2450 460 2481 7
488 2443 647 2472 Tesseram
665 2443 754 2479 dari]
785 2440 921 2479 Duplex
943 2443 1074 2469 tessera·
1119 2439 1200 2469 aciei
1217 2438 1403 2469 successisse
1416 2437 1589 2468 existimat.
1625 2437 1726 2467 Haud
1737 2436 1796 2466 du-

399 2495 470 2514 rum
494 2483 682 2513 militarium
705 2493 823 2522 genus:
848 2483 987 2512 alterum
1007 2481 1075 2520 qui·
1119 2481 1172 2511 bie
1188 2485 1296 2511 noster
1308 2480 1409 2510 voluit
1422 2480 1540 2517 dicere,
1551 2479 1677 2509 nullam
1691 2477 1796 2509 aciem

399 2527 460 2556 bus
474 2526 594 2556 milites
605 2536 638 2556 se
651 2526 913 2561 internoscerent,
925 2524 1076 2561 alterum,
1120 2524 1295 2553 secundam
1322 2532 1401 2558 esse,
1427 2532 1510 2561 quae
1538 2521 1658 2551 viribus
1686 2530 1796 2551 recen-

401 2569 442 2598 ad
459 2569 545 2608 quod
561 2568 613 2597 hic
630 2568 719 2598 locus
733 2567 918 2597 referendus
934 2569 992 2602 est,
1009 2565 1075 2604 qui·
1120 2565 1206 2595 tibus
1226 2565 1259 2595 in
1281 2564 1439 2604 proelium
1456 2564 1642 2601 succedens,
1657 2562 1795 2603 primam

403 2612 462 2640 bus
486 2611 671 2649 imperator,
695 2610 773 2648 quid
799 2609 959 2648 agendum
982 2609 1076 2646 foret,
1120 2607 1223 2638 aciem
1254 2606 1401 2637 subsidiis
1426 2606 1566 2643 fulciret,
1589 2605 1644 2636 sed
1674 2614 1796 2644 paucos

403 2653 560 2682 militibus
575 2652 747 2682 indicabat.
773 2651 883 2682 DOER.
1121 2650 1359 2687 tantummodo,
1383 2648 1438 2687 qui
1464 2648 1517 2679 vix
1547 2648 1589 2679 ad
1620 2651 1795 2678 castrorum

447 2696 465 2724 8
488 2696 700 2725 Subsidiariis
723 2695 810 2724 modo
836 2694 972 2731 relictis]
1006 2692 1076 2722 Du-
1121 2692 1315 2731 praesidium
1349 2691 1542 2728 sufficerent,
1571 2693 1726 2729 tanquam
1760 2688 1795 2718 in

403 2736 499 2766 kerus
525 2747 589 2766 non
615 2736 705 2773 vidit,
729 2736 902 2774 quomodo„
927 2735 950 2765 si
977 2736 1076 2765 snbsz'-
1121 2734 1260 2765 subsidio
1289 2733 1420 2773 positos,
1449 2732 1609 2773 proelium
1639 2741 1705 2762 non
1736 2729 1795 2762 ini-

404 2779 501 2807 diarz'e'
525 2780 627 2809 relicti
650 2779 791 2814 suerunt,
808 2777 911 2816 prima
929 2777 1025 2810 acies,
1041 2781 1077 2806 ut
1122 2777 1213 2809 visse.

404 2823 511 2849 noster
526 2821 636 2858 paullo
653 2824 727 2851 ante
743 2820 836 2858 dixit,
849 2830 912 2850 non
928 2820 1077 2850 subsidiis
