1934 3211
206 276 250 308 U.
268 277 305 308 C.
325 286 395 316 511.

206 320 245 350 A.
269 321 306 351 C.
324 330 396 359 441.

200 1541 253 1571 vU.
271 1540 308 1571 C.
328 1549 398 1579 312.

208 1584 248 1614 A.
273 1583 309 1614 C.
328 1592 398 1621 440.

209 1626 256 1656 M.
268 1626 369 1664 Gega-

208 1668 262 1698 nio
281 1669 329 1698 ΙΙ.
344 1668 382 1698 Τ

211 1710 367 1746 Quinctio

210 1753 252 1784 V.
265 1754 353 1785 Coss.

424 184 507 222 234
931 182 1079 225 TITI
1121 182 1298 225 LIVII

425 272 574 321 coiere,
597 280 639 314 et
660 271 913 328 interregem
941 288 1143 315 creavere.
1209 272 1451 322 Contentio,
1475 271 1735 322 consulesne,
1757 286 1812 313 an

424 329 582 370 tribuni
613 330 793 370 militum
824 340 1076 380 crearentur,
1107 331 1152 371 in
1183 331 1421 387 interregno
1452 345 1539 371 rem
1575 330 1664 371 dies
1699 344 1812 370 com-

424 387 563 443 plures
603 387 752 428 tenuit.
819 387 1012 429 Interrex
1052 404 1098 429 ac
1139 398 1318 438 senatus,
1361 387 1578 429 consulum
1618 387 1808 428 comitia:

426 445 582 486 tribuni
611 445 745 501 plebis
771 453 813 485 et
839 445 968 501 plebs,
992 446 1255 487 tribunorum
1283 446 1465 486 militum
1493 455 1540 486 ut
1564 445 1809 494 habeantur,

426 502 616 543 tendunt.
679 502 886 543 Vicerunt
906 503 1063 552 Patres,
1082 503 1181 559 quia
1196 512 1238 544 et
1257 503 1386 559 plebs,
1404 503 1587 559 patriciis
1607 518 1680 544 seu
1697 502 1810 542 hunc

426 575 499 601 seu
520 560 638 600 illum
666 560 853 601 delatura
877 560 1093 609 honorem,
1116 560 1266 600 frustra
1293 569 1450 601 certale
1479 560 1734 616 supersedit:
1768 567 1812 600 et

426 618 635 682 principes
656 617 789 673 plebis
811 632 859 657 ea
876 618 1043 658 comitia
1064 617 1285 667 malebant,
1310 617 1460 682 quibus
1481 632 1566 658 non
1587 617 1812 658 haberetur

425 675 530 715 ratio
552 690 627 723 sul,
651 689 776 730 quam
799 674 950 729 quibus
971 685 1018 714 ut
1042 674 1205 730 indigni
1233 675 1568 730 praeterirentur.
1631 674 1811 715 Tribuni

426 747 594 788 quoque
616 731 747 787 plebis
775 740 987 772 celtamen
1012 732 1099 772 sine
1122 732 1305 772 effectu
1296 747 1339 772 111
1367 732 1572 773 beneficio
1594 731 1705 796 apud
1726 731 1811 787 pri-

425 804 561 830 mores
582 789 756 829 Panum
785 788 1002 843 reliquere.
1067 789 1116 830 T.
1145 789 1370 837 Quinctius
1402 789 1605 830 Barbatus
1625 789 1811 830 interrex

425 846 614 888 consules
643 855 753 886 creat
785 845 833 886 L.
862 846 1078 902 Papirium
1105 846 1401 903 Mugillanum,
1432 846 1481 887 L.
1516 846 1810 903 Sempronium

424 904 679 945 Atratinum.
744 903 824 944 His
854 904 1092 945 consulibus
1117 920 1213 945 cum
1235 879 1490 946 Ardeatibus
1516 904 1663 946 foedus
1688 919 1810 945 reno-

423 970 565 1002 vatum
593 969 680 1002 est:
724 961 851 1017 idque
877 962 1139 1003 monumenti
1171 971 1245 1012 est,
1279 962 1469 1003 consules
1499 977 1568 1003 eos
1600 962 1671 1003 illo
1699 977 1810 1003 anno

423 1019 560 1068 fuisse,
585 1019 657 1074 qui
678 1034 817 1074 neque
839 1019 881 1059 in
904 1019 1122 1060 annalibus
1142 1020 1298 1076 priscis,
1321 1035 1458 1075 neque
1481 1020 1524 1060 in
1545 1019 1660 1060 libris
1680 1019 1810 1075 magi—

424 1085 628 1117 stratuum
649 1077 931 1118 inveniuntur.
998 1076 1150 1127 Credo,
1173 1077 1287 1133 quod
1309 1077 1467 1118 tribuni
1487 1077 1668 1118 militurn
1689 1077 1810 1118 initio

425 1134 524 1175 anni
553 1134 736 1184 fuerunt,
769 1149 831 1184 eo,
861 1135 1036 1190 perilide
1067 1150 1113 1175 ac
1144 1135 1177 1176 si
1208 1144 1341 1176 totum
1373 1149 1530 1176 annum
1559 1135 1602 1175 in
1637 1134 1810 1190 imperio

423 1192 591 1241 fuerint,
621 1192 803 1233 suffectis
833 1192 898 1233 his
925 1192 1174 1242 consulibus,
1196 1193 1485 1249 praetermissa
1510 1192 1681 1233 nomina
1710 1205 1841 1236 con-8

423 1249 560 1290 sulum
594 1249 754 1291 horum.
818 1250 1007 1291 Licinius
1041 1250 1187 1291 Macer
1217 1259 1361 1291 auctor
1391 1259 1464 1300 est,
1497 1259 1539 1291 et
1568 1249 1612 1289 in
1641 1249 1842 1300 soedere9

424 1307 672 1357 Ardeatino,
688 1316 730 1348 et
751 1308 794 1348 in
815 1307 954 1348 linteis
975 1308 1089 1349 libris
1105 1308 1158 1348 ad
1180 1307 1379 1349 Monetae
1396 1308 1577 1349 inventa.
1630 1307 1687 1348 Et
1698 1307 1808 1356 foris,
1825 1315 1838 1336 1

424 1380 555 1420 quum
577 1374 637 1406 tot
660 1374 836 1406 terrores
853 1381 877 1406 a
892 1365 1080 1406 finitimis
1102 1366 1296 1407 ostentati
1313 1374 1461 1415 essent,
1479 1374 1520 1406 et
1542 1365 1657 1406 domi
1677 1357 1840 1406 otium²

423 1422 513 1462 fuit.

484 1479 612 1520 Hunc
638 1495 795 1521 annum
816 1480 910 1535 (seu
938 1481 1126 1522 tribunos
1151 1481 1289 1531 modo,
1312 1496 1385 1522 seu
1413 1481 1590 1522 tribunis
1616 1481 1811 1521 suffectos

426 1537 615 1578 consules
637 1553 804 1593 quoque
827 1538 992 1594 habuit)
1008 1539 1196 1595 sequitul
1215 1554 1348 1580 annus
1369 1539 1482 1579 haud
1503 1538 1640 1579 dubiis
1661 1552 1811 1579 consu-

426 1594 546 1643 libus,
565 1594 627 1635 M.
652 1594 844 1650 Geganio
862 1595 1079 1636 Macerino
1097 1597 1261 1645 iterum,
1278 1597 1327 1637 T.
1348 1596 1549 1644 Quinctio
1569 1595 1809 1660 Capitolino

427 1652 622 1708 quintum
653 1651 948 1708 [consulibus]
1011 1652 1131 1694 Idem
1159 1654 1226 1694 hic
1255 1669 1387 1694 annus
1415 1669 1612 1695 censurae
1642 1653 1842 1700 initium3

425 1710 517 1759 fuit,
548 1710 607 1750 101
639 1725 661 1750 a
691 1725 817 1765 parva
847 1710 1005 1766 origine
1037 1720 1172 1751 01tae:
1207 1726 1312 1766 quae
1344 1711 1497 1751 deinde
1530 1719 1645 1751 tanto
1675 1710 1809 1750 incre-

426 1776 568 1808 mento
588 1776 710 1808 aucta
736 1776 810 1817 est,
832 1776 879 1808 ut
900 1783 990 1809 mol
994 1783 1063 1808 um
1090 1768 1417 1824 disciplinaeque
1441 1768 1655 1809 Romanae
1681 1782 1810 1824 penes

1143 1912 1210 1941 lum
1238 1911 1368 1942 nomina
1394 1911 1426 1942 in
1454 1912 1696 1952 magistratuum
1724 1912 1812 1943 libris

1142 1964 1206 1984 11011
1236 1954 1382 1992 inveniri,
1411 1965 1492 1993 quae
1525 1955 1558 1985 in
1588 1955 1695 1985 linteis
1724 1955 1813 1986 libris

471 1914 489 1943 8
518 1914 753 1944 Praetermissa
780 1914 909 1943 nomina
934 1913 1096 1943 consulum

427 1957 556 1993 horum]
586 1956 657 1986 Hos
674 1966 747 1986 vero
764 1966 908 1986 censores
930 1955 991 1985 hoc
1014 1965 1098 1984 anno

428 2004 551 2028 creatos
581 1999 676 2028 fuisse
707 2002 814 2028 censet
843 1998 978 2028 Niebhr.
1005 1998 1036 2027 ii.
1064 2008 1095 2036 p.

428 2051 501 2081 409,
518 2045 549 2071 et
566 2041 696 2071 nomina
712 2051 820 2070 eorum
845 2050 908 2070 non
932 2040 991 2070 uisi
1012 2050 1097 2070 anno

427 2087 580 2122 sequente
603 2084 635 2113 in
660 2083 686 2113 F
689 2089 773 2113 astos
796 2084 896 2113 relata
917 2093 995 2120 esse,
1012 2083 1097 2122 quod

428 2130 496 2156 tum
532 2126 671 2166 primum
704 2136 835 2156 censum
868 2126 1011 2165 egissent.
1058 2126 1096 2156 cf.

428 2169 526 2199 Dion.
544 2169 563 2199 i.
584 2178 631 2208 74.

470 2222 488 2252 9
512 2213 657 2243 Licinzzts
672 2212 804 2249 Macer]
836 2210 979 2250 Scriptor
994 2214 1025 2241 et
1041 2210 1096 2240 ali-

428 2254 459 2284 bi
494 2265 589 2293 saepe
621 2255 713 2284 Livio
746 2258 950 2284 memoratus.
1011 2253 1096 2283 Eum

428 2297 574 2333 Vossius,
595 2297 634 2327 de
660 2296 780 2327 Histor.
805 2297 874 2327 Lat.
892 2296 911 2326 i.
933 2305 978 2325 10.
997 2296 1096 2334 suspi-

428 2344 519 2369 catur
544 2341 682 2369 eundem
709 2350 787 2376 esse,
814 2339 867 2378 qui
895 2348 914 2368 a
941 2338 1097 2369 Cicerone

427 2387 573 2421 praetore
588 2382 718 2412 iamiam
732 2382 933 2412 damnandus
948 2384 1096 2420 repetun-

427 2425 552 2462 darum,
579 2429 715 2455 mortem
743 2424 800 2454 sibi
827 2424 896 2463 ipse
923 2423 1094 2453 conscivit:

426 2478 490 2497 non
514 2469 729 2506 spernendum
753 2471 921 2503 oratorem,
943 2466 1098 2496 Cicerone

427 2510 532 2540 iudice
552 2510 585 2540 in
606 2511 708 2540 Bruto
730 2510 799 2548 238.
820 2513 943 2548 patrem
966 2508 1096 2547 insignis

427 2553 570 2590 oratoris,
595 2552 710 2582 Licinii
737 2551 839 2583 Calvi.
885 2552 981 2582 Certe
1010 2551 1096 2580 hunc

428 2595 468 2625 de
487 2606 549 2634 quo
575 2595 685 2625 Livius
705 2595 770 2635 agit
794 2594 996 2624 historiarum
1024 2593 1095 2623 seri-

428 2636 572 2676 pt01·em‚'
590 2638 685 2667 fuisse
710 2636 929 2677 perantiquae,
953 2640 988 2666 ut
1014 2636 1098 2665 inter

429 2680 582 2718 plebeios,
605 2680 781 2710 nobilitatis
802 2683 936 2710 constat.
959 2679 997 2709 cf.
1023 2678 1094 2709 infr.

429 2722 479 2752 vii.
497 2733 525 2762 9.
551 2723 655 2753 CREv.

475 2774 485 2793 1
512 2766 634 2796 Linteis
651 2764 757 2804 libris]
781 2765 821 2795 In
837 2774 917 2804 quos
931 2763 1094 2803 magistra-

427 2808 517 2835 tuum
542 2807 672 2837 nomina
694 2808 921 2844 referebantur,
937 2811 973 2837 ut
994 2816 1094 2846 appa-

428 2852 475 2876 ret
490 2848 560 2877 infr.
582 2859 626 2887 13.
645 2854 676 2879 et
693 2860 742 2880 20.
789 2850 887 2880 Unde
910 2849 1026 2879 mirum
1052 2848 1093 2878 vi-

428 2889 521 2919 detur
550 2900 688 2928 quonam
719 2893 814 2922 modo
842 2892 953 2921 Livius
983 2891 1094 2930 paullo

427 2936 501 2962 ante
524 2932 659 2962 scribere
685 2934 823 2971 potuerit
846 2934 958 2963 horum
984 2943 1093 2963 consu-

1141 2001 1266 2026 exstare
1285 2008 1348 2026 non
1364 2001 1469 2036 negat.
1515 1998 1578 2028 Sed
1600 1998 1751 2028 nimirum
1774 1998 1811 2028 li—

1142 2040 1215 2069 bros
1240 2040 1356 2069 linteos
1385 2050 1450 2069 non
1479 2039 1662 2080 inspexerat
1689 2040 1812 2078 Livius,

1142 2092 1200 2112 1100
1226 2082 1358 2112 fortasse
1381 2082 1403 2112 ii
1427 2082 1491 2112 iam
1518 2084 1687 2113 exstabant
1710 2093 1811 2122 quum

1141 2125 1196 2154 ille
1212 2125 1378 2155 scriberet:
1404 2124 1437 2154 in
1455 2125 1493 2155 iis
1516 2130 1625 2156 autem
1647 2126 1810 2166 magistra-

1141 2171 1233 2197 tuum
1258 2167 1344 2198 libris
1363 2178 1441 2206 quos
1463 2168 1551 2198 adire
1573 2172 1733 2208 potuerat,
1755 2178 1810 2199 no-

1141 2209 1229 2240 mina
1252 2210 1365 2240 horum
1383 2211 1550 2241 consulum
1566 2221 1631 2241 non
1647 2221 1810 2251 compare-

1140 2253 1227 2282 bant.
1252 2253 1357 2283 CREV.

1185 2305 1200 2325 2
1225 2296 1279 2325 Ad
1293 2297 1462 2333 illonetae]
1490 2295 1543 2326 De
1558 2297 1638 2326 aede
1654 2296 1810 2326 Monetae

1141 2337 1180 2367 cf.
1197 2337 1268 2368 infr.
1285 2337 1336 2367 vii.
1355 2338 1403 2368 28.
1428 2339 1534 2369 CREv.

1185 2389 1202 2419 3
1226 2381 1404 2417 censurae]
1437 2380 1538 2411 Cuius
1559 2391 1693 2411 munera
1713 2384 1810 2411 antea

1141 2423 1287 2452 consules
1303 2423 1457 2461 agebant:
1482 2423 1545 2452 iam
1562 2433 1646 2461 vero,
1656 2423 1809 2462 quoniam

1141 2464 1275 2503 plebeiis
1297 2465 1477 2495 tribunatus
1499 2465 1646 2496 militaris
1665 2466 1809 2505 patebat,

1139 2517 1273 2536 munera
1291 2517 1442 2538 censurae
1465 2508 1506 2538 ad
1528 2508 1733 2548 magistratus
1754 2518 1808 2538 no-

1144 2560 1197 2579 vos
1223 2550 1329 2579 delata
1359 2555 1442 2581 sunt.
1489 2551 1535 2581 Hi
1561 2551 1764 2591 magistratus
1789 2561 1810 2582 a

1141 2591 1234 2622 curiis
1248 2592 1414 2629 nominati,
1424 2596 1520 2632 atque
1536 2604 1553 2624 e
1570 2593 1719 2624 centuriis
1735 2603 1808 2624 con·-

1141 2634 1275 2665 firmati:
1301 2636 1387 2665 unde
1410 2636 1527 2674 evenit,
1542 2640 1589 2673 ut,
1606 2636 1726 2676 populo
1742 2647 1808 2667 non

1138 2677 1278 2716 amplius
1290 2677 1435 2708 curiatim
1449 2682 1635 2717 convocato,
1646 2679 1808 2709 centuriae

1140 2719 1221 2749 binis
1244 2720 1381 2750 comitiis
1402 2721 1441 2751 de
1465 2721 1596 2760 singulis
1618 2721 1807 2761 magistrati—

1138 2763 1197 2792 bus
1219 2762 1407 2801 iudicarent,
1431 2764 1515 2803 quod
1538 2764 1728 2803 quibusdam
1751 2773 1806 2802 po-

1138 2805 1275 2835 sterioris
1301 2806 1371 2835 aevi
1399 2806 1605 2846 scriptoribus
1625 2805 1806 2836 admiratio-

1138 2858 1211 2877 nem
1233 2849 1391 2878 morebat.
1416 2849 1455 2879 cf.
1478 2848 1545 2879 Cic.
1567 2849 1639 2879 adv.
1661 2847 1750 2878 Rull.
1771 2847 1804 2877 ii.

1142 2900 1187 2920 11.
1214 2890 1348 2921 Niebhr.
1365 2890 1396 2921 ii.
1413 2902 1443 2922 n.
1461 2892 1531 2929 872.
