1934 3211
575 134 702 176 LIB.
737 134 818 176 IX.
864 134 1012 177 CAP.
1046 140 1114 178 20.
1473 142 1556 182 523

154 223 259 265 Asia
286 232 500 280 gestorum
531 224 583 265 ab
604 223 685 265 hoc
713 224 804 280 ipso
834 224 987 265 iuvene
1019 240 1116 266 cum
1144 241 1220 267 sua
1255 230 1555 272 conferentem.
1574 245 1617 277 U.
1635 246 1673 276 ς’,
1691 255 1765 285 435·

154 279 381 335 Equidem,
396 295 529 335 quum
550 295 627 337 per
648 296 782 322 annos
795 290 996 337 quattuor
1012 291 1055 323 et
1070 282 1222 339 viginti
1243 284 1379 340 primo
1394 286 1558 330 Punico
1572 290 1612 319 A.
1636 290 1675 320 C.
1693 298 1766 328 317·

151 336 264 379 bello
284 336 484 378 classibus
512 347 718 380 certatum
739 354 837 380 cum
863 338 1020 380 Poenis
1044 340 1254 391 recordor,
1277 342 1347 383 vix
1376 353 1558 386 aetatem

151 393 390 436 Alexandri
424 395 695 437 suffecturam
726 395 852 438 fuisse
888 411 984 438 reor
1014 397 1070 438 ad
1102 413 1236 439 unum
1268 399 1440 442 bellum.
1503 402 1561 444 Et

149 451 336 502 forsitan,
368 467 500 509 quum
542 462 585 494 et
616 453 855 495 foederibus
895 455 1072 496 vetustis
1106 455 1254 497 iuncta
1290 456 1456 499 Punica
1495 474 1561 500 res

151 508 374 551 Romanae
406 518 526 560 esset,
549 520 592 552 et
620 511 747 553 timor
770 526 847 568 par
870 511 1068 554 adversus
1096 528 1365 556 communem
1394 514 1559 558 hostem

150 565 257 607 duas
295 568 608 623 potentissimas
647 569 772 610 armis
811 569 995 625 virisque
1036 571 1160 612 urbes
1200 581 1392 623 armaret,
1435 573 1560 615 simul

149 622 315 666 Punico
357 625 643 683 Romanoque
684 627 858 668 obrutus
899 626 1011 668 bello
1057 637 1177 670 esset.
1241 628 1344 671 Non
1385 630 1559 687 quidem

150 680 402 724 Alexandro
430 683 552 734 duce,
582 699 661 725 nec
691 684 865 740 integris
900 683 1190 727 Macedonum
1220 687 1356 738 rebus,
1380 688 1455 729 sed
1485 704 1559 730 ex-

149 739 260 795 perti
298 748 439 782 tamen
482 751 580 783 sunt
615 742 804 783 Romani
841 742 1126 784 Macedonem
1159 743 1324 786 hostem
1361 745 1560 788 adversus

150 795 428 848 Antiochum,
452 798 596 856 Philip
628 814 713 849 um,
736 799 909 850 Persen,
932 815 1019 842 non
1041 801 1169 843 modo
1190 817 1287 844 cum
1320 802 1438 845 clade
1461 803 1558 854 ulla,

117 853 225 896 8sed
245 869 299 897 ne
325 870 423 897 cum
455 871 600 912 pericu
618 872 643 898 o
665 856 840 912 quidem
865 873 952 899 suo.

1016 858 1144 900 Absit
1173 859 1334 901 invidia
1354 862 1493 911 verbo,
1517 870 1561 904 et

116 910 290 974 ffcivilia
309 912 422 955 bella
451 913 614 964 sileant,
637 929 858 971 nunquam
887 915 938 956 ab
960 916 1104 972 equite
1132 916 1267 967 hoste,
1289 933 1509 975 nunquam
1535 934 1560 961 a

149 969 307 1026 pedite,
329 986 550 1027 nunquam
571 981 717 1029 aperta
737 973 840 1023 acie,
858 988 1079 1030 nunquam
1101 975 1260 1030 aequis,
1278 976 1427 1032 utique
1449 992 1562 1018 nun-

116 1041 278 1083 2quam
306 1029 458 1070 nostris
486 1028 588 1071 locis
620 1029 913 1072 laboravimus.
977 1030 1195 1087 Equitem,
1217 1033 1400 1089 sagittas,
1430 1034 1559 1076 saltus

147 1084 388 1142 impeditos,
407 1086 499 1127 avia
519 1088 824 1129 commeatibus
850 1088 943 1130 loca
962 1089 1099 1145 gravis
1121 1090 1246 1131 armis
1267 1090 1388 1133 miles
1409 1092 1557 1134 timere

147 1151 310 1199 potest:
359 1143 474 1185 mille
516 1145 640 1195 acies,
681 1146 892 1202 graviores
932 1162 1061 1203 quam
1098 1146 1389 1190 Macedonum
1429 1159 1557 1206 atque

148 1199 400 1252 Alexandri,
435 1203 597 1253 avertit,
628 1212 898 1260 avertetque3
931 1204 1058 1246 modo
1089 1205 1142 1246 sit
1163 1215 1394 1262 perpetuus
1418 1206 1559 1258 huius,-

148 1273 234 1314 qua
253 1259 446 1309 vivimus,
464 1260 580 1316 pacis
601 1275 718 1302 amor
733 1270 777 1303 et
797 1261 932 1302 civilis
953 1277 1054 1304 cura
1074 1263 1337 1305 concordiae.

208 1315 271 1358 M.
292 1316 455 1359 Foslius
470 1317 732 1360 Flaccinator
743 1319 844 1360 inde
859 1328 902 1361 et
918 1319 968 1360 L.
985 1319 1178 1362 Plautius
1192 1321 1348 1364 Venno
1365 1322 1558 1364 consules

147 1373 260 1415 faeti.

323 1374 388 1416 Eo
410 1390 522 1417 anno
544 1376 595 1418 ab
616 1375 908 1432 frequentibus
932 1376 1185 1419 Samnitium
1206 1379 1373 1436 populis
1394 1380 1447 1421 de
1470 1380 1557 1422 foe-

148 1430 248 1473 dere
263 1433 508 1475 renovando
529 1433 670 1490 legati,
688 1449 821 1490 quum
835 1445 1028 1476 senatum
1043 1435 1162 1477 humi
1179 1437 1297 1478 strati
1314 1437 1541 1479 movissent

1644 1323 1712 1361 20.

1573 1378 1616 1410 U.
1634 1379 1672 1410 C.
1690 1377 1765 1418 436.

1572 1422 1610 1452 A.
1635 1422 1673 1452 C.
1691 1420 1766 1459 316.

1544 1470 1555 1487 9
1571 1465 1619 1495 M.
1634 1463 1758 1501 Foslio,

147 1489 294 1531 reiecti
324 1490 378 1531 ad
408 1491 615 1547 populum
646 1491 976 1548 haudquaquam
1009 1502 1094 1534 tam
1125 1494 1314 1535 efficaces
1344 1494 1557 1537 habebant
1572 1507 1608 1537 L.
1625 1506 1760 1537 Plautio

147 1561 306 1603 prCCCS.

147 1604 310 1661 aliquot
340 1605 430 1647 dies
458 1606 702 1663 fatigassent
729 1607 916 1664 singulos
945 1608 1151 1664 precibus,
1177 1609 1436 1665 impetratae.
1501 1610 1559 1652 Et

147 1677 201 1703 ex
224 1662 385 1720 Apulia
407 1663 652 1706 Teanenses
671 1664 966 1721 Canusinique
987 1666 1333 1722 populationibus
1353 1667 1464 1718 fessi,
1483 1669 1558 1710 ob-

146 1719 306 1762 sidibus
342 1720 392 1762 L.
409 1720 578 1764 Plautio
609 1722 773 1764 consuli
804 1723 926 1773 datis,
959 1723 1004 1764 in
1040 1724 1303 1766 deditionem
1334 1736 1557 1768 venerunt.

116 1784 134 1815 3
148 1776 313 1820 Eodem
330 1794 443 1821 anno
463 1780 649 1836 primum
662 1781 864 1837 praefecti
884 1780 1059 1838 Capuae
1077 1782 1209 1824 creari
1223 1783 1377 1841 coepti,
1392 1783 1560 1840 legibus

147 1951 210 1981 que
234 1941 389 1982 peiorem,
405 1942 490 1981 quod
508 1941 672 1972 neminem
699 1952 827 1981 praeco-

147 1994 221 2014 nem
236 1994 342 2015 rerum
355 1984 388 2015 in
403 1985 502 2015 ltalia
515 1989 676 2024 gestarum
690 1985 830 2023 adeptus

148 2027 255 2058 suerit.

190 2071 210 2099 8
226 2070 321 2100 Absit
337 2070 462 2099 invidia
476 2070 586 2108 verbo]
607 2068 762 2099 Formula
775 2069 829 2099 de-

148 2111 322 2152 precantis,
339 2122 379 2142 ne
395 2122 436 2142 ex
453 2112 554 2142 nimia
570 2122 646 2141 suae
667 2111 831 2141 felicitatis

149 2154 389 2195 praedicatione
405 2155 527 2185 malum
543 2154 666 2193 aliquid
685 2153 829 2184 oriretur.

191 2208 210 2237 ι)
235 2198 354 2228 Fit-ilia
381 2198 464 2229 bella
488 2198 623 2235 sileant]
654 2197 705 2227 De
731 2196 830 2227 civili-

148 2241 208 2271 bus
224 2240 318 2271 bellis
335 2251 398 2271 non
416 2241 471 2270 fiat
490 2240 622 2270 mentio.
647 2240 754 2270 Caav.

195 2293 205 2314 1
225 2285 406 2324 ivtmquam
424 2285 464 2313 ab
480 2284 602 2324 equile]
626 2283 718 2313 llaec
734 2283 830 2312 verba

147 2336 212 2356 non
237 2331 371 2366 possunt
387 2336 426 2356 eo
443 2325 561 2365 exponi
587 2336 694 2361 sensu,
710 2329 745 2354 ut
765 2325 829 2355 110-

146 2369 236 2400 mani
264 2379 429 2408 nunquam
458 2370 498 2399 ab
526 2368 673 2408 equitatu
706 2367 829 2407 perlita-

147 2417 224 2443 tuve
263 2411 371 2443 hostili
410 2411 484 2443 victi
523 2411 619 2442 fuisse
658 2410 827 2440 dieantur:

146 2464 247 2494 quum
272 2458 305 2485 et
328 2454 396 2494 ipse
420 2454 532 2486 Livius
553 2464 622 2494 cap.
650 2464 753 2493 praec.
776 2464 828 2491 ag-

147 2501 271 2536 noscat,
295 2502 327 2528 et
352 2508 402 2528 res
425 2497 495 2537 ipsa
518 2497 637 2527 clamet
663 2497 829 2527 Romanos

147 2540 260 2571 multis
276 2540 407 2580 proeliis
422 2540 522 2570 victos
538 2550 616 2570 esse.
665 2539 758 2569 Haec
775 2538 829 2575 igi-

147 2587 200 2613 tur
216 2583 313 2613 fuisse
336 2582 463 2613 videtur
483 2592 574 2613 mens
595 2581 689 2613 Livii.
737 2581 829 2612 Nun—

147 2636 245 2665 quam
274 2626 315 2655 ob
343 2635 414 2656 earn
443 2635 572 2655 causam
603 2623 829 2659 laboravimus,

147 2669 234 2708 quod
249 2667 348 2697 hostin
360 2672 416 2698 aut
429 2667 623 2707 equitatum,
635 2672 690 2697 aut
706 2667 828 2706 pedita-

148 2716 217 2741 tum
236 2714 344 2740 nostro
360 2709 526 2740 meliorem
545 2710 687 2740 haberet.
728 2709 827 2745 Quod

148 2759 257 2783 tamen
283 2763 346 2783 non
370 2757 521 2782 accurate
540 2762 648 2782 verum
667 2763 734 2781 ense
760 2761 828 2791 pro—

147 2796 269 2827 batille
282 2794 476 2826 Hannibalis
486 2795 649 2834 equitatus
662 2795 754 2832 longe
764 2794 826 2824 lto-

148 2849 245 2870 mano
268 2837 424 2878 superior,
446 2837 515 2877 ipso
537 2842 618 2867 teste
643 2836 746 2872 Lixio,
762 2837 828 2867 xxi.

148 2889 200 2921 47.
217 2886 247 2912 ct
265 2881 352 2912 xxxi.
371 2882 420 2919 38.
469 2880 534 2911 llic
558 2890 674 2920 nempe
695 2879 827 2911 deflexit

874 1946 1018 1973 nostrum
1043 1953 1062 1973 a
1086 1953 1161 1973 vero
1187 1944 1359 1975 Romanae
1384 1945 1490 1976 laudis
1513 1946 1559 1976 ni-

874 1984 958 2014 mius
973 1995 1074 2015 amor.
1114 1987 1270 2020 Quonam
1288 1987 1375 2016 enim
1392 1988 1490 2018 modo
1503 1989 1558 2027 qui

874 2026 1029 2057 Alliensis
1052 2028 1298 2066 Cannensisque
1323 2029 1464 2060 cladium
1493 2040 1558 2061 me-

874 2068 1015 2106 minerit,
1031 2069 1151 2100 iactare
1169 2075 1275 2109 potest
1295 2071 1462 2102 Romanos
1479 2083 1558 2103 nun-

875 2121 972 2150 quam
989 2116 1103 2151 ηραν-[ιι
1121 2114 1189 2144 acie
1207 2113 1392 2145 laborasse?
1418 2115 1526 2146 (ἷκεν.

924 2164 941 2184 2
972 2155 1141 2195 Equitem]
1186 2154 1407 2187 Numerosum
1435 2157 1559 2197 equita-

875 2201 966 2233 tum3
992 2197 1179 2236 praesertim
1205 2197 1236 2228 iu
1261 2199 1450 2238 patentibus
1473 2211 1560 2231 cam-

876 2239 936 2279 pis,
958 2240 1127 2270 Romanus
1151 2240 1245 2271 miles
1270 2242 1375 2280 gravis
1399 2242 1498 2273 armis
1521 2243 1558 2273 ti-

875 2292 962 2312 mere
986 2287 1102 2322 potest.
1151 2283 1279 2313 Alludit
1298 2283 1384 2314 haud
1402 2285 1500 2316 dubie
1516 2287 1557 2316 ad

877 2325 1065 2355 Parthicum
1091 2325 1285 2365 equitatum,
1306 2331 1339 2357 ct
1363 2327 1469 2359 Crassi
1494 2328 1557 2359 cla-

875 2367 959 2398 dem.
984 2368 1091 2398 Cum.

920 2419 937 2448 3
961 2411 1127 2449 I'rtwscctt'
1142 2413 1156 2440 (
1164 2412 1293 2450 ¹almae]
1313 2412 1460 2452 Fupuam
1475 2413 1556 2443 Gro-

875 2453 989 2483 novius
1016 2453 1155 2492 reponit,
1182 2454 1266 2493 quod
1299 2454 1457 2486 Niebuhr.
1486 2466 1557 2496 pro-

875 2495 950 2532 bat;
987 2495 1041 2534 qui
1074 2496 1160 2526 bunc
1192 2496 1415 2534 magistratum
1449 2498 1557 2529 Roma

874 2539 1024 2578 Capuam
1064 2538 1196 2569 missum
1237 2539 1334 2569 fuisse
1373 2539 1556 2572 arbitratur.

875 2581 966 2612 Cave
997 2585 1106 2611 tamen
1149 2592 1222 2612 cum
1254 2582 1418 2613 Crevit-rio
1449 2583 1557 2614 existi-

875 2633 954 2660 mes,
985 2624 1133 2664 Capuam
1170 2624 1232 2654 iam
1265 2624 1297 2655 in
1337 2626 1558 2664 praefecturae

876 2666 1047 2697 Romanae
1070 2666 1287 2697 conditionem
1307 2668 1448 2705 cessim,
1464 2669 1556 2709 quip-

876 2719 915 2748 pe
934 2709 1004 2739 infr.
1019 2708 1105 2739 xxvi.
1119 2709 1148 2739 6.
1165 2710 1252 2749 apud
1268 2711 1456 2750 Campanos
1471 2721 1556 2742 suin-

875 2761 963 2781 mum
990 2751 1227 2791 magistr-atum,
1249 2753 1300 2783 cui
1327 2764 1443 2784 nomen
1471 2756 1556 2785 Osco

876 2794 1034 2824 vocabulo
1082 2794 1329 2833 Medixtutieus,
1375 2796 1557 2833 cernimus;

875 2847 970 2874 quem
998 2836 1116 2876 pariter
1141 2837 1210 2868 insr.
1236 2837 1325 2869 xxiii.
1349 2848 1376 2870 2.
1397 2838 1427 2870 6.
1451 2838 1555 2871 cix-em

875 2880 1082 2920 Campanum
1107 2880 1203 2912 fuisse
1227 2880 1340 2921 liquet.
1385 2882 1449 2914 Sed
1471 2882 1555 2914 vide-

370 1547 534 1605 Itaquc,
551 1549 722 1591 foedere
744 1559 910 1606 negato,
929 1550 1118 1592 indutiae
1135 1551 1310 1601 biennii,
1329 1568 1461 1608 quum
1482 1568 1558 1610 per
1570 1550 1662 1582 Coss.
