1934 3211
540 169 668 211 LIB.
702 169 826 210 VIII.
875 170 1022 214 CAP.
1057 177 1124 214 24.

1445 180 1530 221 479

103 267 206 309 7set,
223 273 299 316 pro
316 258 486 300 consule
506 272 595 298 rem
611 265 789 312 gereret,
808 258 950 313 quoad
965 258 1224 301 debellatum
1240 277 1338 303 cum
1358 263 1532 307 Graecis
1547 278 1591 310 U.
1607 278 1646 310 C.
1664 279 1737 316 428.

129 325 248 358 esset.
310 315 360 356 L.
379 313 594 363 Cornelio,
616 315 718 370 quia
737 329 791 355 ne
812 329 911 355 eum
932 315 1107 371 quidem
1131 317 1177 357 in
1201 317 1419 361 Samnium
1448 323 1531 364 iam
1546 322 1584 352 A.
1609 321 1647 352 C.
1666 331 1738 360 324·

127 373 361 430 ingressum
381 371 567 412 revocari
588 371 640 412 ab
660 371 824 428 impetu
847 371 948 413 belli
972 373 1178 429 placebat,
1200 374 1346 417 literae
1368 379 1530 430 missae,

128 438 177 472 ut
199 429 449 472 dictatorem
477 429 744 471 comitiorum
772 444 897 471 causa
923 429 1093 472 diceret.

1158 431 1283 474 Dixit
1316 433 1378 475 JM.
1402 435 1531 478 Clau-

1545 444 1760 476 M.Claudius

127 487 246 529 dium
267 485 548 528 Marcellum:
583 486 634 528 ab
666 502 716 529 eo
747 487 946 543 magister
972 489 1166 544 equitum
1191 490 1328 532 dictus
1359 491 1429 549 Sp.
1449 493 1533 534 Po-
1545 487 1692 518 dictat&-

127 544 315 586 stumius.
360 543 405 585 N
407 559 454 585 ec
476 552 619 585 tamen
640 544 692 586 ab
713 544 918 587 dictatore
935 546 1106 588 comitia
1126 555 1225 588 sunt
1245 548 1400 599 habita,
1419 551 1532 607 quia,

126 602 284 644 vitione
321 610 486 643 creatus
527 610 648 652 esset,
685 602 730 643 in
767 602 1107 659 disquisitionem
1142 606 1269 647 venit.

1336 606 1534 650 Consulti

126 674 318 716 augures,
334 659 532 701 vitiosum
552 659 688 701 videri
709 660 970 711 dictatorem,
989 663 1380 718 pronuntiaverunt.
1427 665 1532 707 Eam

126 731 216 758 rem
247 717 406 759 tribuni
438 726 675 773 suspectam
706 717 993 775 infamemque
1030 720 1294 763 criminando
1327 722 1531 765 fecerunt.

128 773 272 816 ‘Nam
304 790 445 831 neque
478 775 599 816 facile
632 775 758 817 fuisse
794 776 840 817 id
870 776 1020 818 vitium
1052 779 1182 828 nosci,
1219 794 1352 835 quum
1386 781 1534 822 consul

94 867 115 899 9

95 815 296 874 ⁸‘0riens
322 841 447 874 nocte
475 832 643 874 silentio
671 833 832 875 diceret
859 833 1133 877 dictatorem:
1172 851 1312 892 neque
1347 838 1399 878 ab
1433 854 1534 880 con-

128 895 140 914 ‘
154 889 244 932 sule
265 890 465 947 cuiquam
486 890 656 947 publice
683 891 933 947 privatimve
955 892 1008 934 de
1030 908 1081 934 ea
1107 908 1151 935 re
1182 895 1385 951 scriptum
1415 910 1503 937 esse
1521 912 1530 937 :

127 953 140 972 ‘
154 963 235 990 nec
275 963 535 1005 quemquam
575 948 815 990 mortalium
856 958 1033 1000 exstare,
1071 951 1145 1007 qui
1186 967 1229 993 se
1266 952 1417 994 vidisse
1459 962 1534 995 aut

127 1011 140 1030 ‘
155 1005 319 1048 audisse
361 1006 465 1062 quid
505 1005 631 1056 dicat,
669 1006 786 1062 quod
825 1007 1059 1063 auspicium
1100 1008 1341 1051 dirimeret:
1391 1026 1531 1067 neque

127 1069 139 1087 ‘
153 1078 333 1120 augures
354 1063 542 1105 divinare
567 1063 729 1105 Romae
751 1064 948 1106 sedentes
972 1066 1172 1121 potuisse,
1196 1067 1299 1123 quid
1321 1068 1367 1108 in
1388 1069 1532 1110 castris

125 1125 139 1144 ‘
153 1121 316 1162 consuli
337 1121 429 1162 vitii
450 1121 700 1163 obvenisset.
752 1120 837 1163 Cui
858 1137 943 1164 non
966 1138 1180 1179 apparere,
1203 1125 1320 1180 quod
1340 1125 1532 1181 plebeius

125 1178 334 1220 ‘dictator
363 1178 430 1228 sit,
456 1178 501 1219 id
528 1179 680 1220 vitium
711 1180 940 1235 auguribus
964 1196 1100 1222 Visum
1116 1182 1152 1222 ?'

1213 1181 1334 1223 Haec
1365 1183 1531 1239 aliaque

123 1236 176 1278 ab
197 1236 377 1278 tribunis
397 1236 683 1292 nequicquam
705 1237 882 1278 iactata:
917 1246 1059 1279 tamen
1080 1238 1134 1279 ad
1154 1239 1444 1296 interregnum
1466 1256 1531 1282 res

123 1293 259 1335 redit:
293 1293 518 1350 dilatisque
548 1294 629 1335 alia
656 1303 783 1350 atque
813 1294 895 1336 alia
915 1295 968 1336 de
995 1311 1119 1338 causa
1139 1297 1333 1347 comitiis,
1357 1308 1530 1354 quartus

123 1351 314 1393 decimus
347 1351 520 1392 demum
557 1351 743 1392 interrex
780 1351 829 1392 L.
850 1352 1060 1394 Aemilius
1096 1354 1289 1396 consules
1325 1364 1440 1397 creat
1475 1355 1526 1398 C.
1544 1366 1588 1399 U.
1606 1367 1644 1398 C.
1661 1378 1734 1408 4²9-

95 1408 377 1458 1Poetelium,
410 1408 459 1449 L.
479 1407 698 1465 Papirium
730 1408 1030 1465 Mugillanum.
1097 1410 1325 1453 Cursorem
1358 1413 1403 1453 in
1437 1411 1582 1455 aliis-¹³·
1607 1410 1735 1448 03²3·

91 1513 109 1534 2
123 1466 345 1508 annalibus
366 1466 548 1508 invenio.

122 1582 254 1624 ditam
271 1598 282 1631 3
316 1581 710 1638 Alexandrumque,
746 1582 866 1638 Epiri
896 1598 1052 1639 regem,
1085 1585 1137 1625 ab
1173 1584 1318 1625 exsule
1350 1584 1527 1627 Lucano

91 1640 405 1689 4interfectum,
427 1648 559 1681 sortes
582 1639 807 1681 Dodonaei
829 1639 940 1681 Iovis
961 1649 1118 1682 eventu
1139 1641 1375 1684 affirmasse.

167 1776 184 1808 7
207 1770 277 1800 Pro
301 1769 446 1807 consule]
486 1768 597 1801 Prima
623 1768 703 1799 haee
731 1778 800 1808 pro-

122 1811 264 1842 consulis
277 1811 400 1842 mentio
417 1811 565 1842 occurrit.

164 1855 184 1885 8
209 1855 326 1885 Oriens
341 1855 447 1892 nocte]
479 1855 596 1886 Oriens
610 1855 649 1885 de
664 1859 754 1886 nocte
769 1854 801 1885 in

122 1900 251 1928 textum
266 1896 411 1936 reposuit
422 1896 528 1927 Bekk.
566 1896 655 1928 Olim
669 1899 801 1929 oriente.

124 1939 241 1971 Velius
256 1939 388 1978 Longus
402 1939 443 1970 de
456 1939 708 1979 Orthographia,
722 1941 803 1970 oriri

122 1983 214 2023 apud
227 1983 377 2023 antiquos
391 1992 524 2021 suryere
531 1983 727 2022 frequenter
741 1984 802 2021 sig]-

123 2026 289 2065 mflcabat,
304 2029 341 2055 ut
363 2029 502 2064 apparet
525 2025 561 2054 in
587 2035 622 2055 eo
648 2025 732 2064 quod
757 2025 803 2054 ‹li-

122 2069 231 2098 citur:
264 2067 399 2098 Cossu.
421 2075 543 2096 omi-:NS
568 2075 802 2096 umisrnxrru

126 2118 242 2140 rorum
262 2117 367 2139 meu.
414 2108 466 2139 Ex
491 2108 552 2138 hoc
572 2109 679 2139 oriens
694 2118 802 2138 emen-

123 2151 212 2182 davit
228 2151 423 2182 Gronovius.

166 2205 186 2235 9
209 2195 362 2232 Silentio]
390 2194 525 2224 Silentia
548 2203 682 2233 suryere
705 2204 804 2233 quum

123 2238 256 2275 dicitur,
291 2237 453 2276 siynnficat
495 2247 559 2266 non
599 2237 804 2276 interpellari

124 2281 294 2321 quominus
308 2290 375 2310 rem
395 2283 501 2319 ⁸qerat,
519 2278 622 2318 inquit
641 2278 756 2309 Festus
771 2278 803 2308 in

125 2332 203 2353 voce
221 2322 407 2353 Sinistrum.
455 2322 552 2360 Apud
577 2331 651 2351 cum
676 2320 747 2351 vide
771 2320 802 2351 in

125 2364 257 2396 vocibus
275 2365 411 2396 Silcntio
435 2368 468 2394 et
488 2364 597 2394 Solicta
619 2364 710 2400 sella,
726 2374 802 2402 quo-

124 2408 222 2438 modo
247 2406 453 2447 providerent
477 2406 498 2436 ii
522 2405 576 2446 qui
603 2406 635 2436 in
659 2406 803 2445 auspicio

125 2454 228 2487 erant,
243 2460 284 2480 ne
300 2449 376 2489 quid
392 2449 547 2489 strepitus
561 2449 707 2486 oriretur,
717 2450 802 2488 quod

124 2491 273 2532 auspicia
287 2493 441 2522 turbaret.
479 2492 568 2522 Hinc
578 2493 744 2523 silentium
757 2491 803 2522 di-

126 2535 210 2565 citur
239 2534 270 2564 in
301 2534 465 2573 auspiciis,
489 2535 575 2574 quod
606 2534 693 2564 omni
727 2534 804 2564 vitio

127 2581 224 2608 caret.
267 2575 342 2608 Vid.
367 2581 400 2607 et
423 2577 492 2608 Cic.
520 2578 561 2607 de
590 2577 666 2609 Div.
694 2576 726 2608 ii.
755 2585 802 2616 71.

126 2621 234 2651 Cam.

182 2672 190 2692 ι
219 2663 254 2692 C.
274 2662 469 2700 Poetelium]
510 2663 651 2692 Petilius
676 2665 803 2692 tantum

128 2715 191 2735 non
217 2714 329 2735 omnes
352 2703 478 2734 codices
501 2708 532 2734 et
556 2705 628 2734 edd.
652 2704 805 2743 antiquae

127 2752 203 2778 ante
227 2747 408 2786 sigonium,
430 2746 483 2785 qui
512 2757 551 2776 ex
582 2747 667 2777 Fast.
696 2747 804 2786 Capit.

131 2789 313 2821 Poetelium
328 2788 360 2819 in
374 2793 499 2818 textum
518 2789 648 2828 recepit.
665 2789 803 2828 supniii.

129 2842 179 2872 35.
228 2832 266 2862 ln
292 2831 432 2862 nummis
455 2841 583 2870 quoque
608 2831 723 2869 legitur
745 2833 804 2862 l'e-

128 2876 242 2911 tutius,
259 2874 289 2905 id
308 2874 393 2913 quod
419 2873 518 2913 Ilugo
542 2874 660 2904 (leuch.
683 2874 740 2904 des
764 2874 804 2905 R.

130 2917 262 2948 Rechts.
282 2918 298 2954 ἕ
320 2926 386 2957 159.
405 2921 504 2947 notat.

1440 1645 1528 1685 Ac-

892 1779 908 1800 2
926 1771 1047 1802 Eodem
1062 1781 1149 1802 anno
1161 1772 1399 1803 Alemandriam
1415 1774 1451 1803 in
1466 1775 1530 1804 Ae-

843 1817 942 1852 gypto
957 1815 1123 1852 proditum
1139 1815 1316 1853 conditam]
1348 1815 1440 1846 Inter
1455 1816 1529 1846 doc-

847 1859 897 1885 tos
920 1860 1047 1886 constat
1069 1867 1134 1887 non
1156 1856 1321 1887 conditam
1346 1867 1414 1888 esse
1431 1859 1530 1889 Alex-

847 1898 994 1928 andriam
1018 1898 1080 1929 hoc
1103 1909 1201 1937 anne,
1217 1910 1281 1939 quo
1298 1900 1446 1931 conditor
1461 1900 1531 1931 eius

848 1941 1036 1971 Alexander
1052 1942 1224 1981 Babylone
1240 1947 1386 1973 mortuus
1402 1948 1461 1979 est,
1474 1945 1529 1974 sed

847 1993 903 2013 sex
919 1988 1086 2022 septemve
1102 1989 1178 2014 ante
1193 1985 1295 2015 annis.
1340 1986 1531 2024 Suspicatur

850 2025 985 2064 Pighius
1008 2025 1040 2055 in
1065 2027 1185 2057 Annal.
1205 2027 1246 2056 ad
1269 2037 1321 2057 an.
1342 2027 1385 2057 U.
1399 2028 1438 2058 C.
1455 2038 1527 2066 4²0·

848 2077 985 2097 errorem
1001 2067 1096 2105 Livii,
1114 2068 1163 2098 vel
1181 2078 1292 2098 eorum
1309 2079 1389 2107 quos
1405 2069 1457 2099 hic
1474 2070 1530 2100 ille

847 2109 1003 2148 sequitur,
1019 2114 1123 2140 ortum
1141 2120 1210 2140 esse
1226 2121 1265 2141 ex
1283 2110 1400 2141 omisso
1416 2111 1473 2141 illo
1491 2112 1528 2143 L.

850 2151 971 2190 Papirii
997 2152 1156 2189 (λιι-50115,
1176 2156 1208 2182 et
1230 2154 1267 2184 C.
1292 2153 1430 2184 Poetelii
1455 2164 1527 2184 con-

849 2195 970 2231 sulatu,
986 2194 1026 2224 dc
1042 2205 1106 2233 quo
1122 2205 1208 2234 supr.
1225 2195 1265 2225 ad
1289 2205 1334 2236 ¹9·
1381 2196 1432 2226 Ad
1457 2196 1530 2227 illos

849 2236 934 2267 enim
952 2238 1100 2268 consules
1115 2237 1346 2268 Alexandriam
1364 2239 1528 2270 conditam

849 2280 943 2310 refert
975 2280 1116 2316 Solinus,
1146 2280 1304 2320 l'olyhist.
1334 2289 1384 2320 35.
1435 2282 1529 2318 Quos

849 2332 949 2361 quum
983 2333 1046 2353 non
1085 2322 1310 2353 memoraverit
1343 2323 1464 2360 Livius,
1496 2325 1527 2355 iu

849 2365 997 2395 consules
1035 2365 1131 2395 huius
1167 2365 1256 2400 anni,
1288 2365 1325 2396 L.
1359 2366 1527 2405 Papirium

849 2408 884 2438 M
892 2407 1083 2446 ugillanum,
1093 2408 1131 2439 C.
1143 2407 1323 2438 Poetelium
1338 2407 1527 2446 iter-ummo-

849 2449 972 2480 minum
1005 2450 1218 2481 similitudine
1245 2451 1413 2490 deceptus,
1443 2453 1529 2482 male

849 2492 958 2523 reiecit
983 2492 1131 2523 conditae
1149 2493 1366 2524 Alexandriae
1389 2498 1529 2533 tempus.

849 2537 956 2566 Ciu-:xa

894 2587 911 2617 3
932 2579 1117 2616 Coruinum]
1146 2578 1245 2608 Ilaud
1263 2579 1361 2609 «lubio
1378 2578 1408 2609 in
1426 2589 1530 2609 errore

850 2621 990 2659 quodam
1008 2620 1060 2651 hic
1079 2626 1220 2651 versatur
1239 2621 1359 2656 Livius,
1375 2621 1527 2660 quoniam

851 2663 1048 2693 Alexandria
1066 2664 1118 2694 ol.
1139 2673 1204 2694 ιη.
1222 2673 1244 2693 1.
1260 2665 1299 2694 A.
1313 2665 1350 2694 (.“.
1370 2674 1440 2702 33²·
1454 2675 1527 2695 eon-

850 2705 917 2735 ‹lita
930 2711 989 2740 est,
1002 2706 1114 2736 Arriun
1130 2705 1171 2736 iii.
1184 2716 1213 2745 p.
1232 2706 1298 2745 156.
1330 2707 1370 2736 cf.
1382 2706 1527 2739 Clinton.

852 2748 938 2778 Fani.
961 2748 1048 2779 11611.
1076 2748 1210 2779 Niebhr.
1230 2748 1259 2779 11.
1279 2759 1308 2788 p.
1326 2748 1398 2788 566.

894 2802 911 2828 4
934 2793 1041 2820 Sortes
1058 2791 1224 2821 Dodonaei
1240 2792 1343 2829 Iovis]
1379 2791 1449 2822 Iam
1473 2793 1527 2822 01)-

850 2832 1048 2862 servavimus
1067 2833 1107 2863 nd
1132 2833 1150 2864 i.
1172 2832 1221 2872 56.
1245 2839 1343 2865 sortes
1366 2835 1527 2865 interdum

849 2874 932 2905 suini
973 2885 1028 2915 pro
1059 2875 1172 2914 qumis
1208 2876 1327 2907 oraculi
1367 2887 1529 2917 responso,

851 2917 948 2948 etiam
968 2928 1044 2949 voce
1060 2918 1155 2950 edito.
1203 2919 1268 2950 1116
1286 2925 1419 2959 possunt
1435 2919 1527 2951 intel-

1543 1453 1580 1483 P.
1594 1453 1741 1483 Poetelio

1542 1495 1592 1526 11.
1610 1495 1647 1526 L.
1661 1496 1721 1526 Pa-

93 1556 110 1586 3
183 1524 347 1566 Eodem
384 1539 495 1565 anno
527 1523 833 1566 Alexandriam
865 1525 910 1566 in
941 1525 1140 1583 Aegypto
1175 1527 1391 1583 proditum
1427 1543 1528 1570 con-
1540 1538 1622 1578 pirio
1635 1538 1726 1568 Coss.

1614 1583 1682 1621 24.

1542 1639 1720 1669 Alexandri

1543 1681 1710 1721 Epirensis

1542 1724 1618 1754 fata.
