1934 3211
222 260 266 291 U.
283 260 321 290 C.
338 259 398 300 456

221 304 260 334 A.
285 303 322 334 C.
339 301 400 343 296

295 1694 360 1731 23.

226 1869 387 1918 Pudicitia

226 1917 366 1952 patricia.

433 155 515 192 582
931 147 1078 190 TITI
1120 147 1298 189 LIVII

435 258 602 292 vocatae
623 265 765 292 omnes
789 249 998 291 centuriae
1026 249 1237 290 consulem
1265 264 1360 290 cum
1382 248 1430 290 L.
1447 248 1676 290 Volumnio
1696 247 1810 289 dice-

436 309 546 350 bant.
609 307 725 349 Fabii
757 307 885 348 oratio
916 306 1006 356 fuit,
1039 306 1170 362 qualis
1201 307 1371 348 biennio
1404 316 1525 348 ante:
1564 305 1730 356 deinde,
1763 313 1811 346 ut

437 366 677 407 vincebatur
692 380 907 414 consensu,
924 379 1042 405 versa
1056 372 1263 420 postremo
1284 364 1336 405 ad
1351 364 1552 421 collegam
1568 363 1616 405 P.
1628 363 1811 404 Decium

436 423 702 480 poscendum.
747 422 823 463 <Id
843 422 1047 463 senectuti
1068 436 1163 462 suae
1185 421 1484 463 adminiculum
1503 422 1613 463 fore:
1638 434 1812 462 censura

439 487 451 504 ‘
466 481 710 537 duobusque
732 479 1011 521 consulatibus
1032 478 1154 519 simul
1174 479 1298 534 gestis
1319 488 1537 534 expertum
1558 494 1613 529 se,
1631 478 1691 519 nil
1711 493 1810 519 con·
1826 495 1838 515 1

439 539 582 579 ‘cordi
621 538 794 593 collegio
833 536 991 577 firmius
1036 535 1089 576 ad
1132 535 1429 591 rempublicam
1470 536 1669 577 tuendam
1708 550 1808 576 esse.

440 595 592 637 ‘Novo
622 595 785 650 imperii
815 594 924 634 socio
951 593 1021 633 vix
1051 593 1132 632 iam
1163 607 1393 634 assuescere
1424 593 1596 634 senilem
1626 593 1811 634 animum

441 659 609 709 ‘posse:
653 667 748 692 cum
783 651 964 691 moribus
999 650 1107 690 notis
1141 649 1300 691 facilius
1335 665 1377 691 se
1412 651 1812 692 communicaturum

441 717 452 734 ⁶
468 710 663 751 consilia.’
725 708 974 763 Subscripsit
1001 707 1177 748 orationi
1204 707 1292 748 eius
1319 707 1476 757 consul,
1499 723 1630 763 quum
1656 707 1812 749 meritis

440 767 486 808 P.
503 767 626 808 Decii
646 766 849 815 laudibus,
874 774 974 814 tum,
1003 771 1014 788 ‘
1027 780 1132 820 quae
1149 780 1201 805 ex
1217 765 1438 806 concordia
1454 764 1668 806 consulum
1688 765 1810 814 bona,

442 830 452 848 ‘
468 839 658 880 quaeque
680 839 734 865 ex
754 823 958 864 discordia
979 822 1086 863 mala
1106 823 1150 862 in
1171 822 1526 863 administratione
1547 837 1685 863 rerum
1705 821 1813 862 mili-

441 882 618 923 ‘tarium
657 881 895 929 evenirent,’
935 879 1215 929 memorando,
1263 885 1416 936 ‘quam
1453 895 1581 936 prope
1621 879 1814 920 ultimum

441 939 690 980 ‘discrimen
730 939 813 979 suis
853 946 895 979 et
930 937 1112 993 collegae
1148 937 1440 978 certaminibus
1474 953 1608 994 nuper
1641 945 1813 978 ventum

441 997 616 1038 ‘forett’
649 995 912 1037 admonendo
934 995 1115 1036 Decium
1137 994 1408 1051 Fabiumque,
1442 1000 1514 1036 ‘ut
1543 1010 1628 1036 uno
1660 994 1812 1043 animo,

442 1061 453 1078 ⁶
470 1070 552 1095 una
571 1062 711 1095 mente
732 1054 929 1095 viverent.
993 1052 1093 1094 Esse
1121 1062 1336 1109 praeterea
1355 1052 1462 1093 viros
1487 1061 1605 1094 natos
1629 1051 1812 1101 militiae,

441 1118 453 1136 ‘
468 1112 584 1153 factis
611 1127 794 1167 magnOS,
816 1111 868 1151 ad
888 1111 1108 1152 verborum
1134 1111 1385 1165 linguaeque
1411 1110 1636 1151 certamina
1661 1109 1810 1150 rudes:

441 1176 517 1210 ‘ea
551 1170 719 1226 ingenia
753 1168 982 1210 consularia
1016 1183 1114 1209 esse.
1179 1167 1364 1208 Callidos
1396 1167 1677 1223 sollertesque,
1713 1167 1814 1207 iuris

440 1233 591 1283 ‘atque
628 1227 888 1282 eloquentiae
925 1225 1144 1275 consultOS,
1182 1225 1313 1281 qualis
1349 1226 1431 1281 Ap.
1457 1224 1658 1266 Claudius
1693 1232 1812 1273 esset,

440 1292 451 1309 ‘
469 1285 559 1326 urbi
576 1301 622 1326 ac
638 1285 725 1325 foro
746 1284 953 1340 praesides
974 1283 1199 1333 habendos,
1216 1292 1507 1339 praetoresque
1529 1282 1582 1323 ad
1601 1281 1815 1323 reddenda

441 1343 557 1383 ‘iura
589 1342 788 1383 creandos
818 1342 931 1383 esse.’
991 1341 1071 1382 His
1106 1340 1276 1397 agendis
1311 1340 1400 1381 dies
1435 1349 1497 1381 est
1531 1348 1810 1395 consumptus,

439 1400 643 1441 Postridie
674 1399 725 1440 ad
757 1399 1056 1455 praescriptum
1088 1397 1266 1439 consulis
1299 1407 1341 1439 et
1372 1397 1602 1439 consularia
1627 1405 1670 1438 et
1695 1412 1813 1453 prae-

440 1458 543 1498 toria
563 1457 729 1498 comitia
748 1457 898 1497 habita.
963 1455 1168 1497 Consules
1195 1455 1320 1496 creati
1346 1455 1398 1503 Q.
1418 1455 1569 1496 Fabius
1596 1463 1638 1496 et
1658 1454 1705 1495 P.
1725 1454 1814 1495 De·
1842 1491 1846 1495 Δ

439 1515 550 1555 cius:
586 1514 667 1569 Ap.
695 1513 897 1554 Claudius
927 1522 1117 1570 praetor3
1150 1528 1293 1554 omnes
1323 1513 1522 1554 absentes.
1585 1512 1641 1553 Et
1661 1511 1709 1553 L.
1726 1511 1843 1553 Vo-2

440 1571 597 1612 lumnio
629 1586 682 1611 ex
714 1571 1068 1612 senatusconsulto
1103 1580 1144 1611 et
1175 1571 1278 1611 scito
1310 1570 1441 1626 plebis
1472 1577 1737 1626 prorogatum
1768 1569 1813 1610 in

440 1644 595 1669 annum
616 1628 837 1683 imperium
858 1637 930 1668 est.

498 1686 561 1727 Eo
592 1700 701 1726 anno
731 1685 920 1740 prodigia
949 1684 1079 1725 multa
1105 1685 1299 1725 fuerunt:
1333 1700 1510 1740 quorum
1540 1699 1812 1725 averruncan-

440 1744 584 1784 dorum
622 1758 742 1784 causa
776 1742 1097 1798 supplicationes
1132 1742 1175 1782 in
1210 1742 1383 1782 biduum
1417 1750 1582 1782 senatus
1614 1741 1809 1782 decrevit.

440 1800 611 1842 Publice
641 1800 785 1840 vinum
817 1815 863 1840 ac
896 1808 961 1840 tus
992 1799 1236 1854 praebitum.
1302 1798 1588 1854 Supplicatum
1617 1799 1701 1839 iere
1731 1798 1812 1839 fre-

440 1867 615 1914 quentes
649 1857 725 1897 viri
759 1857 1031 1912 feminaeque.
1093 1855 1306 1911 Insignem
1341 1855 1683 1911 supplicationem
1713 1856 1812 1897 fecit

439 1924 647 1956 certamen
667 1915 711 1954 in
732 1914 880 1955 sacello
896 1913 1126 1954 Pudicitiae
1146 1913 1354 1968 patriciae,
1373 1928 1478 1968 quae
1499 1913 1544 1953 in
1563 1913 1651 1954 foro
1671 1913 1811 1954 boario
1825 1932 1842 1962 3

439 1981 499 2013 est
534 1972 586 2013 ad
620 1972 766 2013 aedem
801 1971 1021 2012 rotundam
1054 1970 1248 2011 Herculis
1280 1970 1388 2011 inter
1422 1979 1627 2011 matronas
1661 1978 1808 2012 ortum.

438 2030 684 2086 Virginiam,
708 2028 809 2069 Auli
838 2028 978 2077 filiam,
1010 2028 1224 2084 patriciam
1258 2027 1420 2083 plebeio
1452 2035 1627 2083 nuptam
1655 2027 1705 2069 L.
1724 2027 1811 2069 Vo—

438 2087 596 2128 lumnio
619 2086 788 2136 consuli,
807 2094 1030 2135 matronae,
1049 2085 1163 2141 quod
1179 2101 1201 2126 e
1218 2085 1411 2126 Patribus
1431 2085 1671 2141 enupsisset,
1688 2085 1811 2127 sacris
1823 2104 1843 2132 4

439 2154 663 2186 arcuerant.
726 2143 870 2184 Brevis
891 2143 1099 2184 altercatio
1120 2143 1217 2184 inde
1246 2158 1299 2183 ex
1322 2142 1536 2183 iracundia
1556 2142 1747 2184 muliebri
1766 2143 1811 2183 in

440 2202 748 2243 contentionem
773 2201 1004 2242 animorum
1025 2201 1200 2241 exarsit:
1235 2215 1364 2256 quum
1392 2215 1434 2241 se
1455 2199 1645 2255 Virginia
1671 2208 1713 2241 et
1738 2215 1811 2256 pa-

441 2259 598 2300 triciam
619 2268 660 2300 et
679 2259 873 2315 pudicam
893 2259 937 2298 in
958 2258 1152 2314 patriciae
1174 2257 1405 2299 Pudicitiae
1426 2257 1629 2313 templum
1653 2257 1809 2314 ingres-

439 2332 537 2366 sam,
564 2326 605 2357 et
637 2316 709 2357 uni
741 2325 927 2372 nuptam,
956 2315 1008 2356 ad
1036 2330 1160 2371 quem
1191 2315 1307 2370 virgo
1339 2315 1518 2356 deducta
1548 2314 1625 2364 sit3
1656 2330 1734 2356 nec
1765 2327 1839 2359 se5

484 2485 494 2504 1
523 2476 673 2505 (s'oncordz‘
700 2475 843 2513 colleyio]
870 2474 909 2504 cf.
935 2474 1027 2512 Supr.
1053 2483 1098 2512 13.
1143 2473 1274 2503 beraudi
1314 2474 1363 2503 vel
1405 2472 1487 2503 aliae
1531 2472 1712 2504 huiusmodi
1761 2473 1806 2503 rei

437 2522 600 2557 expertum
625 2518 701 2547 mihi
723 2518 865 2548 concordi
888 2518 1015 2555 colleyio
1038 2517 1099 2546 vir-
1144 2526 1239 2545 causa
1266 2515 1350 2545 cives
1376 2515 1619 2553 conveniebant,
1644 2519 1680 2546 ut
1702 2515 1805 2546 forum

440 2571 499 2590 um.
1144 2558 1340 2595 Romanum,
1363 2561 1395 2588 et
1421 2560 1532 2597 postea
1557 2558 1704 2597 Augusti,
1729 2558 1805 2589 Tra-

480 2612 496 2632 ‘3
525 2604 550 2632 Α
560 2603 695 2639 bseutes]
743 2601 905 2632 Nimirum
945 2601 998 2639 qui
1036 2611 1099 2630 non
1144 2600 1218 2630 iani.

438 2644 597 2674 candidati
628 2644 764 2674 comitiis
793 2644 974 2674 intererant.
1034 2644 1099 2682 Ap·
1192 2654 1210 2681 4
1243 2643 1333 2679 Quod
1367 2653 1384 2673 e
1419 2643 1575 2673 Patribus
1610 2644 1802 2682 enupsisset]

440 2687 509 2724 pius
534 2688 574 2716 ab
595 2688 671 2717 urbe
693 2687 813 2723 aberat,
838 2686 956 2716 Fabius
979 2690 1010 2716 et
1036 2686 1099 2716 De·
1146 2685 1245 2720 Quod
1267 2695 1324 2724 per
1346 2684 1540 2715 connubium
1560 2695 1600 2715 ex
1621 2685 1730 2715 ordine
1750 2696 1803 2725 pa-

438 2728 503 2758 cius
518 2740 536 2758 a
553 2739 675 2768 campo.
701 2729 739 2759 cf.
756 2729 826 2759 infr.
843 2728 929 2759 xxvi.
947 2738 995 2758 22.
1144 2727 1307 2758 ‘oriciorum
1334 2727 1366 2757 in
1395 2727 1539 2758 ordinem
1566 2727 1668 2767 plebis
1693 2727 1802 2758 transi-

480 2780 496 2808 3
521 2773 562 2801 In
584 2773 659 2809 soro
689 2773 811 2809 boario]
853 2771 929 2801 Dua
961 2770 1099 2800 fororum
1143 2770 1227 2800 isset.
1252 2769 1291 2799 cf.
1308 2769 1446 2809 supr.iv.
1464 2782 1492 2808 4.

435 2822 549 2849 genera
575 2817 674 2847 orant,
702 2824 799 2843 unum
827 2823 934 2843 eorum
966 2813 1018 2842 ubi
1049 2823 1096 2842 res
1183 2823 1199 2851 5
1228 2813 1292 2844 Uni
1313 2814 1464 2851 nuptam]
1491 2811 1624 2852 Quippe
1644 2811 1801 2848 mulieres,

438 2855 563 2883 venales
597 2857 792 2893 prostabant.
824 2860 857 2885 ut
888 2856 989 2885 forum
1014 2856 1093 2885 Βοα-
1140 2865 1222 2893 quac
1237 2854 1328 2884 alteri
1346 2855 1411 2884 viro
1432 2858 1553 2893 nuptae
1572 2858 1686 2891 essent,
1700 2855 1740 2884 ab
1754 2863 1799 2883 sa-

437 2897 529 2932 rium,
555 2897 732 2934 olitorium,
759 2898 905 2933 alterum,
936 2897 988 2927 ubi
1019 2897 1094 2927 deli<
1141 2897 1199 2927 cris
1209 2896 1387 2936 prohibitae
1399 2900 1481 2929 suut.
1513 2898 1601 2933 Vero,
1613 2906 1653 2927 sc.
1665 2906 1703 2926 ex
1718 2905 1798 2926 vero.
