1934 3211
569 155 694 197 LIB.
728 154 783 196 X.
831 154 975 197 CAP.
1009 160 1075 198 20.
1426 160 1508 201 579

102 243 200 289 7vix
227 243 432 301 explicare
463 258 613 299 agmen
642 243 826 299 possint:
859 243 1000 299 itaque
1031 245 1113 285 iam
1143 246 1353 302 propalam
1380 247 1507 290 duces
1522 261 1564 293 U.
1581 261 1620 293 c.
1637 262 1709 302 456.

129 300 258 358 loqui,
279 299 489 356 extemplo
515 299 701 341 eundum
729 301 774 341 in
804 299 1020 342 Samnium
1047 317 1162 351 esse3
1196 312 1254 352 ut,
1280 304 1422 346 relicta
1449 306 1507 347 ibi
1519 305 1558 336 A.
1582 304 1620 336 C.
1637 304 1708 346 296·

128 358 294 414 praeda,
315 358 360 398 in
380 357 691 414 expeditionem
711 357 898 407 redeant,
916 373 993 400 nec
1015 366 1097 399 tam
1119 369 1336 401 oneratum
1357 377 1506 418 agmen

127 415 384 457 dimicationi
404 415 676 456 committant.
722 415 796 466 Ea,
819 431 1060 472 quanquam
1081 416 1231 458 similia
1250 417 1356 459 veris
1376 429 1505 469 erant,

127 472 279 514 certius
303 480 443 514 tamen
468 472 725 529 exploranda
744 482 868 523 ratus,
890 473 1065 515 dimittit
1091 474 1266 530 equites,
1289 475 1362 531 qui
1383 491 1506 532 vagos

125 529 390 586 praedatores
414 530 458 571 in
483 546 601 587 agros
628 531 816 588 palantes
842 531 1078 588 excipiant:
1112 547 1164 573 ex
1185 533 1337 588 quibus
1366 533 1506 589 inqui-

124 587 255 629 rendo
293 588 516 645 cognoscit,
552 588 605 630 ad
642 588 898 630 Vulturnum
937 589 1095 631 fiumen
1134 589 1278 632 sedere
1313 590 1474 632 hostem
1493 607 1502 640 ;

123 645 222 687 inde
253 646 375 687 tertia
400 646 540 702 vigilia
569 655 803 688 moturum:
837 647 916 688 iter
941 646 984 687 in
1016 646 1231 688 Samnium
1261 663 1360 690 esse.

123 703 221 744 satis
241 703 464 760 exploratis
488 704 708 760 profectus,
732 712 847 746 tanto
874 705 1090 760 intervallo
1117 705 1168 746 ab
1193 705 1379 747 hostibus
1403 697 1537 748 con-S

1424 647 1504 690 His
1517 654 1678 703 Opprimit

1539 702 1676 728 amnltes

1515 741 1718 779 praedatores

123 760 242 810 sedit,
265 770 311 802 ut
332 777 410 803 nec
431 761 633 803 adventus
653 769 751 803 Suus
778 762 1087 819 propinquitate
1115 763 1244 804 nimia
1270 764 1384 805 nosci
1409 779 1502 820 pos-
1515 783 1724 823 Campaniae.

122 826 197 868 set,
215 827 258 860 et
273 819 557 876 egredientem
578 835 601 860 e
623 820 764 861 castris
783 819 945 861 hostem
966 821 1228 877 opprimeret.
1271 821 1502 877 Aliquanto

91 884 221 918 sante
253 876 390 918 lucem
423 877 476 918 ad
507 885 639 918 castra
673 878 867 927 accessit3
905 892 1136 934 gnarosque
1161 878 1293 920 Oscae
1322 879 1501 936 linguae,

122 933 383 990 exploratum
404 934 508 990 quid
527 943 685 991 agatur,
707 935 846 976 mittit.
906 934 1142 977 Intermixti
1162 936 1348 978 hostibus
1368 937 1503 993 (quod

89 991 240 1036 9facile
277 1001 363 1034 erat
402 992 447 1033 in
487 1001 691 1034 nocturna
730 992 1027 1049 trepidatione)
1067 1003 1335 1050 cognoscunt,
1377 995 1503 1036 infre-

122 1049 295 1105 quentia
325 1050 491 1091 armatis
526 1051 643 1107 signa
678 1065 852 1107 egressa,
884 1051 1080 1107 praedam
1110 1051 1373 1108 praedaeque
1409 1068 1501 1094 cus-

121 1106 240 1149 todes
269 1108 410 1156 exire3
443 1108 624 1164 ignobile
653 1123 816 1165 agmen,
839 1117 881 1149 ct
908 1123 982 1150 sua
1005 1124 1215 1165 quc-mque
1244 1109 1498 1161 molientem,

92 1181 104 1202 1
121 1163 237 1207 nullo
257 1165 367 1207 inter
386 1165 487 1207 alios
508 1181 725 1215 consensu,
744 1181 821 1207 nec
838 1167 934 1207 satis
950 1176 1062 1208 certo
1084 1167 1269 1223 imperio.
1313 1167 1500 1224 Tempus

119 1223 389 1280 aggrediendi
417 1223 674 1280 aptissimum
699 1224 833 1265 visum
861 1233 948 1265 est:
981 1232 1023 1265 et
1053 1225 1134 1265 iam
1165 1224 1237 1266 lux
1265 1227 1498 1281 appetebat.

119 1279 268 1337 Itaque
289 1282 407 1337 signa
426 1296 573 1323 canere
602 1282 744 1330 iussit3
777 1297 1010 1338 agmenque
1040 1282 1221 1323 hostium
1250 1283 1498 1339 aggreditur.

121 1337 340 1389 Samnites,
359 1339 513 1395 praeda
528 1339 731 1395 impediti,
750 1340 1033 1396 infrequentes
1054 1340 1211 1389 armati,
1234 1356 1327 1397 pars
1347 1341 1500 1382 addere

117 1396 307 1453 gradum,
344 1412 391 1438 ac
427 1412 524 1453 prae
560 1412 602 1438 se
639 1412 759 1454 agere
800 1397 1008 1454 praedam,
1046 1413 1138 1454 pars
1173 1407 1278 1439 stare
1295 1414 1305 1447 3
1353 1399 1499 1440 incerti

118 1463 259 1496 utrum
298 1454 505 1511 progredi,
541 1470 593 1496 an
629 1455 792 1510 regredi
828 1455 871 1496 in
907 1464 1040 1496 castra
1075 1455 1203 1496 tutius
1240 1456 1355 1506 foret,
1393 1456 1501 1498 inter

117 1510 426 1554 cunctationem
455 1513 758 1569 opprimuntur.
822 1512 878 1554 Et
908 1513 1087 1554 Romani
1121 1513 1201 1554 iam
1236 1514 1500 1555 transcende—

117 1579 210 1612 rant
234 1570 400 1620 vallum,
423 1571 653 1627 caedesque
679 1586 725 1612 ac
755 1570 958 1612 tumultus
986 1580 1073 1612 crat
1098 1571 1141 1610 in
1166 1571 1317 1612 castris.
1383 1570 1499 1612 Sam-

117 1628 268 1670 nitium
305 1643 468 1685 agmen,
500 1637 790 1685 praeterquam
831 1628 970 1669 hostili
1014 1628 1210 1678 tumultu,
1242 1629 1498 1685 captivorum

116 1686 241 1728 etiam
261 1686 479 1742 repentina
499 1686 732 1727 defectione
759 1686 970 1727 turbatum
996 1695 1108 1727 crat:
1142 1686 1213 1742 qui
1241 1687 1391 1743 partim
1422 1687 1498 1742 ipsi

115 1743 238 1785 soluti
263 1744 424 1785 vinctos
454 1743 693 1785 solvebant:
727 1744 878 1800 partim
908 1759 1022 1785 arma
1051 1744 1093 1784 in
1125 1744 1294 1785 sarcinis
1318 1744 1499 1801 deligata

115 1801 342 1858 rapiebant,
375 1801 698 1857 tumultumque,
730 1801 888 1858 proelio
919 1802 1008 1858 ipso
1039 1801 1338 1852 terribiliorem,
1369 1803 1497 1843 inter-

115 1859 236 1900 mixti
268 1859 424 1916 agmini
456 1860 721 1918 praebebant.
785 1859 1108 1900 Memorandum
1140 1859 1292 1900 deinde
1326 1859 1495 1902 edidere

115 1916 299 1958 facinus:
334 1932 429 1958 nam
454 1917 613 1957 Staium
638 1916 870 1957 Minacium
892 1916 1057 1965 ducem,
1080 1916 1305 1958 adeuntem
1331 1917 1496 1958 ordines

114 1973 451 2029 hortantemque,
495 1973 722 2014 invadunt:
771 1973 976 2029 dissipatis
1019 1973 1115 2013 inde
1158 1974 1379 2028 equitibuS,
1423 1975 1494 2030 qui

116 2047 211 2073 cum
240 2046 290 2072 eo
315 2031 499 2079 aderant,
523 2031 657 2086 ipsum
686 2031 1006 2079 circumsistunt,
1030 2030 1363 2086 insidentemque
1386 2047 1496 2087 equo

115 2098 283 2146 captum
305 2088 357 2130 ad
378 2087 590 2129 consulem
616 2087 853 2129 Romanum
881 2088 1057 2144 rapiunt.
1123 2088 1331 2129 Revocata
1355 2104 1405 2130 eo
1432 2099 1496 2129 tu-

116 2146 251 2188 multu
279 2146 412 2203 prima
435 2146 553 2200 signa
576 2146 847 2186 Samnitium:
882 2145 1167 2202 proeliumque
1197 2145 1276 2186 iam
1320 2146 1496 2200 ‘rotilga-

117 2214 205 2246 tum
228 2205 479 2259 integratum
501 2212 576 2252 est,
599 2218 676 2244 nec
697 2202 854 2244 diutius
874 2203 1064 2244 sustineri
1088 2203 1232 2259 potuit.
1288 2161 1422 2245 (Jjaesa
1443 2205 1494 2245 ad

831 2338 916 2367 fonte
955 2348 1071 2367 morem
1106 2347 1196 2367 suum
1230 2338 1312 2367 Osce
1344 2339 1495 2377 loquendi

829 2380 1040 2410 deduxerunt.
1078 2380 1116 2410 cf.
1145 2380 1263 2410 Festus
1290 2391 1316 2411 v.
1340 2382 1495 2420 ln'ln‘nfflws

830 2424 991 2453 [tralatas.
1017 2422 1149 2453 Niebhr.
1167 2423 1185 2454 i.
1204 2434 1231 2453 n.
1252 2433 1320 2464 209.

871 2476 891 2506 9
915 2467 1138 2506 lnsra'qumm'a
1162 2467 1311 2504 armaria}
1345 2467 1383 2497 cf.
1401 2468 1493 2507 Supr.

832 2508 882 2539 vii.
907 2510 936 2538 8.
966 2520 1060 2549 quum
1086 2531 1092 2538 .
1108 2532 1134 2539 ..
1153 2532 1159 2538 .
1184 2510 1402 2549 infrequentia
1425 2521 1494 2540 ccm-

166 2350 183 2381 7
207 2341 336 2381 Imque]
374 2339 392 2370 i.
417 2351 443 2368 υ.
471 2338 565 2368 llanc
589 2338 629 2366 ob
656 2348 784 2367 causam

118 2387 273 2421 verentes,
290 2394 329 2413 m.-
346 2387 469 2412 tantum
490 2380 624 2420 praedae
647 2380 703 2410 sibi
729 2380 783 2410 im-

118 2426 304 2468 pedimento
319 2425 368 2455 nit.
396 2424 503 2454 lun-za.

159 2470 179 2500 8
203 2472 388 2508 (laurosque
402 2471 500 2496 ‘lacae
515 2466 663 2505 linyuae]
696 2465 785 2495 Sam-

117 2512 212 2549 nites,
227 2511 281 2551 qui
302 2509 514 2549 Campaniam
539 2513 786 2548 occupaverant,

117 2555 258 2595 linguam
280 2556 395 2585 Ost-am
421 2562 476 2581 sua
497 2556 785 2585 commutaverunt,

117 2602 153 2628 ut
184 2596 364 2628 Niebuhrio
403 2595 537 2629 videtur,
571 2593 654 2623 liaud
693 2593 786 2623 aliter

116 2650 212 2680 quam
238 2650 301 2679 qua
328 2638 448 2669 ratione
479 2636 648 2666 Lornbardi
678 2641 787 2676 postea

117 2682 149 2714 in
174 2682 301 2713 ltaliam
327 2679 511 2717 transgressi
534 2678 673 2716 linguam
697 2689 785 2709 naam

120 2725 254 2756 Italicae
272 2724 533 2764 poathaliuerunt.
582 2722 675 2761 Apud
698 2722 786 2752 Varr.

117 2769 158 2798 de
179 2767 215 2798 L.
232 2767 266 2798 1..
282 2766 319 2797 vi.
338 2775 365 2804 3.
385 2765 527 2803 legimus,
546 2765 665 2795 Sabina
689 2775 786 2804 nsque

117 2811 241 2841 radices
256 2811 289 2839 ιἰι
308 2810 419 2838 (ineam
436 2809 579 2847 Iinfflmm
595 2809 666 2846 eyn.
710 2807 787 2837 Bru-

118 2857 200 2884 tatefl
229 2862 356 2892 «quoque
387 2850 542 2888 bilingutm
578 2860 595 2880 a
627 2849 787 2880 Sabellico

829 2556 934 2590 specta
947 2553 1038 2590 ⁸¹]qu
1049 2557 1159 2581 ament.
1186 2551 1309 2586 vertas,
1318 2554 1409 2591 xiymz
1423 2563 1495 2583 eum

831 2604 898 2623 raro
923 2593 1059 2623 militum
1086 2593 1237 2624 comitatu
1261 2605 1383 2633 cyra-sm
1409 2606 1495 2625 esse.-

832 2636 979 2666 nimirum
1004 2647 1068 2671 con,
1085 2636 1137 2676 qui
1159 2637 1198 2666 ad
1226 2637 1373 2676 prm-dam
1393 2643 1494 2668 custo-

831 2679 978 2709 diendam
1003 2678 1101 2709 rolicti
1119 2684 1233 2714 emunt,
1249 2690 1320 2709 cum
1340 2680 1435 2718 signin
1452 2681 1496 2711 in-

832 2721 1048 2761 frequentibus
1065 2732 1148 2752 nun(-
1164 2722 1293 2752 demum
1311 2723 1406 2754 exire.

878 2775 885 2794 ι
916 2765 1015 2794 Nulla
1032 2766 1115 2795 inler-
1130 2766 1208 2794 alim
1224 2767 1394 2804 cottae-nm]
1422 2766 1451 2797 h.
1468 2777 1494 2797 e.

834 2807 935 2837 Nullo
951 2817 1021 2837 eum
1039 2807 1110 2837 aliis
1125 2818 1291 2842 ουιιηοηκιι,
1305 2808 1426 2848 quippe
1441 2820 1497 2840 nuo

831 2849 959 2880 arbitrio
975 2850 1107 2889 quinque
1123 2860 1178 2879 aaa
1197 2850 1394 2882 molit-batur.

1153 2896 1267 2948 pp2
