1934 3211
575 196 702 238 LIB.
744 196 776 238 Ι.
819 196 966 238 CAP.
1007 202 1074 239 54.
1469 201 1520 241 61

134 287 261 330 deum
277 286 580 342 hominumque
598 301 709 342 rege,
727 302 834 342 quae
853 286 1074 328 Romano
1064 287 1252 343 lmperio‚
1270 303 1378 344 quae
1395 289 1525 345 ipsius

133 345 259 387 etiam
279 343 360 385 loci
381 343 595 386 maiestate
616 354 735 385 esset.
786 343 1010 401 Captivam
1026 345 1249 401 pecuniam
1266 345 1310 386 in
1331 346 1525 388 aedifica-

132 402 290 444 tionem
311 401 401 443 eius
422 401 568 458 templi
588 402 783 458 seposuit.

104 481 117 503 1
190 458 372 515 Excepit
403 459 557 500 deinde
593 475 691 501 eum
726 459 879 501 lentius
914 475 999 525 spe·
1022 459 1193 509 bellum,
1231 475 1316 516 quo
1352 459 1522 510 Gabios,

130 517 411 573 propinquam
447 517 607 567 urbem,
644 518 928 574 nequicquam
962 518 1003 558 vi
1034 517 1216 567 adortus,
1250 533 1382 574 quum
1415 519 1525 559 obsi-

130 573 262 615 dendi
283 590 452 630 quoque
474 575 620 616 urbem
643 590 736 632 spes
756 575 876 632 pulso
897 591 921 616 a
941 576 1161 617 moenibus
1186 575 1383 632 adempta
1403 584 1522 625 esset,

129 641 340 688 postremo
368 632 542 674 minime
573 642 660 674 arte
691 633 895 682 Romana,
921 633 1066 674 fraude
1095 648 1143 674 ac
1171 633 1281 683 dolo,
1334 648 1524 690 agressus

129 698 203 731 est.
267 689 380 731 Nam
416 706 560 746 quum,
590 690 705 732 velut
736 691 871 747 posito
901 690 1024 741 bello,
1055 691 1340 732 fundamentis
1377 691 1520 747 templi

128 746 331 789 iaciendis
359 747 532 804 aliisque
563 749 730 790 urbanis
752 749 947 814 operibus
975 750 1185 790 intentum
1206 764 1249 791 se
1278 763 1366 791 esse
1395 749 1524 790 simu-

96 804 245 855 2laret,
271 804 424 847 Sextus
452 805 562 847 filius
587 807 688 856 eius,
718 808 791 863 qui
813 807 1012 848 minimus
1033 822 1086 849 ex
1112 807 1244 848 tribus
1269 816 1368 856 erat,
1393 815 1525 848 trans-

131 862 236 919 fugit
255 879 309 905 ex
329 864 558 920 composito
583 863 753 913 Gabios,
771 865 898 921 patris
920 865 964 905 in
985 880 1027 906 se
1050 865 1263 906 saevitiam
1285 864 1526 906 intolerabi-

127 919 212 963 lem
241 936 526 978 conquerens:
572 921 687 963 ‘Iam
719 923 769 963 ab
801 922 946 963 alienis
977 923 1020 963 in
1052 937 1148 964 suos
1177 923 1347 964 vertisse
1378 939 1523 980 super-

129 979 288 1021 ‘biamz
321 989 365 1021 et
384 979 610 1021 liberorum
633 996 801 1036 quoque
824 995 919 1021 eum
948 980 1209 1037 fiequentiae
1239 980 1430 1030 taedere3
1464 990 1523 1030 ut,

129 1041 282 1094 ‘quam
303 1037 347 1078 in
367 1038 482 1079 curia
502 1038 772 1079 solitudinem
793 1038 952 1087 fecerit,
974 1038 1088 1080 domi
1111 1054 1279 1094 quoque
1300 1038 1446 1080 faciat:
1471 1054 1524 1080 ne

129 1099 281 1152 ‘quam
316 1095 502 1152 stirpem,
539 1111 592 1137 ne
629 1112 756 1152 quem
797 1096 995 1137 heredem
1032 1096 1151 1153 regni
1184 1096 1405 1152 relinquat.
1470 1096 1523 1138 Se

129 1153 340 1209 ‘quidem‚
363 1154 474 1195 inter
494 1153 578 1195 tela
598 1163 640 1195 et
661 1153 821 1209 gladios
842 1154 970 1210 patris
991 1154 1191 1210 elapsum,
1219 1154 1325 1195 nihil
1347 1169 1523 1210 usquam

128 1211 231 1252 ‘sibi
272 1220 423 1260 tutum,
457 1212 535 1252 nisi
577 1212 690 1268 apud
730 1212 868 1253 hostes
909 1211 958 1252 L.
1003 1212 1238 1268 Tarquinii,
1285 1212 1521 1253 credidisse.

129 1268 282 1318 ‘Nam,
297 1284 350 1311 ne
372 1278 571 1319 errarent,
594 1285 762 1310 manere
784 1270 848 1310 his
869 1269 1039 1319 bellum,
1057 1270 1171 1326 quod
1194 1270 1375 1325 positum
1397 1270 1525 1310 simu-

129 1330 142 1350 ‘
154 1325 286 1373 letur;
309 1336 352 1368 et
373 1342 448 1383 per
467 1328 727 1369 occasionem
749 1343 846 1368 eum
867 1328 1057 1368 incautos
1077 1330 1328 1368 invasurum.
1395 1327 1525 1375 Quod

130 1384 188 1425 ‘si
224 1384 336 1441 apud
369 1400 440 1426 eos
475 1400 522 1425 su
570 1385 731 1426 ilicibus
766 1384 879 1426 locus
912 1400 999 1425 non
1034 1385 1100 1434 sit,
1137 1393 1448 1440 pererraturum
1481 1400 1524 1426 se

129 1447 278 1484 ‘omne
293 1442 486 1484 Latium:
564 1442 780 1498 olscosque
797 1457 839 1483 se
855 1442 966 1506 inde,
984 1451 1028 1482 et
1050 1442 1236 1497 Aequos,
1255 1451 1297 1483 et
1315 1441 1526 1484 Hernicos

184 1500 407 1548 etiturum3
440 1500 576 1541 donec
603 1500 657 1541 ad
685 1514 756 1541 eos
776 1499 1013 1556 perveniat,
1028 1500 1102 1556 qui
1131 1515 1155 1541 a
1181 1508 1347 1564 patrum
1376 1500 1526 1541 crude-

128 1505 262 1599 ‘libus
282 1567 408 1614 atque
426 1558 563 1614 impiis
576 1557 790 1614 suppliciis
811 1566 951 1613 tegere
968 1557 1121 1599 liberos
1136 1558 1280 1598 sciant.
1334 1557 1524 1599 Forsitan

129 1620 142 1639 ‘
153 1615 279 1657 etiam
295 1615 453 1656 ardoris
469 1615 630 1672 aliquid
644 1615 698 1656 ad
718 1615 876 1656 bellum
890 1630 1088 1671 armaque
1105 1631 1148 1656 se
1162 1615 1358 1657 adversus
1380 1631 1525 1672 super-

129 1673 373 1714 ‘bissimum
404 1688 547 1728 regem
578 1689 625 1715 ac
658 1673 959 1715 ferocissimum
990 1673 1195 1730 populum
1226 1673 1525 1715 inventurum?

130 1729 289 1780 Quum,
307 1731 340 1771 si
362 1731 465 1772 nihil
490 1741 764 1780 morarentur,
784 1731 1000 1772 infensus
990 1747 1051 1772 1ra
1066 1747 1189 1788 porro
1212 1731 1310 1773 inde
1333 1732 1524 1774 abiturus

125 1788 350 1839 videretur,
374 1789 556 1845 benigne
578 1790 630 1831 ab
655 1789 832 1831 Gabinis
853 1789 1073 1845 excipitur.
1127 1789 1286 1831 Vetant
1299 1790 1452 1855 mirari,
1475 1790 1523 1839 si,

125 1846 292 1903 qualis
282 1862 325 1888 ln
347 1847 471 1897 cives,
494 1847 660 1904 qualis
650 1863 694 1888 ln
727 1847 872 1897 socios,
895 1847 986 1888 talis
1007 1847 1060 1889 ad
1082 1847 1316 1889 ultimum
1306 1863 1349 1888 ln
1371 1847 1524 1889 liberos

125 1914 246 1946 esset.
310 1904 361 1946 In
393 1920 436 1947 se
478 1906 614 1962 ipsum
640 1914 851 1962 postremo
886 1906 1154 1955 saeviturum,
1188 1906 1222 1946 si
1255 1905 1336 1947 alia
1370 1905 1520 1947 desint.

128 1961 217 2004 Sibi
239 1977 337 2005 vero
357 1973 520 2019 gratum
543 1964 769 2005 adventum
791 1979 881 2005 elus
902 1979 1014 2005 esse.
1048 1964 1322 2020 futurumque
1351 1963 1522 2005 credere

123 2020 254 2070 brevi,
288 2030 347 2070 ut,
380 2021 451 2063 illo
486 2021 724 2071 adiuvante,
758 2022 809 2063 ab
842 2021 972 2077 portis
1007 2021 1186 2063 Gabinis
1217 2023 1294 2062 sub
1331 2022 1524 2063 Romana

125 2079 293 2120 moenia
312 2079 469 2120 bellum
493 2080 772 2120 transferatur.
836 2079 973 2120 Inde
965 2095 1006 2119 m
1022 2079 1177 2120 consili
1170 2095 1193 2120 a
1213 2079 1367 2135 public
1360 2096 1384 2121 ιι
1403 2079 1524 2120 adhi-

125 2136 238 2178 beri:
274 2137 358 2186 ubi,
377 2153 506 2193 quum
530 2137 583 2178 de
601 2137 690 2178 aliis
706 2138 829 2178 rebus
845 2138 1043 2178 assentire
1061 2152 1103 2178 se
1120 2137 1328 2177 veteribus
1345 2137 1522 2178 Gabinis

125 2193 298 2243 diceret,
336 2194 491 2251 quibus
522 2195 600 2236 hae
637 2195 820 2236 notiores
853 2205 1004 2244 essent,
1039 2195 1125 2250 ipse
1159 2194 1391 2235 identidem
1423 2194 1521 2236 belli

125 2262 271 2294 auctor
300 2268 402 2301 esse,
436 2269 478 2294 m
509 2268 560 2294 eo
591 2253 670 2295 sibi
706 2268 767 2309 pra
768 2252 972 2309 iecipuam
1004 2252 1271 2309 prudentiam
1299 2268 1521 2302 assumere,

158 2310 242 2352 uod
272 2311 488 2367 utriusque
518 2310 662 2367 populi
684 2311 792 2352 vires
812 2320 963 2359 nosset,
986 2311 1206 2366 sciretque,
1230 2310 1404 2351 invisam
1427 2326 1522 2366 pro-

125 2326 236 2410 ?ecto
260 2369 496 2425 superbiam
529 2369 684 2425 reniam
713 2369 874 2411 civibus
902 2384 1003 2417 esse,
1034 2384 1104 2424 qu
1094 2383 1159 2409 un
1182 2368 1288 2409 ferre
1318 2384 1370 2409 nc
1403 2367 1520 2409 liberi

126 2426 298 2483 quidem
336 2426 695 2468 ›otuissent.1ta
716 2442 846 2483 quum
868 2426 1021 2468 sensim
1043 2426 1096 2467 ad
1122 2425 1408 2467 rebellandum
1439 2426 1523 2482 pri-

127 2498 263 2526 mores
294 2443 592 2526 (iabinorum
583 2485 789 2534 incitaret,
819 2485 905 2541 ipse
934 2500 1030 2525 cum
1062 2483 1406 2550 promptissimis
1408 2483 1523 2525 iuve-

127 2556 229 2583 num
251 2542 496 2599 praedatum
515 2552 571 2584 at(
590 2558 641 2584 ue
671 2543 713 2583 in
742 2542 1035 2608 expeditiones
1061 2550 1150 2590 iret,
1174 2551 1215 2582 et
1237 2542 1360 2582 dictis
1385 2541 1523 2582 fictis-

160 2614 210 2641 ue
233 2601 426 2642 omnibus
447 2601 499 2642 ad
521 2601 573 2642 fal
593 2600 750 2642 endum
773 2600 984 2642 instructis
1005 2615 1110 2640 vana
1130 2608 1383 2640 accresceret
1404 2599 1521 2649 fides,

127 2615 216 2700 {lux
238 2657 291 2699 ad
313 2658 507 2700 ultimum
524 2658 622 2700 belli
641 2658 803 2715 legitur.
839 2658 901 2699 Ibi
925 2673 1069 2714 quum,
1088 2657 1217 2698 inscia
1238 2656 1521 2707 multitudine,

177 2803 187 2824 1
215 2795 350 2824 Lentim
372 2804 428 2833 npe
453 2794 585 2831 bellum]
623 2793 654 2824 Si
683 2792 803 2832 Diony·
848 2793 902 2823 sed
921 2791 1157 2823 conditionibus
1177 2791 1287 2832 nequis
1303 2796 1447 2833 receptos
1463 2797 1522 2825 tes-

129 2835 211 2868 nium
239 2836 408 2866 audiamus
434 2835 474 2867 iv.
501 2839 551 2875 58.
575 2837 686 2866 fot-dun
713 2835 805 2869 illud,
849 2840 944 2865 uitur.
972 2836 1012 2865 cs.
1034 2835 1111 2866 lior.
1132 2835 1233 2875 Epist.
1252 2835 1282 2866 ii.
1299 2835 1318 2866 i.
1336 2844 1386 2875 25.

129 2880 214 2920 quod
232 2879 337 2919 clipeo
354 2879 384 2909 in
408 2879 488 2909 aede
507 2878 559 2909 Dii
581 2878 662 2909 Fidi}
680 2884 804 2908 nei-vnto
892 2888 908 2909 α
935 2879 1111 2915 Minimus]
1149 2878 1201 2909 lta
1214 2889 1267 2918 ap.
1287 2878 1441 2918 l‘olynen.
1460 2878 1522 2910 viii.

130 2922 318 2963 inscriptum
340 2922 382 2953 ab
402 2932 440 2952 eo
463 2922 638 2961 perlectum
664 2926 722 2952 ent.
738 2922 802 2951 Gu—
848 2921 877 2951 6.
902 2920 996 2951 Ovid.
1012 2920 1096 2951 funt.
1111 2920 1141 2951 ii.
1155 2920 1227 2963 691.
1250 2926 1283 2953 ut
1300 2922 1458 2953 maa-imus
1470 2932 1522 2961 ap.

130 2965 222 2997 binos
247 2965 278 2996 in
304 2966 398 2996 fldem
428 2965 648 2995 Romanorum
676 2975 739 2994 non
765 2963 805 2998 vi.
853 2963 948 2994 Dion.
962 2963 1002 2995 iv.
1020 2973 1069 3004 55.
1098 2963 1182 2996 Ruv.

1537 644 1659 675 Gabios

1536 687 1648 719 fraude
1663 699 1715 727 ag-

1534 731 1685 770 greditur.

1605 2079 1672 2117 54.

1536 2134 1704 2165 Sex.'l·1r-

1535 2176 1635 2216 quiuii
1652 2176 1729 2208 doli.
