1934 3211
347 187 430 226 296
863 183 1012 225 ΤΙΤΙ
1054 183 1234 225 LIVII

131 281 176 312 U.
193 281 231 312 C.
250 290 320 321 35²·
349 290 483 331 aeque
521 282 685 315 tantum
717 289 805 315 non
840 274 924 314 iam
954 274 1167 315 iniunctae
1203 274 1423 315 moenibus
1460 282 1611 323 essent,
1643 273 1747 314 dum

130 324 169 397 g·
189 324 323 396 32²4oe
351 347 478 389 opera
511 332 696 373 interdiu
726 332 835 372 fiunt
867 331 1083 396 intentius,
1117 347 1244 387 quam
1277 340 1402 372 nocte
1438 331 1746 380 custodiuntur,

132 376 230 439 Rgm.
244 410 286 440 ad
350 389 559 454 patefacta
577 397 751 445 repente
770 398 914 453 porta,
937 389 1086 443 ingens
1117 388 1357 438 multitudo,
1379 388 1539 429 facibus
1563 388 1747 428 maxime

133 450 235 499 Veios
249 452 296 481 in
353 455 523 496 armata,
546 447 665 502 ignes
686 446 890 493 coniecit3
922 445 1134 509 horaeque
1164 454 1379 486 momento
1400 446 1525 486 simul
1552 460 1750 501 aggerem

133 495 248 566 pendat>
264 495 318 524 ab
353 519 401 545 ac
436 504 592 553 vineas,
626 512 711 544 tam
751 502 869 557 longi
904 503 1103 557 temporis
1144 517 1261 557 opus,
1298 502 1544 543 incendium
1584 502 1746 543 hausit:

150 546 228 576 ump
246 547 273 567 δ’
354 560 561 616 multique
597 561 655 601 ibi
690 559 897 607 mortales,
932 573 1216 613 nequicquam
1257 574 1380 614 opem
1411 560 1606 609 ferentes,
1639 559 1751 600 ferro

353 618 532 682 ignique
550 616 760 672 absumpti
781 624 889 656 sunt.
955 614 1086 662 Quod
1106 615 1179 655 ubi
1208 614 1390 655 Romam
1411 624 1475 656 est
1494 616 1750 680 nuntiatum,

355 674 605 716 maestitiam
633 673 839 721 omnibus,
873 671 1037 712 senatui
1065 685 1208 711 curam
1236 680 1481 736 metumque
1510 672 1668 723 iniecit,
1695 687 1751 713 ne

355 741 447 772 tum
467 746 566 771 vero
587 729 782 770 sustineri
803 743 881 768 nec
902 728 947 768 in
969 728 1072 768 urbe
1094 728 1257 777 seditio,
1275 743 1354 769 nec
1375 729 1420 768 in
1436 729 1579 769 castris
1598 736 1752 784 posset,

356 798 400 829 et
425 788 582 828 tribuni
603 786 737 842 plebis
757 785 873 826 velut
893 785 944 825 ab
976 799 1019 825 se
1040 785 1174 826 victae
1200 785 1455 841 reipublicae
1475 785 1750 834 insultarent3

139 857 277 897 Equites
358 859 490 900 quum
520 852 708 899 repente,
741 842 893 898 quibus
925 857 1073 882 census
1104 851 1300 897 equester
1331 851 1432 892 erat,
1463 843 1564 898 equi
1592 817 1785 898 publici6

139 901 230 939 equis
245 899 310 930 suis
356 917 443 942 non
464 910 584 942 erant
599 899 808 955 assignati,
826 898 999 940 consilio
1019 899 1134 955 prius
1151 900 1261 940 inter
1280 914 1369 941 sese
1385 900 1543 949 habito,
1561 908 1753 941 senatum

138 947 309 974 merentes.
357 958 539 1007 adeunt3
572 957 764 1013 factaque
790 956 961 997 dicendi
981 964 1201 1012 potestate,
1225 957 1345 1012 equis
1373 972 1416 998 se
1439 957 1523 998 suis
1544 956 1755 1021 stipendia

356 1015 537 1056 facturos
583 1015 847 1071 promittunt.
929 1013 1095 1061 Quibus
1135 1029 1268 1069 quum
1315 1014 1578 1070 amplissimis
1617 1013 1755 1054 verbis

357 1073 515 1128 gratiae
546 1073 598 1113 ab
629 1079 778 1112 senatu
813 1079 929 1112 actae
961 1079 1112 1120 essent,
1144 1071 1337 1126 famaque
1376 1086 1426 1112 ea
1454 1071 1592 1112 forum
1627 1079 1753 1126 atque

358 1130 506 1170 urbem
537 1144 638 1185 peri
642 1129 798 1177 asisset,
830 1128 968 1169 subito
998 1127 1053 1168 ad
1082 1128 1241 1169 curiam
1272 1143 1498 1169 concursus
1527 1128 1576 1169 fit
1605 1128 1751 1193 plebis.

144 1193 242 1223 Plebs
259 1202 312 1231 pe
361 1192 373 1210 ⁶
389 1186 602 1227 Pedestris
624 1186 781 1227 ordinis
802 1186 877 1235 se,’
899 1186 1066 1234 aiunt,⁶
1081 1200 1195 1226 nunc
1217 1200 1318 1235 esse,
1338 1200 1592 1241 operamque
1613 1185 1787 1241 reipu-7

142 1234 523 1324 ἓξξὲξῖξῖἐῖἑᾶ’1111666
556 1252 676 1284 extra
704 1243 896 1284 ordinem
928 1242 1131 1298 polliceri,
1158 1257 1232 1283 seu
1261 1243 1404 1292 Veios,
1442 1258 1517 1283 seu
1552 1257 1637 1298 quo
1673 1241 1754 1282 alio

140 1319 285 1349 ordinem
364 1301 545 1341 ⁶ducere
562 1300 705 1342 velint.
772 1299 816 1341 Si
833 1299 874 1339 V
877 1300 964 1340 eios
981 1299 1097 1340 ducti
1112 1300 1221 1349 sint,’
1234 1308 1403 1355 negant,
1424 1305 1435 1323 ⁶
1451 1315 1493 1340 se
1510 1299 1610 1348 inde
1624 1298 1753 1363 prius,

141 1362 320 1400 profitetur.
364 1363 375 1381 ⁶
391 1373 518 1413 quam
539 1366 661 1413 capta
680 1357 783 1398 urbe
804 1357 1001 1406 hostium,
1023 1357 1231 1397 ledituros
1252 1372 1352 1397 esse.
1357 1357 1366 1373 ’
1427 1356 1540 1397 Tum
1552 1371 1651 1397 vero
1671 1355 1756 1396 iam

361 1414 684 1470 superfundenti
705 1430 747 1455 se
769 1414 951 1454 laetitiae
973 1414 1044 1454 vix
1066 1422 1346 1469 temperatum
1366 1422 1439 1455 est.
1503 1413 1606 1454 Non
1627 1413 1755 1478 enim,

361 1472 469 1512 sicut
509 1471 684 1525 equiteS,
727 1471 825 1511 dato
866 1471 1174 1526 magistratibus
1214 1471 1397 1526 negotio,
1430 1470 1592 1511 laudari
1631 1469 1755 1518 iussi3

361 1542 501 1582 neque
523 1536 596 1567 aut
617 1527 661 1566 in
683 1528 842 1567 curiam
862 1528 1011 1576 vocati,
1034 1528 1187 1582 quibus
1214 1542 1460 1583 responsum
1481 1528 1663 1576 daretur,
1685 1535 1758 1567 aut

362 1584 507 1624 limine
530 1583 669 1624 curiae
698 1583 991 1623 continebatur
1011 1593 1201 1625 senatus:
1236 1585 1310 1625 sed
1334 1600 1411 1649 pro
1432 1600 1475 1626 se
1498 1585 1678 1640 quisque
1703 1598 1758 1624 ex

363 1640 575 1696 superiore
602 1639 695 1680 1060
723 1639 777 1679 ad
806 1639 1135 1688 multitudinem,
1164 1641 1209 1680 in
1240 1642 1410 1682 comitio
1435 1650 1628 1690 stantem,
1654 1655 1757 1681 voce

363 1697 640 1752 manibusque
656 1696 889 1751 significare
911 1695 1122 1750 publicam
1139 1696 1354 1737 laetitiam.
1418 1697 1593 1738 Beatam
1609 1697 1757 1737 urbem

365 1754 616 1802 Romanam,
639 1761 682 1793 et
709 1752 920 1801 invictam,
944 1761 986 1792 et
1007 1760 1220 1792 aeternam
1241 1753 1313 1792 illa
1340 1754 1565 1794 concordia
1589 1753 1753 1794 dicere:

363 1810 534 1851 laudare
556 1810 732 1865 equites,
748 1809 919 1850 laudare
935 1809 1115 1864 plebem,
1134 1809 1273 1849 diem
1263 1825 1401 1865 ipsum
1414 1810 1608 1851 laudibus
1627 1810 1754 1850 ferre:

362 1867 516 1908 victam
559 1881 647 1907 esse
687 1866 807 1906 fateri
855 1866 1095 1907 comitatem
1136 1866 1527 1922 benignitatemque
1574 1875 1754 1907 senatus.

367 1923 575 1964 Certatim
588 1923 784 1963 Patribus
799 1922 996 1978 plebique
1010 1937 1178 1963 manare
1192 1923 1347 1978 gaudio
1359 1923 1572 1972 lacrimae3
1605 1924 1755 1973 donec,

364 1980 567 2021 revocatis
588 1980 633 2019 in
661 1979 820 2020 curiam
841 1979 1049 2043 Patribus,
1072 1980 1481 2021 senatusconsultum
1501 1981 1658 2022 factum
1679 1988 1755 2045 est,

365 2042 376 2060 ⁶
394 2037 456 2077 Ut
478 2036 634 2077 tribuni
661 2035 874 2084 militareS,
897 2036 1098 2076 concione
1130 2036 1344 2085 advocata,
1365 2037 1578 2092 peditibus
1603 2037 1758 2093 equiti-

364 2095 553 2173 ‘busque
589 2093 742 2148 gratias
775 2101 970 2148 agerent:
1015 2107 1245 2134 memorem
1279 2094 1446 2148 pietatis
1479 2109 1623 2135 eorum
1659 2109 1759 2150 erga

364 2151 568 2205 ‘patriam
589 2150 780 2190 diceient
800 2158 994 2190 senatum
1021 2149 1122 2190 fore.
1184 2149 1357 2191 Placere
1386 2160 1539 2200 autem,
1562 2151 1758 2192 omnibus

365 2213 376 2230 ⁶
391 2207 456 2247 his
468 2206 747 2247 voluntariam
768 2215 888 2247 extra
908 2206 1098 2247 ordinem
1119 2206 1313 2262 professis
1334 2207 1528 2248 militiam
1544 2223 1641 2249 aera
1659 2220 1790 2264 pro-8

363 2264 567 2304 ‘cedere
635 2263 692 2303 Et
722 2263 856 2318 equiti
887 2271 1023 2304 certus
1054 2278 1253 2304 numerus
1284 2265 1389 2305 aeris
1420 2273 1481 2305 est
1511 2265 1753 2320 assignatus.
1769 2281 1789 2312 9

405 2396 425 2427 6
449 2398 572 2434 Quibus
587 2407 700 2428 census
714 2398 874 2437 equester]
901 2397 1036 2436 Equites
1123 2399 1141 2428 8
1161 2400 1251 2429 Aera
1265 2400 1452 2437 procedere]
1474 2410 1515 2431 sc.
1528 2400 1626 2430 Hanc
1643 2401 1754 2431 volun-

364 2440 486 2478 quippe
501 2439 619 2478 plebeii
636 2439 658 2469 ii
674 2443 776 2475 erant,
791 2439 906 2477 quibus
923 2450 1037 2470 census
1079 2439 1193 2469 tariam
1211 2441 1361 2470 militiam
1377 2445 1627 2472 annumeratum
1644 2442 1683 2472 iri
1701 2443 1754 2473 sti-

365 2481 534 2520 equestris;
552 2491 660 2511 eorum
675 2484 783 2511 tamen
796 2481 956 2517 nonnulli,
969 2481 1035 2520 qui-
1082 2482 1219 2520 pendiis,
1245 2493 1328 2521 quae
1353 2483 1459 2513 facere
1484 2484 1586 2513 iuberi
1613 2494 1670 2524 pro
1697 2485 1755 2515 im-

364 2524 423 2552 bus
452 2534 554 2563 equus
584 2524 735 2562 publicus
764 2533 829 2552 non
859 2523 1037 2561 assignatus
1081 2524 1169 2562 perio
1188 2527 1347 2562 poterant.
1394 2525 1559 2555 Nimirum
1575 2530 1611 2556 ut
1627 2529 1755 2557 tantum

365 2569 458 2601 esset,
473 2565 561 2595 haud
577 2575 647 2594 raro
663 2565 751 2603 apud
775 2565 899 2603 pedites
919 2565 1036 2594 milita·
1081 2566 1262 2595 traheretur
1283 2577 1303 2596 a
1326 2567 1441 2597 debitis
1462 2567 1641 2606 stipendiis,
1657 2578 1714 2599 seu
1736 2579 1757 2599 a

364 2608 452 2637 bant.
503 2607 641 2637 Lucium
672 2616 800 2646 quoque
830 2607 1036 2646 Tarquitium
1081 2608 1191 2637 debita
1215 2608 1342 2645 militia,
1366 2613 1524 2648 quantum
1553 2620 1641 2640 nunc
1669 2612 1755 2641 ultro

364 2658 449 2687 supr.
459 2648 502 2679 iii.
515 2656 565 2687 27,
582 2648 636 2687 qui
652 2659 692 2678 ex
709 2648 854 2687 equitum
869 2650 889 2664 “
900 2659 955 2679 sex
975 2649 1037 2678 suf-
1081 2649 1282 2681 militassent.
1313 2651 1353 2681 cf.
1369 2651 1441 2681 infr.
1458 2662 1533 2683 xxv.
1551 2660 1578 2691 5.
1604 2653 1746 2684 STRo'rH.

364 2690 498 2728 fragiis”
521 2695 599 2727 erat,
623 2690 759 2729 pedibus
783 2690 938 2721 militasse
961 2691 1036 2730 legi-
1129 2701 1148 2732 9
1171 2694 1339 2723 Numerus
1365 2695 1467 2732 aeris]
1509 2694 1645 2733 Accipio
1673 2695 1754 2725 haec

364 2741 445 2761 mus.
1080 2735 1177 2764 verba
1198 2744 1263 2763 non
1287 2735 1327 2764 de
1354 2735 1514 2774 stipendio
1537 2736 1637 2775 equiti
1659 2737 1754 2776 assig-

410 2781 425 2810 7
451 2774 611 2804 Pedes-{ris
631 2775 752 2805 ordinis
767 2785 811 2812 se,
826 2776 932 2811 aiunt,
948 2785 1036 2806 nunc
1080 2780 1168 2813 nato,
1195 2780 1231 2806 ut
1256 2776 1430 2807 Douiatius
1453 2778 1574 2816 aliique
1598 2779 1753 2814 fecerunt,

363 2816 444 2850 exse]
471 2814 633 2859 Yoculam
648 2827 681 2846 se
697 2826 737 2846 ex
753 2817 980 2847 emendatione
993 2817 1034 2848 G.
1080 2818 1134 2847 sed
1169 2818 1210 2848 de
1242 2828 1376 2848 numero
1413 2830 1569 2849 annorum
1608 2819 1752 2855 definito,

364 2855 483 2892 Cupen
508 2857 625 2885 omittit
646 2857 764 2887 Stroth.
805 2860 905 2889 Nunc
928 2861 1036 2890 adesse
1080 2870 1160 2898 quos
1175 2859 1315 2890 militare
1331 2861 1453 2899 equites
1469 2862 1638 2891 debebant.
1674 2860 1750 2890 Non

365 2896 533 2933 legendum
552 2902 659 2927 conset
676 2899 774 2929 Docr.
1080 2901 1164 2930 enim
1197 2912 1282 2931 nunc
1313 2903 1444 2932 demum
1476 2906 1560 2932 certa
1595 2901 1751 2941 pecuniae
