1934 3211
340 425 419 486 T.

483 425 764 490 LIVII
828 428 1356 493 PATAVINl

597 619 943 673 LIBER
1025 620 1094 674 V.

148 967 369 1064 PACE
391 968 491 1009 alibi
512 977 643 1024 parta,
667 967 852 1009 Romani
874 968 1062 1024 Veiique
1080 968 1124 1009 in
1147 969 1272 1009 armis
1293 979 1412 1011 erant
1434 979 1551 1012 tanta
1564 982 1608 1014 U.
1625 983 1664 1015 C.
1683 993 1753 1023 352-

259 1026 321 1066 ira
340 1025 537 1081 odioque,
557 1035 603 1066 ut
622 1025 742 1066 victis
758 1025 887 1066 finem
903 1025 1048 1067 adesse
1065 1035 1296 1082 appareret.

144 1083 363 1138 utriusque
385 1081 531 1137 populi
549 1082 673 1138 longe
696 1082 860 1124 diversa
875 1083 1035 1124 ratione
1056 1082 1166 1124 facta
1186 1092 1296 1124 sunt.

1362 1083 1547 1126 Romani

143 1154 298 1181 auxere
329 1139 593 1180 tribunorum
625 1139 806 1181 militum
832 1139 1039 1181 consulari
1070 1149 1275 1196 potestate
1308 1156 1544 1183 numerum.

115 1214 127 1236 1
146 1195 270 1246 Octo,
293 1205 397 1251 quot
419 1211 637 1252 nunquam
667 1206 804 1245 antea,
827 1197 970 1246 creati,
995 1196 1068 1237 M’.
1085 1197 1295 1238 Aemilius
1318 1197 1548 1240 Mamerci·
1561 1209 1767 1241 Man.Aemi-

141 1268 223 1294 nus
258 1253 426 1303 iterum,
464 1253 513 1294 L.
549 1253 745 1294 Valerius
785 1253 951 1294 Potitus
992 1254 1176 1303 tertium,
1219 1254 1302 1311 Ap.
1339 1253 1526 1297 Claudiu

145 1309 335 1359 Crassus,
359 1309 422 1351 M.
450 1310 711 1358 Quinctilius
739 1311 892 1360 Varus,
916 1310 965 1351 L.
990 1310 1122 1352 Iulius
1151 1310 1282 1361 Iulus,
1306 1311 1369 1353 M.
1393 1312 1547 1354 Postu-

141 1368 264 1417 mius,
300 1366 363 1408 M.
391 1367 542 1408 Furius
578 1367 796 1417 Camillus,
825 1367 887 1408 M.
916 1367 1158 1408 Postumius
1198 1368 1392 1410 Albinus.

141 1424 275 1466 ientes
315 1434 463 1465 contra
503 1424 644 1466 taedio
685 1439 849 1465 annuae
892 1424 1144 1474 ambitionis,

140 1481 443 1523 discordiarum
465 1496 589 1522 causa
613 1490 713 1529 erat,
736 1496 879 1537 regem
907 1495 1113 1522 creavere.

1223 1482 1375 1523 ffendit
1403 1498 1453 1524 ea
1480 1499 1547 1526 res

139 1539 393 1604 populorum
424 1538 617 1580 Etruriae
646 1538 820 1587 animos,
842 1552 929 1579 non
954 1538 1111 1579 maiore
1140 1537 1238 1580 odio
1260 1540 1393 1595 regni,
1417 1555 1546 1596 quam

141 1611 273 1652 lpsms
293 1596 413 1652 regis.

479 1594 630 1637 Gravis
650 1595 734 1636 iam
755 1595 790 1636 is
806 1603 931 1636 antea
950 1595 1067 1651 genti
1083 1594 1219 1637 filerat
1235 1596 1384 1652 opibus
1400 1612 1545 1654 super-

141 1653 308 1710 biaque,
331 1669 432 1710 qiua
462 1652 668 1694 sollennia
694 1651 904 1701 ludorum,
932 1667 1038 1708 quos
1068 1653 1292 1694 intermitti
1320 1654 1437 1696 nefas
1467 1665 1543 1706 est,

141 1710 346 1753 violenter
365 1710 624 1752 diremisset:
659 1724 791 1766 quum
821 1710 874 1751 ob
900 1709 1004 1750 iram
1025 1709 1230 1766 repulsae,
1253 1711 1370 1767 quod
1398 1713 1544 1754 suffra-

139 1768 209 1824 gio
230 1767 454 1810 duodecim
479 1767 733 1824 populomm
763 1766 869 1808 alius
896 1767 1089 1808 sacerdos
1110 1767 1149 1808 ei
1180 1768 1389 1824 praelatus
1420 1779 1542 1820 esset,

109 1825 332 1875 zartifices‚
358 1839 539 1882 quorum
568 1840 720 1880 magna
749 1839 846 1880 pars
871 1824 1001 1880 ipsius
1028 1825 1136 1866 servi
1162 1835 1295 1876 crant,
1319 1841 1373 1867 ex
1401 1826 1543 1869 medio

140 1882 303 1924 ludicro
322 1897 366 1924 re
398 1892 496 1924 ente
518 1881 708 1922 abduxit.
773 1880 892 1922 Gens
912 1881 1070 1937 itaque,
1088 1891 1185 1923 ante
1207 1897 1354 1924 omnes
1371 1883 1470 1925 alias
1491 1900 1542 1926 co

139 1940 272 1996 magis
292 1939 345 1981 de
378 1940 437 1980 ita
457 1938 742 1994 religionibuS,
766 1938 882 1994 quod
903 1938 1130 1980 excelleret
1158 1948 1245 1981 arte
1267 1940 1435 1982 colendi
1457 1957 1540 1991 cas,

107 1997 344 2040 sauxilium
364 1996 618 2038 Veientibus
640 1995 895 2050 negandum,
917 1995 1054 2036 donec
1075 1997 1152 2037 sub
1173 2011 1271 2051 rege
1294 2008 1445 2047 essent,
1468 1999 1543 2039 dc-

138 2054 282 2096 crevit.

356 2053 494 2095 Cuius
529 2053 689 2094 decreti
722 2067 943 2108 suppressa
978 2052 1089 2092 fama
1124 2061 1187 2093 est
1217 2053 1335 2094 Veiis
1370 2065 1543 2110 propter

139 2120 300 2152 metum
330 2111 462 2167 rcgis3
497 2110 583 2166 qui,
606 2125 630 2150 a
658 2125 742 2164 quo
775 2108 856 2149 tale
883 2108 988 2164 quid
1016 2108 1178 2149 dictum
1206 2109 1442 2159 referretur,
1465 2126 1541 2166 pro

138 2167 358 2209 seditionis
379 2182 476 2209 eum
498 2167 702 2223 principe,
725 2181 811 2208 non
833 2166 930 2207 vani
951 2165 1153 2207 sermonis
1167 2175 1394 2217 auctorem,
1412 2167 1541 2209 habe-

187 2362 196 2384 1
213 2353 306 2391 Octo]
320 2350 506 2383 sc.Tribuni
521 2350 588 2381 mil.
600 2360 686 2380 cons.
702 2354 818 2389 potest,

137 2400 213 2436 quot
238 2406 406 2436 nunquam
434 2399 545 2429 antea,
571 2393 695 2428 eremi,-
731 2391 817 2431 quod

138 2442 247 2468 tamen
280 2437 367 2467 solus
396 2436 506 2467 Livius
533 2435 563 2466 h.
591 2435 612 2466 l.
640 2440 672 2465 ct
701 2434 740 2464 vi.
768 2443 817 2473 37.

139 2479 194 2510 ubi
228 2479 390 2510 maximus
428 2488 581 2509 numerus
616 2476 756 2507 invidiae
786 2481 819 2506 et

139 2520 183 2551 rei
211 2521 380 2560 augendae
410 2531 507 2552 cuum
532 2524 741 2555 memoratur,
766 2528 818 2549 ne-

139 2563 205 2594 scio
235 2572 316 2602 quos
353 2567 502 2594 auctores
537 2569 678 2599 secutus,
711 2561 818 2592 trudit.

141 2605 258 2636 Furius
278 2605 438 2636 Camillus
460 2611 493 2635 ct
519 2605 705 2635 Postumius
728 2603 816 2634 Albi-

140 2657 200 2678 nun
224 2647 284 2678 hoc
307 2657 393 2677 anno
416 2648 576 2678 Censores
596 2647 703 2686 potius
718 2646 816 2676 fuere.

140 2691 181 2721 cf.
201 2690 286 2720 Finit.
303 2689 425 2729 Cupit..
443 2689 517 2719 val.
532 2688 707 2728 Max.ii.9.
730 2688 816 2718 Rrr.

142 2733 181 2764 In
207 2731 290 2762 hunc
314 2731 507 2761 sententiam
531 2730 737 2761 consentiunt
759 2729 817 2759 Ρο-

140 2776 236 2806 rizon.
256 2773 427 2804 Animadv.
450 2773 480 2804 ii.
499 2783 529 2812 p.
547 2771 597 2811 46.
623 2771 823 2811 Burghcniua

141 2817 171 2848 in
192 2817 318 2856 Frngm.
338 2816 424 2847 Fam.
442 2816 550 2855 Capit.
578 2814 713 2845 Niebhr.
734 2813 764 2844 ii.
787 2823 817 2853 p.

142 2870 159 2900 ³
185 2912 201 2932 ἰ
227 2902 395 2941 Artifices]
424 2899 582 2932 Scenicos.
616 2900 654 2931 cf.
676 2899 745 2930 infr.
768 2898 817 2930 vii.

198 2957 296 2985 v01..
324 2958 347 2984 Ι.

864 2358 891 2379 2.
917 2350 938 2363 ‘⁴
948 2346 1140 2378 vernaculis
1155 2346 1342 2384 artificibus,
1353 2348 1429 2387 quin
1441 2349 1542 2381 hister

863 2390 970 2420 'I'usco
993 2391 1089 2419 verbo
1114 2389 1202 2419 ludio
1219 2391 1406 2428 vocabatur,
1422 2401 1539 2423 nomen

862 2433 1073 2463 histrionibus
1084 2431 1259 2462 inditum.''
1282 2434 1309 2462 Α
1318 2444 1349 2462 rs
1361 2433 1468 2473 simpl.
1483 2445 1541 2474 pro

863 2480 932 2505 arte
959 2474 1096 2510 ludicra,
1123 2484 1166 2504 sc.
1191 2474 1331 2512 scenica,
1360 2486 1413 2515 ap.
1442 2476 1540 2517 Prop.

864 2517 952 2548 xxiv.
971 2526 1019 2555 24.
1038 2526 1065 2556 3.
1083 2515 1231 2547 occurrit.

913 2569 930 2599 3
960 2561 1070 2590 Donec
1095 2559 1153 2589 sub
1180 2569 1254 2598 ναμε
1279 2561 1399 2598 essent]
1445 2561 1541 2593 Haec

863 2602 997 2632 minime
1021 2602 1135 2641 probat
1161 2600 1297 2632 Niebhr.
1322 2601 1341 2632 i.
1362 2613 1392 2633 n.
1411 2604 1482 2642 384.
1507 2604 1539 2636 ii.

865 2655 894 2683 p.
912 2643 984 2682 465.
1009 2643 1062 2682 qui
1087 2643 1170 2673 hunc
1190 2653 1255 2673 rem
1275 2643 1379 2674 verius
1395 2644 1427 2675 in
1443 2656 1541 2677 caum

863 2686 960 2716 fuisse
992 2690 1097 2724 putat,
1120 2686 1205 2724 quod
1232 2685 1425 2717 Veientibus
1449 2689 1540 2719 auxi-

864 2729 944 2758 lium
985 2732 1137 2765 ncgntum
1173 2733 1268 2764 esset,
1298 2728 1435 2766 scilicet,
1463 2730 1541 2770 quia

865 2770 954 2800 Galli
982 2769 1055 2799 novi
1080 2769 1211 2800 accolat-
1237 2772 1366 2810 populiu
1391 2771 1540 2804 Etruriae

864 2822 882 2842 a
899 2812 1026 2849 regione
1042 2811 1230 2851 Cispadana
1248 2819 1372 2846 metum
1401 2813 1538 2847 incusso-

866 2854 937 2886 rint.
964 2854 1003 2886 cs.
1023 2854 1092 2886 infr.
1115 2862 1160 2892 17.

1282 2955 1308 2981 U

1362 1025 1549 1069 Comitia
1562 1026 1601 1056 A.
1625 1026 1664 1058 C.
1680 1036 1754 1064 ⁴00·

1528 1271 1547 1297 S
1561 1250 1604 1281 lio
1622 1253 1670 1283 II.
1688 1258 1752 1285 etc.

1560 1293 1615 1326 Tr.
1629 1295 1703 1327 Mil.

1456 1370 1546 1412 Ve-
1560 1379 1720 1411 Veientes

1210 1440 1288 1466 uae
1329 1425 1545 1468 interdum
1558 1432 1666 1495 {egem
1683 1432 1748 1454 cre-
