1934 3211
948 203 1097 245 TITI
1134 203 1313 246 LIVII

217 299 427 351 niusregnum
439 291 608 333 minuit:
633 292 717 333 imo
734 308 783 334 eo
797 293 1024 350 impensius
1037 296 1136 351 quia
1148 295 1200 337 de
1214 311 1312 352 agro
1325 294 1458 351 plebis
1471 294 1643 335 adversa
1654 293 1827 334 Patrum
1841 312 1858 333 2

217 345 368 378 adfectat.
438 349 651 391 voluntate
674 360 858 392 senserat
879 353 957 408 agi,
976 354 1225 394 criminandi
1249 354 1380 396 Servii
1406 353 1518 409 apud
1539 353 1696 403 Patres,
1719 366 1828 393 cres-

438 407 645 463 cendique
675 408 718 448 in
740 409 855 450 curia
875 410 951 451 sibi
977 412 1236 453 occasionem
1265 413 1405 453 datam
1434 421 1545 452 ratus
1566 420 1640 460 est,
1670 419 1712 452 et
1738 409 1826 466 ipse

437 465 598 506 iuvenis
620 466 803 507 ardentis
820 468 961 517 animi,
985 478 1027 509 et
1044 469 1156 510 domi
1175 485 1305 511 uxore
1328 470 1468 510 Tullia.
1487 469 1725 525 inquietum
1738 468 1828 508 ani-

437 538 552 563 mum
593 524 844 566 stimulante.
908 526 1026 567 Tulit
1059 527 1171 568 enim
1203 536 1245 569 et
1286 528 1480 569 Romana
1509 527 1624 583 regia
1662 525 1827 567 sceleris

436 581 580 637 tragici
599 582 852 638 exemplum,
872 592 918 624 ut
934 584 1072 625 taedio
1089 600 1234 641 regum
1249 586 1448 626 maturior
1461 585 1623 626 veniret
1637 585 1824 633 libertas3

436 637 716 695 ultimumque
739 655 913 696 regnum
936 650 1054 691 esset,
1078 643 1192 698 quod
1209 643 1363 684 scelere
1385 653 1550 698 partum
1570 642 1688 683 foret.
1741 641 1827 682 Hic

437 695 486 736 L.
511 696 766 752 Tarquinius
787 698 940 754 (Prisci
963 699 1183 756 Tarquinii
1205 701 1312 757 regis
1340 700 1449 741 filius
1477 714 1662 755 neposne
1686 698 1825 749 fuerit,

436 768 582 809 parum
608 755 763 810 liquet,
796 756 984 812 pluribus
1013 767 1152 799 tamen
1181 759 1419 800 auctoribus
1446 758 1580 798 filium
1601 756 1858 813 ediderim)3

435 811 604 853 fratrem
626 812 828 854 habuerat
850 815 1059 856 Aruntem
1082 816 1373 871 Tarquinium,
1397 816 1509 857 mitis
1530 813 1689 871 ingenii
1709 815 1827 856 iuve-

435 884 545 910 nem.
609 869 689 910 His
715 871 889 920 duobus,
913 881 959 913 ut
979 883 1075 914 ante
1105 874 1265 915 dictum
1287 884 1360 923 est,
1387 873 1494 915 duae
1518 872 1695 922 Tulliae,
1718 872 1826 928 regis

435 926 558 976 filiae,
582 937 821 983 nupserant,
838 938 879 970 et
900 930 1012 986 ipsae
1030 931 1152 988 longe
1171 932 1354 988 dispares
1375 932 1570 972 moribus.
1624 929 1747 971 Forte
1768 931 1827 972 ita

435 983 652 1034 inciderat,
675 1001 728 1026 ne
751 986 834 1027 duo
856 987 1038 1029 violenta
1058 989 1227 1045 ingenia
1247 989 1512 1030 matrimonio
1537 989 1824 1044 iungerentur,

433 1041 613 1091 fortuna,
628 1043 764 1093 credo,
783 1045 926 1100 populi
943 1046 1137 1097 Romani,
1153 1063 1236 1103 quo
1250 1047 1487 1088 diuturnius
1505 1046 1636 1088 Servii
1649 1060 1826 1101 regnum

217 1107 346 1156 Tulliae
356 1119 421 1140 am·
434 1109 554 1149 esset,
596 1101 877 1157 constituique
919 1104 1095 1145 civitatis
1141 1120 1276 1146 mores
1316 1114 1494 1161 possent.
1577 1104 1826 1160 Angebatur
1856 1126 1858 1129 ·

215 1152 304 1183 bino.
433 1156 551 1199 ferox
577 1157 729 1207 Tullia,
753 1159 859 1200 nihil
890 1162 1086 1203 materiae
1112 1163 1157 1202 in
1178 1163 1266 1204 viro
1292 1178 1429 1218 neque
1459 1162 1511 1203 ad
1536 1162 1822 1217 cupiditatem,

433 1229 571 1271 neque
601 1215 654 1256 ad
682 1216 898 1260 audaciam
927 1235 1026 1260 esse.
1090 1220 1200 1261 Tota
1227 1220 1268 1260 in
1295 1219 1471 1260 alterum
1496 1234 1613 1260 versa
1644 1219 1684 1260 T
1686 1219 1825 1275 arqui-

433 1273 563 1322 nium,
597 1289 694 1315 eum
727 1275 879 1327 mirari,
912 1293 1008 1318 eum
1042 1278 1176 1318 virum
1210 1277 1361 1327 dicere,
1396 1292 1443 1318 ac
1476 1277 1590 1332 regio
1622 1276 1823 1332 sanguine

433 1340 597 1372 ortum:
651 1347 846 1388 spernere
888 1351 1082 1385 sororem,
1126 1335 1240 1391 quod
1280 1335 1416 1376 virum
1462 1343 1584 1375 nacta
1630 1334 1824 1376 muliebri

433 1397 611 1430 cessaret
651 1390 833 1433 audacia.
900 1393 1126 1435 Contrahit
1166 1393 1356 1434 celeriter
1395 1392 1624 1433 similitudo
1657 1407 1739 1442 eos,
1777 1399 1825 1432 ut

432 1447 517 1488 fere
558 1447 606 1488 fit
641 1447 796 1488 malum
837 1451 945 1492 malo
979 1451 1263 1507 aptissimum:
1307 1450 1381 1492 sed
1420 1450 1588 1491 initium
1628 1448 1823 1491 turbandi

433 1510 574 1549 omnia
594 1525 618 1550 a
644 1509 800 1550 femina
827 1518 964 1550 ortum
998 1518 1070 1549 est.
1136 1508 1210 1557 Ea,
1238 1508 1405 1549 secretis
1429 1508 1506 1548 viri
1532 1508 1657 1549 alieni
1685 1522 1824 1548 assue-

432 1567 542 1608 facta
569 1567 840 1616 sermonibus,
867 1566 992 1607 nullis
1020 1567 1241 1607 verborum
1269 1565 1534 1606 contumeliis
1561 1580 1744 1622 parcere,
1767 1564 1821 1606 de

431 1625 519 1665 viro
540 1625 593 1666 ad
613 1625 796 1673 fratrem,
820 1624 870 1665 de
896 1639 1033 1665 sorore
1063 1624 1115 1665 ad
1136 1624 1294 1672 virum3
1327 1632 1370 1664 et
1394 1638 1436 1664 se
1457 1623 1610 1664 rectius
1637 1622 1819 1672 viduam,

432 1691 475 1723 et
505 1682 623 1723 illum
655 1682 860 1724 coelibem
890 1682 1077 1723 futurum
1108 1681 1231 1722 fuisse
1263 1681 1533 1730 contendere,
1566 1695 1692 1737 quam
1723 1695 1821 1721 cum

431 1740 581 1796 impari
609 1741 739 1797 iungi,
762 1748 809 1780 ut
837 1739 1218 1795 elanguescendum
1247 1738 1382 1779 aliena
1406 1739 1571 1794 ignavia
1590 1746 1709 1780 esset.
1775 1737 1820 1779 Si

431 1798 509 1838 sibi
530 1814 639 1848 eum,
659 1814 742 1854 quo
763 1798 891 1854 digna
911 1806 1030 1847 esset,
1053 1797 1112 1837 dii
1129 1796 1342 1837 dedissent
1362 1797 1509 1845 virum,
1524 1796 1639 1837 domi
1660 1810 1702 1836 se
1723 1810 1820 1851 pro-

430 1856 599 1911 pediem
630 1856 809 1897 visuram
838 1870 1014 1911 regnum
1038 1854 1176 1904 fuisse,
1200 1854 1314 1909 quod
1342 1853 1454 1910 apud
1479 1862 1640 1910 patrem
1664 1853 1816 1894 videat.

434 1913 640 1954 Celeriter
671 1913 979 1955 adolescentem
1016 1927 1113 1953 suae
1150 1911 1397 1952 temeritatis
1429 1911 1585 1967 implet.
1660 1911 1852 1953 Lucius4

431 1970 686 2027 Tarquinius
722 1980 764 2012 et
797 1970 941 2011 Tullia
972 1969 1110 2010 minor
1141 1984 1270 2025 prope
1312 1969 1564 2010 continuatis
1603 1969 1818 2009 funeribus

212 2031 317 2080 Nubit
334 2044 415 2064 soro-
429 2044 560 2084 quum
586 2029 732 2070 domos
756 2043 905 2069 vacuas
930 2043 1037 2068 novo
1066 2026 1331 2067 matrimonio
1357 2026 1564 2076 fecissent,
1587 2027 1819 2082 iunguntur

210 2085 342 2107 nsmro.
428 2086 598 2142 nuptiis,
634 2087 764 2142 magis
794 2101 880 2127 non
910 2085 1160 2142 prohibente
1195 2083 1351 2134 Servio,
1386 2099 1513 2140 quam
1545 2085 1813 2140 approbante.

439 204 492 241 54

476 2250 491 2270 2
520 2241 571 2271 De
599 2251 677 2279 (tyro
700 2240 819 2279 plebis]
866 2239 905 2270 cf.
928 2238 1025 2269 Dion.
1055 2238 1096 2269 iv.

431 2293 476 2314 10.
498 2292 544 2321 13.
591 2283 666 2313 Hoc
690 2283 829 2322 primum
852 2282 982 2311 rationis
1001 2283 1098 2321 Agra-

426 2325 490 2355 riae
506 2325 591 2364 apud
610 2326 775 2355 Romanos
797 2325 1028 2354 lineamentum
1047 2334 1098 2363 ag-

426 2367 526 2397 noscit
552 2367 685 2397 Niebhr.
710 2367 729 2397 i.
755 2378 785 2406 p.
807 2366 874 2397 161.
899 2366 950 2405 qui
972 2366 1099 2406 plebeia

425 2411 483 2440 illa
497 2415 614 2449 septem
630 2412 743 2448 iugyera
759 2410 799 2439 ad
821 2409 907 2439 hunc
928 2419 1033 2448 regem
1051 2419 1096 2439 re-

424 2454 493 2483 fert.
519 2453 557 2483 cf.
578 2453 668 2483 Varr.
686 2453 725 2482 de
744 2452 783 2482 R.
794 2452 833 2482 R.
855 2461 879 2482 1.
895 2462 922 2481 2.

468 2505 484 2535 3
508 2497 630 2525 Filium
645 2496 812 2532 ediderim]
843 2494 967 2524 Invicte
983 2494 1096 2533 probat

424 2538 600 2577 Dionysius
622 2538 715 2567 illum
732 2536 899 2576 Tarquinii
920 2536 1020 2566 Prisci
1043 2546 1095 2566 ne-

424 2585 531 2619 potem
544 2581 652 2617 fuisse,
664 2590 727 2609 non
741 2580 854 2610 filium.
894 2579 999 2609 Variis
1012 2579 1097 2609 enim

424 2623 620 2662 argumentis
651 2622 771 2661 colligit
801 2632 929 2652 neeesse
958 2632 1036 2659 esse,
1063 2625 1098 2651 ut

423 2676 521 2704 quum
554 2666 681 2696 Priscus
719 2665 903 2695 interfectus
940 2668 997 2701 est,
1026 2664 1094 2704 ipse

423 2708 551 2746 quidem
568 2707 789 2747 octogenarius
804 2708 845 2738 ad
864 2707 1031 2737 minimum
1049 2717 1092 2736 es-

422 2754 480 2785 set,
511 2751 671 2789 Tanaquil
701 2761 772 2781 vero
802 2758 848 2789 75.
879 2760 980 2780 annos
1009 2754 1092 2780 nata.

425 2792 522 2821 Unde
553 2793 689 2823 efficitur
720 2793 756 2823 L.
787 2792 1010 2831 Tarquinium,
1041 2792 1094 2831 qui

421 2835 548 2863 fratrem
574 2839 652 2864 natu
679 2835 833 2865 minorem
860 2837 1015 2865 Aruntem
1039 2835 1093 2864 ha-

1142 2249 1241 2278 quum
1257 2239 1325 2279 ipse
1340 2249 1471 2279 regnare
1483 2239 1641 2279 occoepit,
1656 2247 1703 2280 71.
1717 2251 1816 2280 quum

1145 2282 1252 2312 Roma
1268 2283 1432 2321 expulsus,
1448 2281 1498 2323 96.
1522 2293 1621 2321 quum
1638 2283 1727 2320 obiit,
1747 2293 1815 2316 110.

1142 2334 1320 2355 annorum:
1352 2335 1434 2364 quae
1458 2325 1602 2364 profecto
1628 2326 1737 2356 omnia
1761 2337 1815 2357 ne-

1142 2367 1220 2396 mini
1234 2367 1358 2406 probari
1372 2367 1502 2406 possint.
1536 2368 1723 2407 Suspicatur
1736 2369 1814 2399 Dio-

1141 2409 1249 2448 nysius
1275 2410 1349 2439 inde
1372 2414 1484 2439 natum
1508 2420 1575 2440 esse
1599 2420 1708 2440 eorum
1732 2421 1814 2442 erro-

1141 2462 1219 2489 rem,
1242 2462 1320 2491 quos
1346 2452 1397 2481 hie
1424 2456 1569 2482 auctores
1595 2452 1737 2492 sequitur
1760 2454 1813 2484 Li-

1141 2494 1219 2529 vius,
1246 2495 1331 2533 quod
1361 2495 1492 2525 fortasse
1524 2495 1651 2526 Priscus
1680 2501 1813 2535 nepotes

1140 2547 1212 2567 suos
1227 2536 1436 2577 adoptaverit.
1483 2538 1576 2568 Haec
1592 2538 1661 2568 fuse
1676 2542 1813 2570 tractata

1143 2579 1214 2609 vide
1237 2581 1324 2619 apud
1342 2579 1439 2610 Dion.
1457 2580 1540 2611 cirea
1554 2580 1623 2612 init.
1638 2581 1679 2612 iv.
1705 2582 1810 2613 CREV.

1143 2624 1182 2653 ef.
1200 2622 1334 2652 Niebhr.
1352 2623 1370 2652 i.
1390 2633 1418 2661 p.
1438 2621 1507 2662 367.

1180 2677 1199 2703 4
1221 2666 1354 2702 laccius]
1381 2665 1431 2695 Ex
1451 2665 1558 2696 Ursini
1574 2666 1811 2704 emendatione,

1138 2717 1233 2746 qnam
1266 2708 1405 2738 Bekker.
1436 2709 1561 2747 probat,
1594 2709 1649 2739 sed
1687 2709 1811 2740 codices

1137 2753 1260 2780 Arum.
1304 2752 1358 2780 Ita
1376 2752 1412 2781 L.
1433 2751 1555 2781 amicus
1575 2751 1705 2791 quidam
1729 2752 1810 2782 Gro-

1138 2792 1235 2829 novii,
1251 2793 1305 2831 qui
1321 2794 1400 2824 duas
1420 2794 1527 2824 literas
1544 2795 1676 2825 voculae
1691 2795 1738 2824 ita
1755 2795 1810 2824 ab—

1138 2840 1260 2874 sorptas
1275 2837 1315 2866 ab
1331 2836 1395 2866 fine
1416 2837 1636 2876 praecedentis
1652 2836 1736 2867 verbi
1753 2837 1808 2867 im-

422 2876 501 2913 buit,
518 2876 662 2906 debuisse
687 2879 795 2916 procul
821 2877 929 2914 dubio,
946 2878 969 2907 si
993 2877 1093 2908 Prisci
1134 2880 1212 2918 plet,
1239 2883 1334 2917 atque
1365 2879 1419 2915 sic,
1446 2879 1584 2918 reliquas
1609 2879 1688 2909 duas
1714 2880 1749 2909 al
1772 2879 1806 2909 li-

422 2918 586 2957 Tarquinii
612 2919 696 2948 filius
719 2919 853 2955 dicatur,
877 2931 943 2950 esse
968 2928 1015 2958 27.
1038 2931 1091 2950 an-
1136 2920 1245 2950 brariis
1272 2921 1303 2951 in
1331 2933 1370 2951 m·
1393 2921 1601 2957 mutantibus,
1626 2922 1745 2951 factum
1770 2920 1808 2951 τὸ

421 2970 545 2997 norum,
576 2970 673 2997 quum
706 2961 833 2991 Priscus
869 2962 990 2992 occisus
1023 2967 1089 2992 est:

1136 2965 1161 2992 Α
1169 2974 1250 2993 runs
1266 2967 1383 2994 censet.
