1934 3211
592 182 719 224 LIB.
754 182 810 223 ΙΙ.
854 181 1002 223 ΟΑΡ.
1035 187 1102 224 42.
1478 185 1556 224 119

127 287 238 324 9nus
264 273 479 329 vulgatum
511 287 536 312 a
567 271 727 312 civibus
760 271 838 311 isse
872 270 917 311 in
950 271 1094 312 socios.
1161 270 1294 326 Saepe
1328 271 1484 312 deinde
1515 279 1558 312 et
1572 279 1615 310 U.
1633 278 1671 310 C.
1689 277 1760 310 268.

162 329 400 386 Virginium
441 328 656 371 consulem
698 328 743 369 in
788 328 1061 369 concionibus
1101 327 1218 369 velut
1256 327 1557 370 vaticinantem
1571 323 1609 353 Α·
1633 323 1671 354 C·
1689 323 1761 361 484·

157 386 366 437 audiebat,
391 386 622 428 ‘Pestilens
650 385 834 442 collegae
863 401 1017 427 munus
1037 400 1138 427 esse.
1202 384 1340 441 Agros
1361 384 1452 426 illos
1473 401 1558 427 ser-

159 444 360 486 ‘vitutem
400 445 463 495 iis,
506 444 579 501 qui
620 443 872 500 acceperint,
914 443 1092 485 laturos:
1130 458 1261 499 regno
1300 442 1412 483 viam
1452 442 1554 484 fieri.

158 501 305 551 ‘Quid
334 503 394 544 ita
423 503 537 544 enim
566 502 720 543 assumi
747 501 880 543 socios
901 510 944 543 et
964 516 1122 542 nomen
1143 500 1377 542 Latinum?
1440 499 1555 548 Quid

158 559 414 610 ‘attinuisse,
438 559 649 609 Hernicis,
672 559 813 616 paullo
844 568 941 601 ante
973 559 1174 609 hostibus,
1204 558 1313 615 capti
1346 557 1433 614 agri
1464 573 1559 614 par-

157 622 270 659 ‘tem
291 619 457 660 tertiam
478 617 612 668 reddi,
635 617 715 658 nisi
740 626 788 658 ut
815 617 894 658 hae
922 626 1070 674 gentes
1094 632 1170 673 pro
1195 615 1423 658 Coriolano
1448 615 1556 657 duce

157 679 170 699 ‘
185 673 380 717 Cassium
401 676 583 718 habeant
597 676 632 717 ?'
685 675 904 731 Popularis
924 675 1007 716 iam
1029 690 1118 716 esse
1139 674 1345 716 dissuasor
1365 683 1408 715 et
1428 673 1558 715 inter-

156 747 294 775 cessor
314 733 418 790 legis
439 734 622 791 agrariae
644 742 850 789 coeperat.
905 733 1098 789 Uterque
1120 732 1276 774 deinde
1299 731 1446 773 consul
1466 747 1556 773 cer-

156 791 277 832 tatim
297 791 411 848 plebi
432 792 664 848 indulgere.
710 790 927 848 Virginius
949 791 1103 841 dicere,
1126 805 1346 847 passurum
1365 805 1408 831 se
1431 790 1558 846 assig-

155 849 247 890 nari
287 865 421 906 agros,
455 850 558 891 dum
593 865 646 891 ne
683 849 765 898 cui,
799 849 879 890 nisi
920 849 1001 891 civi
1035 849 1244 898 Romano,
1281 848 1555 905 assignentur.

160 906 343 958 Cassius,
378 908 477 964 quia
513 908 558 949 in
593 907 752 964 agraria
786 906 1005 963 largitione
1042 907 1284 948 ambitiosus
1325 906 1370 947 in
1410 905 1556 955 socios,

157 980 294 1022 eoque
315 966 475 1008 civibus
495 965 616 1008 vilior
636 974 737 1015 erat,
764 974 812 1006 ut
842 965 923 1006 alio
954 980 1128 1007 munere
1160 964 1239 1006 sibi
1269 963 1558 1006 reconciliaret

157 1023 312 1065 civium
337 1025 511 1074 animos,
534 1024 690 1073 iubere,
714 1038 790 1080 pro
821 1022 963 1064 Siculo
993 1023 1204 1064 frumento
1235 1022 1460 1079 pecimiam
1490 1037 1558 1063 ac-

157 1090 324 1138 ceptam
354 1082 528 1124 retribui
558 1081 728 1138 populo.
791 1080 844 1123 Id
863 1096 962 1122 vero
987 1081 1103 1122 haud
1127 1095 1258 1130 secus,
1281 1095 1409 1136 quam
1439 1094 1558 1136 prae-

156 1148 320 1181 sentem
353 1140 593 1182 mercedem
629 1139 760 1196 regni,
795 1148 1014 1195 aspernata
1045 1138 1211 1195 plebes:
1246 1138 1351 1180 adeo
1387 1146 1559 1194 propter

156 1197 439 1254 suspicionem
461 1198 628 1239 insitam
650 1197 782 1253 regni,
797 1196 915 1238 velut
934 1197 1198 1238 abundarent
1214 1196 1367 1246 omnia,
1383 1210 1560 1237 munera

157 1255 248 1297 eius
268 1255 313 1296 in
334 1256 484 1297 animis
505 1255 726 1297 hominum
747 1255 1063 1311 respuebantur.
1113 1254 1267 1304 Quem,
1282 1254 1355 1295 ubi
1375 1253 1558 1310 primum

158 1313 404 1370 magistratu
436 1314 551 1363 abiit,
585 1313 831 1354 damnatum
871 1322 1154 1368 necatumque
1188 1320 1362 1354 constat.
1435 1310 1556 1361 Sunt,
1571 1313 1701 1345 Cassius

190 1371 234 1412 ui
263 1380 430 1437 patrem
463 1381 676 1413 auctorem
709 1371 798 1412 eius
831 1370 1025 1427 supplicii
1056 1370 1214 1411 ferant:
1249 1384 1359 1419 eum,
1392 1369 1560 1425 cognita
1571 1362 1713 1388 necatur.

130 1386 275 1494 {domi
305 1444 440 1479 causa,
463 1430 698 1471 verberasse
733 1444 780 1470 ac
816 1443 1001 1478 necasse,
1033 1427 1332 1484 peculiumque
1366 1426 1441 1467 filii
1475 1425 1560 1468 Ce-

160 1487 241 1528 reri
281 1488 607 1529 consecravisse:
651 1487 818 1543 signum
851 1485 950 1528 inde
983 1485 1140 1527 factum
1174 1500 1275 1535 esse,
1310 1494 1353 1527 et
1385 1484 1561 1541 inscrip-

160 1554 263 1595 tum,
286 1559 344 1586 Ex
365 1559 513 1586 CASSIA
533 1558 724 1586 FAMILIA
750 1557 923 1585 DATUM.
987 1542 1164 1585 Invenio
1196 1542 1310 1599 apud
1341 1542 1558 1599 quosdam,

129 1615 147 1646 3
161 1602 289 1659 idque
341 1603 481 1660 ropius
502 1603 631 1644 fidem
653 1611 727 1651 est,
751 1617 775 1643 a
796 1601 1086 1657 quaestoribus
1109 1601 1164 1642 K.
1189 1601 1319 1642 Fabio
1341 1610 1384 1642 et
1405 1600 1454 1642 L.
1474 1600 1561 1642 Va-

127 1659 262 1702 4lerio
293 1618 407 1702 <lieni
431 1661 585 1702 dictam
617 1659 930 1716 perduellionis,
953 1659 1286 1716 damnatumque
1317 1659 1465 1716 populi
1496 1658 1561 1699 iu-

159 1717 294 1760 dicio:
332 1719 490 1760 dimtas
522 1717 689 1776 publice
723 1718 859 1759 aedes.
925 1717 988 1759 Ea
1020 1727 1083 1760 est
1118 1732 1214 1759 area
1246 1726 1343 1759 ante
1378 1716 1562 1758 Telluris

160 1775 321 1818 aedem.
399 1776 602 1819 Ceterum
636 1777 720 1818 sive
762 1776 867 1817 illud
900 1776 1191 1825 domesticum,
1225 1775 1311 1817 sive
1343 1775 1562 1832 publicum
1577 1784 1620 1816 U.
1637 1784 1675 1816 C.
1693 1784 1765 1826 ²69·

159 1833 239 1933 fuit
271 1835 488 1885 iudicium,
522 1835 746 1877 damnatur
782 1833 869 1876 Ser.
908 1833 1124 1884 Cornelio,
1159 1832 1213 1882 Q.
1250 1833 1379 1875 Fabio
1412 1848 1563 1875 consu·
1575 1827 1773 1902 &Sici-{Q

177 1891 280 1934 ibus.
1635 1894 1642 1901 ‘

220 1949 351 1992 Haud
383 1951 583 1992 diuturna
623 1951 683 1992 ira
723 1950 868 2007 populi
905 1950 949 1991 in
985 1949 1179 1992 Cassium
1211 1949 1302 1991 fuit.
1366 1949 1562 1991 Dulcedo
1575 1913 1767 1987 iiiZ'CQ‘ogd-

161 2009 344 2065 agrariae
366 2009 471 2066 legis
492 2009 581 2065 ipsa
608 2024 684 2074 per
710 2024 767 2058 se,
790 2008 963 2065 dempto
985 2017 1167 2057 auctore,
1191 2008 1356 2049 subibat
1377 2008 1560 2049 animos:
1645 2001 1713 2040 42·

162 2081 421 2123 accensaque
452 2082 502 2108 ea
532 2066 739 2123 cupiditas
770 2076 831 2107 est
864 2065 1125 2122 malignitate
1148 2065 1347 2114 Patrum3
1381 2066 1468 2121 qui,
1491 2065 1566 2106 de-

207 2195 227 2226 9
250 2187 276 2215 A
296 2186 420 2216 civibus
435 2186 495 2216 isare
512 2186 546 2214 in
561 2185 675 2222 socios]
713 2184 751 2214 In
769 2184 839 2214 cod.

167 2227 309 2259 Florem.
335 2230 446 2267 effi-sse,
472 2238 571 2267 quare
597 2228 705 2266 eyenis
736 2227 840 2264 legen-

165 2271 242 2301 dum
267 2271 380 2301 suadet
406 2270 541 2301 Niebhr.
565 2269 595 2300 ii.
616 2280 644 2309 p.
667 2269 733 2308 167.
779 2269 842 2300 To-

164 2317 231 2344 tam
250 2313 333 2344 hanc
345 2314 386 2344 de
398 2313 491 2343 sociis
507 2313 720 2344 narrationem
739 2323 757 2342 a
775 2313 843 2349 lege

165 2356 356 2396 Sempronia
385 2357 516 2394 Agraria
543 2357 766 2386 adumbratam
795 2356 840 2385 fu-

166 2398 225 2430 isse
242 2399 326 2430 idem
344 2400 533 2439 suspicatur.
562 2399 601 2430 cf.
622 2399 746 2438 Fragm.
767 2398 840 2437 Leg.

166 2442 291 2482 Sempr.
308 2453 359 2482 ap.
378 2444 475 2473 Gon-³.

223 2495 232 2515 ι
268 2487 501 2526 l'ecnlinmque
529 2485 615 2524 filii]
676 2485 843 2515 Pet-ulium

169 2527 294 2567 proprie
310 2533 357 2558 ost
374 2528 404 2558 id
421 2529 507 2567 qiind
523 2538 631 2557 servus
647 2528 844 2557 concedente

168 2569 298 2600 domino
335 2571 483 2610 possidet.
529 2570 684 2600 similia-r
713 2580 842 2609 usurpa-

170 2616 221 2642 tur
246 2622 302 2651 pro
324 2623 362 2643 eo
385 2614 469 2653 quod
499 2614 583 2643 tilius
608 2612 745 2652 possidet
771 2623 842 2642 enn-

170 2665 259 2685 ceuu
280 2655 388 2694 patris,
403 2656 478 2695 quin
499 2667 616 2695 nempe
636 2656 843 2694 qiu-minimo-

170 2698 247 2728 dum
264 2697 344 2727 nervi
370 2698 399 2728 in
424 2699 543 2729 domini
568 2703 737 2738 potestate.
754 2698 796 2727 ita
814 2704 843 2727 ct

172 2740 260 2770 liberi
294 2740 323 2770 in
356 2746 513 2779 potestate
551 2741 647 2780 patris
681 2746 783 2774 erant,
813 2746 843 2769 vt

170 2783 322 2822 quicquid
354 2784 573 2821 acquiri-bant.
601 2783 631 2813 id
661 2783 754 2822 putri,
782 2794 843 2812 non

171 2826 241 2859 nihi.
267 2825 484 2865 acquin-bant.
533 2826 622 2856 Nihil
657 2825 764 2864 itaque
793 2826 844 2855 ha-

171 2870 288 2899 bebnnt
317 2880 388 2899 vern·
414 2878 527 2898 suum:
553 2869 606 2898 scd
634 2868 658 2897 ri
689 2879 772 2907 qum·
803 2868 847 2897 vis

174 2916 264 2952 pater
279 2913 399 2942 utenda
422 2911 625 2951 perminimi,
643 2910 671 2940 in
690 2922 726 2940 va
749 2916 848 2950 pati-r.

173 2960 324 2995 tanquam
350 2955 380 2985 in
407 2954 568 2994 peculium
592 2953 670 2984 serii
688 2953 848 2985 dominu-⁴.

885 2183 1015 2223 plenam
1042 2188 1234 2223 potestatem
1260 2183 1428 2213 retinebat.
1478 2183 1564 2214 Vide

888 2227 967 2257 lust.
988 2227 1092 2256 Instit.
1115 2226 1146 2256 ii.
1169 2226 1218 2257 tit.
1235 2236 1264 2267 9.
1287 2231 1318 2256 et
1336 2225 1377 2255 ibi
1399 2225 1566 2257 Vinnium.

887 2270 994 2300 Cam.
1041 2269 1103 2299 Sed
1135 2269 1176 2299 de
1206 2269 1267 2299 hac
1295 2279 1327 2299 re
1354 2269 1393 2299 cf.
1423 2268 1566 2302 omniuo.

890 2312 1025 2343 Niebhr.
1044 2311 1074 2343 ii.
1093 2322 1122 2351 p.
1146 2321 1212 2351 ¹7¹·

932 2364 947 2385 2
973 2356 1100 2392 (brer-i]
1137 2355 1232 2394 Apud
1267 2354 1393 2385 Cereris
1429 2354 1566 2393 pecunia

889 2398 991 2437 piebis
1007 2399 1228 2428 asservabatur
1244 2398 1284 2428 cf.
1306 2397 1390 2427 l'lin.
1409 2397 1517 2428 xxxiv.
1536 2410 1564 2436 4.

891 2441 999 2480 lleyn.
1017 2443 1080 2480 Op.
1100 2441 1158 2471 Ac.
1175 2452 1201 2471 v.
1221 2451 1250 2480 p.
1269 2449 1339 2479 430.
1353 2445 1385 2470 ct
1399 2450 1484 2479 supr.
1503 2450 1548 2480 ιι).
1561 2451 1567 2458 ·

934 2493 950 2522 3
975 2484 1220 2521 (gnava-loribus]
1248 2494 1290 2513 sc.
1330 2482 1506 2516 Parricidii,
1526 2484 1565 2514 cf.

892 2527 1015 2557 Festus.
1048 2528 1187 2557 Crcuzcr
1207 2527 1244 2556 R.
1265 2527 1338 2556 Ant.
1357 2527 1373 2561 g*
1396 2525 1462 2564 167.
1497 2526 1565 2557 Cic.

889 2571 930 2599 dc
959 2569 1041 2607 Rep.
1064 2569 1093 2599 ii.
1113 2579 1162 2608 35.
1204 2569 1318 2608 Pomp.
1346 2569 1386 2598 dc
1413 2571 1467 2599 Ur.
1493 2569 1565 2599 Jur.

893 2613 947 2643 ln.
969 2621 993 2642 ε.
1013 2614 1028 2645 ξ
1048 2621 1074 2650 3.

933 2668 951 2693 4
970 2656 1087 2693 l'ulmli'
1105 2655 1239 2692 iudicia]
1256 2664 1298 2684 tw.
1314 2655 1337 2684 Λ
1356 2654 1498 2693 patribus
1512 2665 1564 2685 ιά-

889 2697 1209 2733 riuum,com-ocutis.
1223 2698 1261 2727 cf.
1273 2696 1406 2727 Niuhhr.
1415 2696 1444 2728 ii.
1455 2708 1483 2737 p.
1497 2696 1566 2737 167.

890 2740 942 2778 qui
960 2750 1014 2779 pro
1027 2746 1114 2769 certo
1128 2740 1236 2774 habet,
1251 2740 1376 2778 plebem
1396 2746 1564 2779 patronum

891 2793 982 2811 κιιιιιιι
1008 2793 1069 2811 non
1095 2783 1336 2816 corniciniiassc.
1363 2793 1466 2822 neque
1490 2789 1566 2813 ante

891 2825 1142 2855 ‹lvcemvinuuni
1175 2836 1286 2855 uiui-ias
1315 2825 1471 2865 capitales
1500 2836 1563 2856 ma-

893 2868 979 2897 ximo
1004 2868 1183 2903 comitiam,
1206 2879 1247 2900 rw.
1273 2869 1501 2902 centuriarum,
1523 2869 1564 2899 iu-

893 2911 1016 2940 dicatas
1028 2922 1104 2941 νει-ψ.
1128 2912 1189 2941 Sed
1206 2911 1372 2943 Wnchsm.
1389 2913 1499 2951 paullo
1511 2911 1566 2942 ali-

894 2958 942 2983 ter
957 2953 1063 2985 mitit.
1082 2964 1110 2993 p.
1131 2963 1199 2993 327.
