1934 3211
607 193 732 236 LIB.
774 192 805 235 I.
853 192 998 234 CAP.
1039 197 1075 236 7.
1490 195 1536 234 11

124 301 267 336 4sacra
295 286 374 327 diis
402 285 492 327 aliis
519 285 688 328 Albano
716 286 812 336 ritu,
838 285 1003 327 Graeco
1027 284 1216 335 Herculi,
1246 296 1293 327 ut
1319 288 1370 328 ab
1401 287 1543 329 Evan-

153 345 229 385 dro
249 344 440 385 instituta
466 352 597 394 erant,
625 344 734 386 facit.
799 343 1069 385 Herculem
1059 359 1103 384 1n
1134 358 1184 385 ea
1209 343 1312 394 loca,
1340 344 1457 401 Gery
1460 360 1540 386 one
1555 355 1709 386 Herculis

153 402 417 458 interempto,
439 402 566 443 boves
586 403 691 443 mira
710 402 847 458 specie
870 402 1054 457 abegisse
1076 415 1323 453 memorant,
1344 418 1390 443 ac
1411 418 1540 459 prope
1555 399 1712 471 {Adventus
1727 398 1761 428 5¹¹

155 459 343 501 Tiberim
363 460 550 510 fluvium,
568 476 663 516 qua,
686 475 784 517 prae
806 475 849 501 se
871 469 1107 501 armentum
1129 475 1268 516 agens,
1298 435 1439 502 riando
1461 470 1545 502 tra·
1587 441 1698 471 atium

152 517 319 567 iecerat,
356 517 448 559 loco
480 517 668 568 herbido,
698 529 745 559 ut
778 518 920 574 quiete
952 526 994 559 et
1027 517 1180 574 pabulo
1213 517 1322 560 laeto
1353 518 1546 560 reficeret

152 576 291 626 boves,
323 584 366 616 et
390 576 526 632 ipsum
556 576 710 617 fessum
734 576 801 617 via
829 575 1110 632 procubuisse.
1174 575 1239 617 Ibi
1270 591 1401 633 quum
1432 592 1542 626 eum,

120 631 121 634 ¹
153 634 246 675 cibo
280 633 463 690 vinoque
495 643 724 690 gravatum,
761 649 884 691 sopor
919 634 1199 690 oppressisset,
1233 644 1373 690 pastor
1405 634 1547 676 accola.

153 691 242 733 eius
261 691 355 741 loci,
377 692 546 733 nomine
564 691 713 742 Cacus,
736 692 853 734 ferox
874 692 1042 742 viribus,
1065 701 1210 749 captus
1230 692 1543 758 pulchritudine
1557 701 1674 733 Cacus.

151 750 294 800 boum,
316 765 447 815 quum
469 759 653 792 avertere
676 765 767 792 eam
796 750 993 807 praedam
1020 749 1160 800 v,ellet
1183 751 1293 807 quia,
1320 751 1353 792 si
1381 751 1547 808 agendo

153 817 388 849 armentum
408 808 453 848 in
474 807 715 864 speluncam
738 808 1019 865 compulisset,
1038 809 1126 865 ipsa
1145 809 1321 866 vestigia
1340 824 1548 865 quaeren-

152 874 239 907 tem
260 865 478 907 dominum
500 881 550 908 eo
571 866 805 908 deductura
825 876 961 932 erant3
989 881 1152 908 aversos
1172 867 1310 917 boves,
1343 867 1546 908 eximium

152 938 364 980 quemque
386 923 710 980 pulchritudine,
741 924 914 966 caudis
904 940 948 965 m
969 924 1211 981 speluncam
1234 925 1370 966 traxit.
1434 924 1547 967 Her-

152 981 279 1032 cules,
315 981 370 1023 ad
400 982 576 1039 primam
609 998 799 1024 auroram
829 998 976 1024 somno
1006 983 1180 1032 excitus,
1213 999 1344 1040 quum
1373 998 1546 1049 gregem

152 1039 440 1105 perlustrasset
479 1040 620 1105 oculis,
663 1049 705 1082 et
744 1049 906 1097 partem
947 1041 1086 1082 abesse
1128 1056 1303 1083 numero
1339 1041 1544 1092 sensisset,

151 1097 289 1155 pergit
309 1098 362 1139 ad
382 1098 615 1155 proximam
640 1098 894 1155 speluncam,
924 1099 957 1140 si
978 1099 1082 1140 forte
1105 1115 1154 1140 eo
1175 1099 1350 1155 vestigia
1375 1099 1542 1141 ferrent.

157 1156 278 1205 Quae
300 1156 372 1198 ubi
394 1156 535 1198 omnia
550 1157 657 1198 foras
669 1172 787 1198 versa
803 1157 920 1206 vidit,
939 1172 1016 1198 nec
1039 1157 1082 1197 in
1103 1166 1264 1213 partem
1286 1157 1407 1198 aliam
1423 1157 1544 1207 ferre,

153 1214 349 1256 confusus
369 1223 496 1271 atque
518 1214 701 1256 incertus
722 1215 862 1264 animi,
890 1230 943 1256 ex
964 1214 1056 1257 loco
1087 1215 1238 1256 infesto
1270 1230 1391 1272 agere
1423 1231 1547 1272 porro

152 1282 390 1314 armentum
421 1273 594 1329 occepit.
657 1271 763 1314 Inde
793 1288 924 1329 quum
953 1283 1068 1314 actae
1099 1274 1226 1314 boves
1257 1273 1463 1329 quaedam
1495 1273 1548 1314 ad

153 1330 421 1380 desiderium,
444 1340 491 1371 ut
511 1331 571 1380 fit,
594 1330 831 1372 relictarum
845 1331 1087 1387 mugissent,
1110 1330 1273 1371 reddita
1293 1330 1547 1372 inclusarum

154 1403 208 1430 ex
228 1388 426 1445 spelunca
446 1388 572 1430 boum
593 1404 675 1429 vox
705 1388 934 1429 Herculem
960 1388 1175 1429 convertit.
1242 1388 1383 1436 Quem
1415 1404 1547 1444 quum

154 1445 376 1488 vadentem
397 1445 450 1487 ad
471 1445 713 1502 speluncam
737 1445 875 1487 Cacus
902 1446 943 1486 vi
968 1446 1189 1511 prohibere
1218 1455 1391 1487 conatus
1419 1455 1525 1488 esset
1534 1462 1545 1496 ;

153 1504 261 1546 ictus
295 1503 421 1553 clava,
453 1503 581 1544 fidem
612 1512 824 1560 pastorum
855 1518 1137 1560 nequlcquam
1168 1504 1379 1553 invocans,
1413 1513 1546 1546 morte

123 1561 361 1626 5occubuit.
432 1560 628 1602 Evander
669 1570 757 1603 tum
799 1576 860 1611 ea,
883 1561 1102 1627 ‘profugus
1144 1577 1198 1603 ex
1238 1561 1545 1619 Peloponneso,
1562 1569 1713 1601 Exander

154 1619 398 1661 auctoritate
421 1619 563 1676 magis,
587 1634 713 1675 quam
734 1619 934 1685 imperio,
957 1621 1127 1677 regebat
1155 1619 1267 1661 loca:
1298 1620 1547 1662 venerabilis
1561 1614 1669 1645 ΑΜ

153 1677 217 1718 vir
231 1676 430 1718 miraculo
443 1676 673 1727 literarum,-
685 1678 745 1719 rei
762 1693 842 1719 nov
845 1693 892 1719 ae
907 1678 1017 1719 inter
1029 1678 1154 1719 rudes
1167 1678 1319 1720 artium
1336 1678 1544 1720 homines·
1536 1711 1546 1728 ,

153 1734 429 1777 venerabilior
471 1735 688 1777 divinitate
728 1735 888 1777 credita
930 1735 1182 1778 Carmentae
1224 1737 1378 1787 matris,
1421 1752 1548 1793 quam

152 1792 411 1849 fatiloquam,
434 1802 530 1835 ante
556 1792 771 1850 Sibyllae
762 1809 805 1834 m
827 1792 992 1835 Italiam
1014 1794 1256 1845 adventum,
1275 1795 1447 1836 miratae
1469 1795 1548 1836 hae

152 1860 300 1908 gentes
319 1850 496 1893 fuerant.
559 1850 600 1892 Is
629 1862 718 1893 tum
742 1851 950 1901 Evander,
981 1868 1185 1894 concursu
1211 1863 1435 1909 pastorum,
1466 1863 1549 1894 tre-

153 1909 390 1966 pidantium
420 1909 530 1951 circa
559 1909 763 1951 advenam
792 1910 1033 1952 manifestae
1059 1926 1176 1952 reum
1199 1911 1349 1961 caedis,
1373 1911 1546 1961 excitus,

184 1976 375 2024 ostquam
414 1967 574 2009 facinus
613 1967 892 2024 facinorisque
937 1983 1102 2010 causam
1143 1969 1316 2019 audivit,
1359 1969 1549 2010 habitum

153 1982 413 2082 {omamque
454 2025 531 2066 viri
579 2025 841 2082 aliquantum
889 2026 1131 2082 ampliorem
1181 2027 1547 2084 augustioremque

153 2082 337 2124 humana
356 2084 538 2133 intuens,
555 2084 718 2139 rogitat,
742 2084 814 2140 qui
836 2084 898 2124 vir
919 2086 1050 2125 essct?
1084 2084 1169 2126 Ubi
1191 2101 1344 2126 nomen
1362 2095 1546 2159 patrem-

154 2156 237 2197 que
254 2156 301 2182 ac
318 2141 493 2198 patriam
515 2142 697 2198 accepit:
725 2147 735 2165 ‘
751 2141 849 2183 Iove
868 2151 977 2191 nate,
999 2141 1216 2192 Hercules,
1234 2142 1318 2183 salv
1310 2144 1370 2192 e,'
1388 2143 1544 2199 inquit3

155 2204 167 2222 ‘
184 2208 223 2240 te
246 2199 348 2240 mihi
377 2208 521 2249 mater,
548 2199 730 2240 veridica
757 2199 961 2256 interpres
986 2200 1125 2250 deum,
1149 2210 1366 2242 aucturum
1390 2200 1546 2242 000103-

154 2256 287 2298 ‘tium
328 2272 549 2298 numerum
585 2258 756 2306 cecinit3
800 2257 959 2314 tibique
1000 2273 1112 2299 aram
1154 2258 1220 2300 hic
1257 2258 1336 2299 dic
1328 2268 1440 2299 itinn
1482 2259 1544 2308 iri,

155 2320 307 2371 ‘quam
339 2315 651 2372 opulentissima
681 2315 781 2356 olim
813 2316 855 2356 in
885 2316 1003 2357 terris
1032 2331 1135 2372 gens
1157 2316 1389 2357 Maximam
1411 2326 1544 2366 vocet,
1560 2324 1625 2354 Ara
1642 2323 1746 2355 Maxi-

155 2378 340 2429 ‘tuoquc
371 2373 455 2414 ritu
486 2373 620 2414 colat?
688 2373 851 2415 Dextra
883 2373 1088 2416 Hercules
1119 2374 1227 2424 data,
1261 2379 1297 2400 ‘
1289 2374 1476 2430 accipere
1503 2390 1544 2416 30
1560 2377 1622 2398 ¹¹³⁸·

155 2436 307 2472 ‘omen
330 2430 685 2488 impleturumque
716 2432 812 2482 fata,
841 2447 910 2473 ara
934 2432 1103 2474 condita
1132 2442 1258 2489 atque
1287 2432 1354 2473 dic
1358 2442 1396 2473 lt
1399 2448 1435 2482 i,
1476 2433 1544 2474 ait.

155 2538 209 2571 De
225 2539 387 2580 pomoerio
401 2540 534 2571 Romuli
552 2540 624 2571 silet
639 2539 760 2577 Livius,
773 2541 827 2570 sed
872 2542 984 2571 raculo
1009 2542 1194 2579 literarum]
1242 2541 1308 2576 Qui
1337 2541 1454 2576 liu-rna,
1483 2551 1547 2572 rem

154 2592 207 2622 ap.
229 2581 333 2614 Tacit.
360 2584 442 2614 Ann.
468 2583 521 2614 xii.
540 2593 588 2622 ²4·
606 2583 706 2614 fusius
728 2584 758 2613 id
776 2584 828 2613 ‹1‹·-
875 2584 947 2614 seris
970 2583 1163 2619 hominunm,
1179 2584 1290 2623 qual&
1309 2588 1376 2613 tum
1395 2584 1477 2614 circu
1495 2584 1548 2615 Ti-

155 2624 214 2655 ncri
241 2629 308 2655 tum
340 2625 490 2656 invenies.
546 2626 597 2656 Dc
625 2626 685 2656 loci
715 2637 828 2666 oppor-
874 2627 972 2656 herim
1002 2626 1200 2660 habitabant.
1226 2627 1413 2661 mirabilem,
1439 2637 1547 2658 secum

156 2671 293 2698 tumtate
310 2669 348 2698 cf.
365 2669 434 2700 Cic.
451 2669 490 2699 de
508 2669 591 2708 Rep.
609 2669 639 2700 ii.
660 2668 750 2708 3-6.
873 2669 1027 2699 adtulime
1058 2670 1228 2704 terebatur,
1258 2674 1293 2698 ut
1324 2674 1353 2698 et
1386 2670 1546 2701 Musicam

199 2722 217 2748 4
240 2712 377 2749 Graeco]
403 2712 518 2751 Suppl.
532 2712 602 2742 ritu.
628 2713 678 2743 Cf.
695 2712 829 2752 Dionys.
874 2712 1017 2750 ulnisque
1037 2716 1120 2741 artes
1136 2717 1167 2741 et
1186 2712 1267 2741 vitae
1285 2711 1479 2742 humanioris
1502 2713 1547 2743 in-

157 2752 176 2783 i.
202 2762 250 2792 39.
283 2753 368 2790 Virg.
395 2754 473 2784 Aen.
499 2754 549 2784 vii.
579 2756 644 2793 185.
673 2755 776 2785 ὃῑῑιὴ
803 2765 829 2785 ν.
875 2755 997 2789 ntitutu,
1024 2754 1156 2793 Dionys.
1185 2754 1203 2784 i.
1231 2764 1279 2793 33.
1311 2755 1395 2785 etin
1425 2755 1474 2786 his
1500 2767 1547 2786 ιιι·-

158 2806 188 2835 p.
215 2805 251 2826 22
258 2805 284 2834 3.
343 2795 448 2833 Digna
470 2796 828 2838 imprimin‚‹111=tc11ni
875 2801 939 2826 tem
964 2797 1167 2827 vaticinandi.
1213 2799 1384 2828 (¹armenta
1400 2798 1468 2828 eius
1483 2809 1546 2828 ma-

159 2837 228 2869 liv.
252 2838 444 2875 &unsri-<itum
470 2839 705 2876 elegantissima
729 2840 831 2876 ongis
875 2844 934 2873 ΙΝ,
952 2840 1127 2880 saenihnlua.
1157 2845 1254 2875 vates,
1280 2841 1319 2870 ud
1343 2851 1439 2880 quum
1467 2842 1546 2871 unti-

159 2881 245 2921 Prop
248 2881 316 2911 trtii
343 2881 381 2911 iv.
404 2892 434 2920 c),
458 2881 498 2911 de
521 2882 609 2911 (ιιι-ὀ
627 2887 657 2912 et
679 2882 830 2912 Hercule.
875 2882 1025 2920 quis-dnm
1061 2882 1214 2913 Italorum
1249 2883 1396 2914 vaticinia
1427 2895 1450 2915 a.
1482 2895 1546 2915 car-

159 2923 327 2955 Domum.
359 2924 385 2955 (¹
391 2925 409 2954 s.
431 2924 596 2954 Wachmn.
616 2935 645 2963 p.
668 2934 733 2955 101.
876 2925 961 2955 mina
979 2925 1083 2956 referri
1100 2926 1254 2957 solebant.
1283 2927 1366 2958 lie-v.

202 2975 219 3005 5
244 2968 398 2997 Evander
419 2991 424 2997 .
444 2991 450 2997 .
468 2991 474 2998 .
495 2968 684 2997 nencrahuo's
706 2969 754 2997 vir
776 2969 830 2997 mi-
