1934 3211
590 192 709 235 LIB.
743 191 798 234 II.
842 193 988 235 CAP.
1023 198 1089 236 39.
1452 199 1529 238 115

115 283 275 332 7‘culo,
307 282 497 324 violaturi
529 283 657 324 simus
687 281 819 332 ludos,
850 281 1147 339 piaculumque
1178 284 1392 324 merituri:
1432 285 1527 327 ideo
1543 295 1586 327 U.
1606 294 1731 335 (1263.

144 346 244 381 ‘nos
282 340 334 381 ab
368 339 466 381 sede
507 340 686 396 piorum,
723 349 858 390 coetu,
902 339 1165 396 concilioque
1206 340 1328 396 abigi.
1394 341 1526 392 Quid,
1541 340 1580 370 A.
1603 339 1641 371 C·
1659 339 1731 379 489.

143 396 354 438 ‘deinde?
388 397 493 438 illud
519 413 605 439 non
635 397 852 447 succurrit,
881 397 1019 439 vivere
1050 412 1138 447 nos,
1168 398 1283 453 quod
1310 400 1528 440 maturari—

142 460 258 496 ‘mus
287 455 528 511 proficisci?
567 455 601 496 si
634 454 713 496 hoc
748 454 963 512 profectio,
1000 464 1043 496 et
1075 470 1161 496 non
1196 455 1295 512 fuga
1334 464 1408 497 est.
1472 456 1528 498 Et

140 511 273 554 ‘hanc
293 513 440 554 urbem
464 528 537 555 vos
562 528 647 555 non
677 512 860 554 hostium
888 512 1053 562 ducitis,
1082 512 1168 562 ubi,
1190 512 1224 554 si
1253 528 1384 554 unum
1413 513 1527 555 diem

139 570 312 612 ‘morati
345 571 500 621 essetis,
532 570 796 612 moriendum
827 570 1020 612 omnibus
1049 570 1162 611 suit?
1212 570 1378 612 Bellum
1410 571 1527 613 vobis

139 627 368 669 ‘indictum
400 638 485 677 est3
529 643 681 685 magno
712 643 857 670 eorum
888 627 1010 678 malo,
1043 628 1116 684 qui
1146 628 1351 678 indixere,
1384 628 1418 669 si
1448 628 1526 670 viri

139 685 286 727 ‘estis'
345 685 412 727 Ita
438 694 481 728 et
501 701 576 727 sua
602 695 749 743 sponte
779 686 933 727 irarum
961 685 1089 742 pleni,
1111 695 1154 727 et
1181 686 1356 736 incitati,
1379 686 1526 728 domos

135 743 235 785 inde
271 743 444 800 digressi
479 752 603 793 sunt3
648 743 970 800 instigandoque
1005 759 1101 785 suos
1135 744 1313 800 quisque
1349 743 1525 800 populos

134 801 324 851 effecere,
347 811 394 842 ut
415 817 538 843 omne
560 801 763 843 Volscum
784 817 940 843 nomen
961 801 1171 843 deficeret.

103 869 123 901 8
192 858 469 916 Imperatores
495 859 549 901 ad
576 859 621 901 id
652 859 809 901 bellum
842 859 894 901 de
928 860 1116 901 omnium
1147 859 1398 916 populorum
1430 875 1525 901 sen·
1606 857 1673 896 39-

135 917 267 959 tentia
286 916 384 959 lecti
406 917 550 958 Attius
571 917 722 959 Tullus
742 926 785 958 et
807 916 858 958 C.
879 917 1065 958 Marcius
1085 914 1204 959 exsul
1226 917 1456 968 Romanus,
1478 917 1523 958 in
1535 912 1647 986 {qlsci
1664 913 1716 944 ‘1⁶⁸

135 989 220 1031 quo
249 974 462 1031 aliquanto
491 974 586 1032 plus
616 976 704 1032 spei
734 975 975 1032 repositum.
1041 974 1182 1023 Quam
1215 990 1331 1032 spem
1363 991 1523 1032 nequa—
1535 957 1731 1029 ςῇξζζὶὶζζῖξζ

135 1047 261 1089 quam
306 1032 479 1075 fefellit:
533 1042 579 1074 ut
618 1033 737 1074 facile
778 1042 1008 1089 appareret,
1049 1032 1226 1075 ducibus
1265 1032 1522 1083 validiorem,
1535 1041 1636 1072 Tullo
1653 1046 1692 1090 et·

134 1105 258 1147 quam
287 1091 489 1140 exercitu,
523 1106 611 1132 rem
647 1091 882 1132 Romanam
915 1106 1014 1132 esse.
1080 1090 1268 1132 Circeios
1298 1090 1521 1147 profectus,
1535 1085 1572 1116 C.
1591 1085 1724 1116 Marem.

132 1148 314 1204 primum
346 1149 516 1190 colonos
547 1148 646 1190 inde
682 1148 895 1190 Romanos
927 1148 1102 1205 expulit,
1136 1148 1393 1205 liberamque
1429 1164 1521 1190 eam

100 1206 279 1252 9urbem
301 1206 464 1248 Volscis
486 1206 668 1247 tradidit.
732 1205 850 1256 Inde,
870 1207 913 1247 in
935 1206 1131 1248 Latinam
1152 1207 1261 1248 viam
1283 1207 1522 1248 transversis

132 1265 366 1306 tramitibus
406 1274 694 1321 transgressus,
740 1263 958 1313 Satricum,
997 1264 1246 1320 Longulam,
1285 1264 1520 1313 Poluscam,

106 1334 117 1355 ¹
136 1320 339 1372 Coriolos,
362 1322 526 1363 novella
547 1322 649 1363 haec
672 1322 876 1363 Romanis
897 1321 1053 1378 oppida
1079 1321 1247 1363 ademit.
1310 1321 1416 1363 Inde
1439 1322 1522 1363 La-

132 1379 293 1421 vinium
314 1380 497 1436 recepit:
532 1389 632 1421 tunc
653 1379 852 1436 deinceps
876 1378 1146 1429 Corbionem,
1164 1379 1392 1429 Vitelliam,
1416 1379 1522 1421 Tre-

102 1437 256 1487 zbiam,
299 1437 487 1487 Lavicos,
524 1437 687 1478 Pedum
728 1437 851 1495 cepit.
913 1437 1177 1478 Postremum
1218 1437 1271 1478 ad
1312 1437 1457 1478 urbem
1498 1453 1522 1478 a

101 1493 250 1540 3Pedo
274 1495 418 1544 ducit3
451 1504 505 1544 ct,
527 1495 580 1536 ad
607 1495 734 1536 fossas
757 1494 935 1536 Cluilias
955 1494 1143 1550 quinque
1175 1495 1226 1536 ab
1258 1495 1359 1536 urbe
1391 1494 1523 1536 millia

131 1567 326 1609 passuum
351 1553 494 1594 castris
522 1552 678 1609 positis,
701 1552 927 1609 populatur
954 1551 1052 1593 inde
1082 1567 1226 1608 agrum
1250 1552 1518 1602 Romanum3

129 1610 372 1652 custodibus
401 1611 511 1651 inter
538 1609 804 1667 populatores
835 1610 980 1660 missis,
1003 1609 1076 1666 qui
1104 1610 1373 1666 patriciorum
1401 1625 1520 1667 agros

129 1667 306 1709 intactos
335 1677 573 1709 servarent:
607 1668 691 1709 sive
722 1668 908 1709 infensus
938 1668 1050 1725 plebi
1082 1668 1225 1724 magis,
1247 1668 1332 1709 sive
1361 1678 1407 1709 ut
1436 1668 1520 1709 dis-

128 1725 271 1767 cordia
299 1725 398 1768 inde
429 1726 539 1767 inter
566 1726 712 1767 Patres
739 1725 990 1782 plebemque
1019 1726 1208 1767 oriretur.
1274 1725 1395 1774 Quae
1423 1741 1520 1782 pro-

127 1783 238 1826 fecto
258 1793 348 1826 orta
367 1793 500 1826 esset:
534 1784 640 1826 adeo
671 1783 827 1825 tribuni
859 1784 940 1825 iam
968 1784 1148 1825 ferocem
1177 1799 1252 1840 per
1278 1799 1321 1825 sc
1352 1783 1518 1840 plebem

128 1841 389 1883 criminando
410 1842 452 1882 in
474 1842 675 1898 primores
695 1841 874 1883 civitatis
895 1841 1159 1897 instigabant.
1215 1841 1300 1883 Sed
1320 1851 1519 1883 externus

128 1899 266 1950 timor,
292 1900 521 1941 maximum
552 1899 800 1941 concordiae
831 1899 1058 1950 vinculum,
1088 1900 1276 1956 quamvis
1306 1909 1519 1956 suspectos

127 1957 394 2014 infensosque
416 1957 525 1998 inter
545 1972 588 1999 se
611 1958 810 2012 iungebat
837 1958 1007 1998 animos
1072 1957 1121 1998 Id
1151 1957 1277 1998 modo
1305 1972 1390 1998 non
1418 1973 1518 1999 con-

845 2098 914 2128 cod.
935 2096 1043 2127 Veith.
1061 2101 1162 2134 extat,
1180 2107 1254 2137 prae
1273 2108 1306 2128 se
1323 2097 1437 2135 ferant,
1453 2108 1516 2128 non

173 2107 189 2139 7
211 2100 445 2140 Piaculumque
462 2099 625 2136 merituri]
661 2098 698 2128 Id
715 2108 798 2127 coni-

844 2140 952 2179 inepta
969 2139 1152 2170 coniectura
1168 2145 1215 2170 est
1239 2140 1269 2170 in
1292 2140 1352 2170 hac
1370 2150 1446 2171 voce
1462 2151 1515 2170 no-

128 2142 265 2179 mimuri,
294 2143 379 2182 quod
417 2142 455 2171 sit
494 2141 622 2181 piaculo
657 2141 798 2179 dignuin.

128 2185 235 2215 Cazv.

171 2228 190 2257 8
213 2228 314 2257 Adid
328 2228 460 2265 bellum]
493 2227 558 2257 Res
579 2232 683 2264 gestas
705 2225 800 2256 buius

128 2269 217 2305 belli,
233 2270 316 2309 quod
334 2270 374 2300 ad
394 2269 516 2300 Attium
534 2269 679 2299 Tullium
705 2269 796 2308 perti-

128 2318 194 2348 net,
214 2312 356 2343 admittit
375 2312 520 2348 Niebhr„
544 2312 602 2342 nisi
626 2312 709 2351 quod
735 2322 797 2341 non

127 2356 223 2386 modo
242 2355 450 2391 Voluit-oms&
465 2356 592 2394 Aequos
608 2365 734 2395 quoque
751 2353 795 2384 in-

127 2398 304 2429 cursionem
338 2398 366 2428 in
397 2409 507 2437 agrum
543 2398 724 2428 Romanum
754 2398 795 2427 fe—

127 2440 205 2472 cine
221 2446 321 2481 putet.

169 2493 190 2524 9
212 2486 252 2514 ln
276 2485 423 2514 Latinam
448 2485 530 2514 rium
549 2508 556 2514 .
573 2508 580 2514 .
598 2508 604 2514 .
622 2489 796 2523 tramyres-

126 2526 198 2563 σω]
224 2527 388 2562 Quattuor
408 2527 488 2557 hacc
511 2527 642 2566 oppida,
660 2536 794 2566 quornm

129 2567 259 2599 nomina
298 2575 484 2609 uequuntur,
526 2569 604 2599 citra
648 2569 794 2599 Latinum

130 2609 211 2640 viam
227 2616 301 2642 nunt
315 2612 448 2643 Circeiis
464 2611 685 2651 proficiscenti.
733 2611 795 2641 ltu-

128 2663 191 2691 quc
213 2663 275 2683 non
291 2654 367 2684 satin
381 2660 527 2694 apparet,
541 2665 638 2694 quiue
656 2654 798 2685 Muri-iun

126 2701 203 2726 ειηῐι·
234 2695 264 2726 in
297 2696 442 2727 Latinam
475 2697 557 2727 vium
587 2703 798 2734 transgressus

128 2738 235 2772 suia-w,
258 2749 353 2778 quum
375 2739 431 2769 lum
454 2740 546 2769 urben
569 2740 689 2779 cepin
712 2739 794 2769 dicu-

127 2786 186 2811 tur.
212 2783 317 2812 (noa.

175 2834 183 2854 1
213 2825 364 2862 Aha-vlla}
391 2823 504 2862 Nuper
519 2825 559 2854 nl»
574 2824 728 2854 Romania
743 2835 792 2853 zu·-

125 2867 253 2906 quinitu.
278 2873 309 2897 ut
335 2867 403 2897 infr.
431 2867 483 2897 xli.
503 2876 530 2905 5.
556 2868 669 2896 ηυιΨΙΙὶ
696 2867 793 2906 ,iqui-

123 2910 265 2941 lct‘emwx.
311 2911 372 2940 sm!
395 2920 491 2948 quum
519 2910 625 2949 plum-a
645 2909 751 2948 seripti
777 2920 795 2938 ιι

125 2952 296 2983 Gronoviis
312 2953 387 2982 mliii
407 2954 572 2986 nom-llam,
589 2963 670 2991 qum·
690 2962 745 2981 vox
765 2951 794 2981 in

844 2193 918 2213 men
946 2181 1030 2212 urbis
1058 2182 1166 2212 latere.
1216 2183 1399 2213 Gronovius
1426 2187 1517 2222 pater

844 2226 996 2261 Bovillae,
1033 2225 1119 2255 filius
1148 2226 1308 2264 ssluyillas
1345 2225 1516 2255 coniicit—-

843 2269 1014 2307 Mnyillaem,
1033 2269 1144 2307 probat
1164 2267 1297 2298 Niebhr.
1316 2267 1346 2298 ii.
1365 2278 1393 2307 p.
1411 2278 1463 2309 94.

887 2321 902 2341 2
928 2312 981 2340 Ad
1006 2311 1132 2348 urbem]
1173 2321 1215 2340 se.
1236 2311 1384 2341 Romam.
1432 2311 1471 2341 cf.
1494 2310 1512 2342 i.

841 2363 890 2392 23.
935 2353 1110 2393 Dionysius
1124 2352 1200 2389 ulio,
1216 2363 1311 2392 quain
1332 2353 1451 2389 Livius,
1466 2364 1512 2384 or·

841 2396 915 2426 dinc
943 2395 1180 2435 expeditionem
1213 2395 1375 2426 Coriolani
1408 2406 1512 2426 recen-

840 2445 899 2475 set,
922 2444 955 2469 et
978 2439 1026 2468 his
1047 2449 1118 2469 eum
1144 2439 1183 2468 ml
1208 2439 1317 2468 urbem
1345 2439 1513 2470 net-misse

841 2482 946 2512 tradit.
978 2481 1086 2512 Livius
1098 2486 1204 2511 nutem
1221 2481 1422 2517 Volscorum,
1436 2482 1512 2512 Dio-

841 2524 949 2564 nysius
972 2525 1154 2563 Aequorum
1177 2524 1414 2563 expeditionem
1443 2535 1511 2555 nm·-

841 2572 897 2598 rut.
946 2567 1065 2602 verim,
1077 2571 1096 2582 ⁵·
1108 2567 1138 2597 in
1154 2566 1300 2597 Latinum
1317 2565 1398 2596 vinni
1413 2571 1510 2598 truns-

843 2609 937 2640 versis
975 2609 1138 2639 itineribus
1168 2611 1405 2647 tnnmgrffisuw
1436 2611 1511 2640 sede

841 2664 897 2683 uua
921 2657 1044 2682 mutatu
1068 2652 1175 2688 fuisse,
1190 2657 1221 2682 et
1247 2658 1315 2691 post
1332 2654 1352 2667 ⁴⁶
1366 2657 1442 2682 tunc
1457 2653 1509 2683 dc-

841 2696 977 2735 ἐμοι-μ’·
994 2695 1160 2725 inscrenda
1176 2700 1267 2734 putat
1285 2694 1418 2726 Niebhr.
1434 2695 1464 2727 ii.
1481 2706 1509 2735 p.

840 2750 890 2778 ¹1⁴·
909 2749 938 2768 n.
957 2747 1026 2776 535.

883 2790 899 2819 ς,
924 2782 976 2810 Ad
990 2782 1098 2818 jassus
1119 2781 1272 2818 I'lm'liaxl
1310 2779 1420 2811 Finem
1444 2781 1509 2819 agri

844 2823 979 2853 Romanii
1003 2822 1238 2859 inaugura-tum,
1254 2833 1348 2862 quem
1366 2824 1510 2859 transire,

842 2866 898 2895 nisi
917 2866 1001 2895 bello
1019 2865 1048 2894 in
1067 2865 1261 2903 trigesimum
1279 2866 1407 2897 tertium
1425 2867 1508 2897 divin

843 2908 973 2942 indicto,
1019 2907 1083 2938 iure
1129 2908 1231 2938 fecinli
1278 2919 1338 2939 non
1385 2909 1508 2940 licebat.

846 2951 975 2982 Nicbhr.
995 2950 1023 2981 ii.
1044 2961 1071 2990 p.
1096 2961 1160 2982 ¹00.

1220 3007 1229 3033 ι
1256 3000 1279 3034 2
