1934 3211
434 196 489 233 80
936 197 976 239 Τ
985 197 1006 239 Ι
1015 198 1054 240 Τ
1063 198 1084 239 Ι
1127 199 1164 240 L
1173 198 1194 240 I
1203 198 1244 240 V
1254 198 1275 240 I
1283 197 1306 239 I

217 287 261 318 U.
279 287 316 318 c.
334 297 404 328 ²45·
432 283 805 342 inexpugnabilem
832 288 930 329 fore.

994 288 1113 331 Haec
1134 289 1246 331 dieta
1273 288 1398 345 vulgo
1419 288 1659 344 creditaque
1688 302 1819 343 quum

214 330 254 360 A.
279 330 316 362 C.
334 340 405 371 507-
432 341 682 399 indignitate
704 355 907 401 angerent
927 347 1106 388 consulis
1131 348 1331 396 animum,
1353 356 1498 388 vocato
1520 346 1574 387 ad
1594 345 1817 386 concilium

214 414 382 446 Submittit
431 400 600 456 populo,
617 403 843 444 summissis
856 403 1035 446 fascibus
1055 405 1099 445 in
1116 405 1361 446 concionem
1375 404 1574 446 escendit.
1639 402 1818 444 Gratum

213 457 313 488 fasces
328 469 382 498 PO-
431 456 475 497 id
495 458 754 500 multitudini
775 461 1059 517 spectaculum
1078 462 1174 512 fuit3
1208 462 1425 503 summissa
1445 461 1522 503 sibi
1543 476 1630 503 esse
1652 460 1818 517 imperii

214 500 302 538 pulo.
431 514 631 572 insignia:
667 518 1053 575 confessionemque
1084 520 1247 569 factam,
1274 519 1432 575 populi,
1466 534 1592 575 quam
1622 517 1816 568 consulis,

432 573 690 616 maiestatem
706 576 875 631 vimque
890 577 1090 618 maiorem
1107 593 1206 618 esse.
1271 577 1359 619 Ubi
1376 577 1519 617 audire
1541 576 1653 625 iussi,
1671 575 1818 617 consul

432 635 444 653 ⁶
458 630 626 673 laudare
642 633 852 674 fortunam
873 634 1068 690 collegae,
1087 635 1213 691 quod,
1231 634 1405 676 liberata
1424 633 1571 689 patria,
1589 633 1634 673 in
1654 648 1817 674 summo

431 693 443 711 ‘
456 688 627 739 honore,
649 706 724 746 pro
745 691 957 746 republica
981 693 1194 742 dimicans,
1218 701 1379 733 matura
1398 691 1541 747 gloria,
1563 690 1746 731 necdum
1773 705 1816 732 se

432 751 444 768 ‘
456 755 643 788 vertente
660 748 704 788 in
721 748 933 798 invidiam,
952 759 1128 791 mortem
1143 750 1414 791 occubuisset.
1481 748 1533 789 Se
1550 747 1815 804 superstitem

431 803 609 860 ‘gloriae
631 820 728 846 suae
750 805 802 846 ad
823 806 981 848 crimen
1002 817 1125 863 atque
1148 807 1346 848 invidiam
1368 821 1604 863 superesse:
1638 820 1691 846 ex
1710 804 1816 847 libe-

431 866 443 883 (
456 870 589 902 ratore
607 863 763 918 patriae
781 863 834 903 ad
851 864 1061 919 Aquillios
1077 881 1118 906 se
1141 865 1413 920 Vitelliosque
1430 864 1637 905 recidisse.
1690 862 1735 903 N
1737 878 1816 903 un-

431 923 635 974 ‘quamne
667 920 792 976 erg0,'
816 920 966 976 inquit,
1002 923 1110 963 ‘ulla
1139 923 1243 964 adeo
1275 938 1299 963 a
1328 922 1444 963 vobis
1474 929 1660 977 spectata
1684 920 1815 962 virtus

430 976 545 1025 ‘erit,
573 986 620 1017 ut
646 978 879 1033 suspicione
908 979 1052 1020 violari
1080 981 1291 1037 nequeat?
1324 980 1415 1035 Ego
1446 995 1526 1028 me,
1554 979 1674 1019 illum
1700 993 1815 1019 acer-

430 1038 442 1056 ‘
454 1033 607 1074 rimum
647 1050 792 1091 regum
832 1036 1006 1085 hostem,
1044 1037 1179 1093 ipsum
1220 1037 1460 1093 cupiditatis
1500 1036 1618 1092 regni
1654 1036 1814 1078 crimen

429 1091 691 1132 ‘subiturum
723 1093 946 1134 timerem?
989 1094 1093 1150 Ego,
1128 1096 1160 1135 si
1191 1096 1235 1135 in
1271 1096 1359 1151 ipsa
1388 1110 1480 1136 arce
1517 1093 1812 1150 Capitolioque

428 1153 440 1171 ‘
452 1148 695 1199 habitarem,
737 1151 867 1191 metui
908 1167 974 1192 me
1015 1152 1228 1193 crederem
1268 1168 1386 1208 posse
1427 1168 1452 1193 a
1486 1152 1643 1193 civibus
1678 1151 1812 1192 meis?

427 1211 439 1229 ‘
453 1205 562 1247 Tam
582 1207 664 1248 levi
692 1217 906 1249 momento
928 1224 1021 1250 mea
1041 1209 1153 1265 apud
1172 1225 1245 1250 vos
1264 1210 1374 1250 fama
1393 1210 1581 1265 pendet?
1631 1209 1811 1250 Adeone

426 1268 513 1304 ‘est
532 1264 707 1306 fundata
726 1265 875 1307 leviter
894 1266 1011 1316 fides,
1034 1276 1093 1316 ut,
1117 1267 1189 1308 ubi
1211 1267 1300 1317 sim,
1324 1282 1450 1323 quam
1472 1267 1544 1323 qui
1569 1267 1659 1316 sim,
1682 1267 1812 1323 magis

426 1322 631 1363 ‘referatP
663 1323 764 1364 Non
786 1324 1009 1365 obstabunt
1035 1325 1081 1365 P.
1106 1324 1265 1365 Valerii
1287 1325 1410 1366 aedes
1430 1324 1613 1365 libertati
1637 1332 1810 1374 vestrae,

426 1384 438 1401 ‘
454 1379 669 1429 Quirites3
704 1390 792 1422 tuta
812 1382 890 1422 erit
912 1382 1026 1423 vobis
1052 1382 1182 1423 Velia.
1247 1383 1445 1424 Deferam
1466 1397 1553 1423 non
1573 1382 1617 1422 in
1637 1381 1811 1437 planum

425 1437 576 1478 ‘modo
598 1438 734 1488 aedes,
757 1438 831 1479 sed
858 1439 954 1480 colli
977 1440 1102 1481 etiam
1135 1440 1376 1481 subiiciam:
1410 1448 1457 1481 ut
1483 1455 1556 1481 vos
1580 1454 1704 1495 supra
1723 1453 1812 1480 sus-
1929 1470 1934 1492 s

425 1499 619 1550 ‘pectum
649 1512 715 1537 me
742 1496 875 1537 civem
906 1497 1112 1538 habitetis,
1176 1497 1227 1538 In
1250 1497 1374 1539 Velia
1400 1497 1636 1547 aedificent,
1659 1496 1811 1553 quibus
1930 1493 1934 1538 ἰ

425 1557 437 1576 ‘
451 1552 611 1604 melius,
634 1569 759 1610 quam
791 1553 837 1594 P.
862 1554 1044 1604 Valerio,
1067 1555 1252 1596 creditur
1281 1555 1475 1596 libertas.’
1533 1554 1688 1595 Delata
1711 1569 1811 1596 con-

421 1609 561 1651 festim
592 1611 765 1652 materia
801 1613 936 1653 onmis
972 1613 1079 1653 infra
1103 1612 1296 1662 Veliam,
1330 1622 1385 1662 et,
1417 1613 1489 1654 ubi
1519 1627 1632 1653 nune
1659 1611 1841 1663 Vicae-5

289 1672 327 1710 8.
421 1676 544 1723 potae
565 1677 639 1719 est,
662 1669 810 1710 domus
838 1670 882 1710 in
903 1670 1048 1711 infimo
1077 1670 1182 1711 clivo
1204 1670 1432 1711 aedificata.
1495 1669 1626 1711 Latae
1654 1669 1809 1711 deinde

206 1727 307 1766 Leges
319 1729 409 1759 abeo
422 1725 547 1781 leges,
570 1741 656 1767 non
684 1726 817 1768 solum
847 1743 954 1783 quae
976 1728 1094 1784 regni
1123 1728 1356 1784 suspic10ne
1387 1727 1600 1769 consulem
1621 1727 1809 1769 absolve—

205 1770 298 1800 latae.
421 1792 527 1832 rent,
550 1784 624 1825 sed
646 1800 752 1840 quae
775 1784 879 1826 adeo
901 1785 945 1825 in
973 1786 1226 1826 contrarium
1248 1794 1469 1835 verterent,
1492 1794 1540 1826 ut
1563 1784 1809 1841 popularem

421 1841 547 1881 etiam
582 1841 792 1883 facerent:
836 1843 935 1884 inde
976 1858 1210 1899 cognomen
1250 1843 1405 1884 factum
1445 1842 1691 1885 Publicolae
1732 1851 1806 1884 est.

421 1898 537 1939 Ante
559 1914 704 1940 omnes
720 1899 772 1940 de
793 1901 1086 1956 provocatione
1109 1901 1303 1942 adversus
1320 1901 1581 1957 magistratus
1602 1900 1655 1941 ad
1675 1908 1840 1957 popu—6

419 1955 520 2005 lum,
547 1957 831 2013 sacrandoque
865 1972 961 1998 cum
992 1958 1111 1999 bonis
1141 1958 1277 2014 capite
1308 1959 1408 2009 eius,
1439 1959 1511 2014 qui
1539 1958 1657 2014 regni
1685 1973 1839 2006 occu-7

1832 394 1850 424 3

1830 438 1850 466 4

213 631 254 661 Se
271 637 396 672 purgat.

418 2112 489 2132 mus
508 2102 540 2132 in
557 2103 743 2143 Capitolino
761 2104 874 2134 Monte
891 2103 995 2143 posita
1012 2103 1089 2134 invi-

417 2145 503 2175 diam
520 2145 631 2183 movit,
646 2146 716 2177 infr.
734 2146 773 2176 vi.
795 2156 841 2187 19.

462 2197 479 2227 3
510 2190 623 2219 Vocato
637 2190 680 2219 ad
693 2190 862 2219 concilium
881 2190 1017 2228 populo]
1047 2199 1089 2219 sc.

417 2230 574 2262 Curiatim
619 2235 803 2262 convocato.
856 2232 944 2262 Cave
988 2231 1091 2262 conei—

417 2273 496 2303 lium
520 2274 632 2313 populi
649 2284 722 2304 cum
739 2273 881 2304 exercitu
898 2278 1010 2304 vocato
1027 2274 1091 2305 sive

417 2316 554 2346 comitiis
576 2316 761 2346 centuriatis
780 2317 966 2347 confundas.
984 2316 1053 2347 Liv.
1070 2317 1089 2348 i.

418 2357 467 2397 36.
499 2358 639 2389 Gronov.
663 2359 796 2389 Observ.
820 2359 840 2390 i.
869 2369 893 2390 1.
922 2359 1089 2391 XVachsm.

416 2410 448 2440 p.
462 2410 532 2440 251.
557 2401 691 2432 Niebhr.
704 2401 723 2432 i.
737 2402 850 2441 p.418.
865 2411 935 2441 521.
960 2402 1089 2432 Laelius

415 2454 468 2483 ap.
480 2445 518 2474 A.
531 2443 618 2474 Gell.
634 2454 686 2474 xv.
701 2451 749 2483 27.
794 2445 814 2459 “
827 2444 861 2474 Is
876 2444 1005 2483 quinon
1022 2445 1089 2474 uni-

417 2496 541 2517 versum
558 2487 728 2526 populum,
739 2487 794 2517 sed
812 2490 934 2525 partem
947 2487 1089 2526 aliquam

415 2529 527 2559 adesse
552 2530 652 2566 iubet,
675 2539 739 2559 non
766 2529 907 2565 comitia,
933 2529 988 2559 sed
1016 2540 1087 2560 con-

417 2571 526 2602 cilium
554 2572 678 2602 edicere
701 2571 824 2602 iubet.''
868 2571 956 2602 Hinc
980 2572 1088 2611 Popli-

417 2615 499 2653 cola,
512 2615 566 2654 qui
577 2616 745 2654 populum,
757 2624 821 2644 non
837 2613 1090 2651 multitudinem,

418 2657 527 2688 coluit.

462 2711 481 2737 4
503 2701 684 2730 Summis-sis
692 2700 856 2738 fascibus]
885 2699 978 2730 Tune
994 2698 1090 2730 etiam

420 2741 556 2772 fascibus
571 2752 695 2773 secures
710 2741 857 2782 dempsit.
903 2742 985 2772 Inde
1005 2741 1091 2772 insti-

419 2787 523 2812 tutum
547 2785 674 2820 mansit,
698 2789 733 2814 ut
755 2785 856 2815 fasces
878 2794 951 2815 cum
975 2784 1088 2814 securi-

417 2825 476 2854 bus
491 2835 654 2864 nunquam
668 2827 699 2857 in
714 2827 790 2858 urbe
804 2827 986 2857 consulibus
999 2837 1088 2866 prae-

416 2868 580 2897 ferrentur.
605 2869 702 2899 Dion.
719 2880 746 2900 v.
766 2877 812 2908 75.
837 2869 942 2900 CREV.

464 2918 482 2947 5
519 2911 719 2948 1'icaepotae]
765 2911 939 2948 Victoriae,
968 2913 1083 2951 supple

416 2953 515 2983 aedes.
552 2951 749 2989 Vicacpotac
764 2963 880 2983 nomen
897 2964 913 2983 a
931 2955 1083 2985 vincendo

1134 2107 1166 2134 et
1193 2105 1357 2143 potiundo.
1382 2105 1488 2135 CREV.
1529 2103 1650 2135 Addito
1678 2103 1809 2145 insuper

1135 2146 1266 2183 honore,
1280 2151 1316 2177 ut
1332 2147 1460 2177 cardine
1475 2156 1532 2177 suo
1546 2147 1654 2184 ianua,
1674 2157 1738 2178 non
1760 2147 1807 2178 in-

1134 2193 1183 2219 tra
1205 2190 1312 2226 aedes,
1328 2190 1383 2220 sed
1399 2190 1482 2220 foras
1496 2189 1530 2220 in
1548 2190 1691 2229 plateam
1707 2194 1807 2221 verte-

1135 2236 1230 2263 retur.
1253 2232 1351 2263 Dion.
1369 2243 1397 2263 v.
1415 2242 1464 2273 39.

1177 2273 1196 2305 6
1218 2276 1269 2305 De
1281 2276 1521 2314 provocatione]
1552 2275 1621 2305 Lex
1644 2275 1725 2306 haec
1747 2276 1806 2306 Va-

1135 2318 1217 2348 leria
1242 2319 1280 2348 de
1306 2319 1530 2356 provocatione
1559 2317 1714 2348 libertatis
1739 2318 1805 2348 Ro-

1134 2369 1249 2389 manae
1274 2360 1467 2399 praesidium
1491 2360 1649 2400 singulare
1671 2363 1750 2397 erat,
1769 2365 1806 2391 ut

1133 2402 1185 2432 lex
1201 2402 1259 2432 illa
1274 2403 1361 2441 apud
1377 2406 1542 2438 nostrates,
1557 2412 1653 2441 quam
1670 2402 1805 2442 Anglice

1134 2445 1228 2484 vulgo
1252 2454 1412 2482 vocamus,
1427 2446 1448 2460 ‘⁶
1460 2445 1515 2474 the
1533 2445 1664 2475 Habeas
1679 2445 1806 2485 Corpus

1134 2487 1231 2523 Aet‚''
1245 2491 1397 2526 regnante
1413 2487 1530 2518 Carolo
1547 2487 1696 2518 Secundo
1709 2488 1748 2518 A.
1760 2488 1804 2519 D.

1136 2528 1227 2568 1670,
1236 2529 1319 2559 inter
1331 2530 1416 2568 leges
1427 2529 1572 2560 Britann.
1585 2530 1696 2561 relata.
1726 2530 1804 2562 Non

1132 2576 1239 2602 tamen
1278 2571 1461 2611 provocatio
1498 2571 1623 2611 longius
1651 2573 1692 2603 ab
1725 2574 1805 2604 urbe

1133 2614 1223 2644 mille
1242 2624 1392 2653 passuum
1409 2618 1486 2645 erat.
1511 2614 1579 2645 Liv.
1596 2614 1639 2646 iii.
1656 2625 1706 2646 20.
1750 2615 1804 2647 De

1133 2656 1274 2696 patriciis
1299 2657 1385 2687 haud
1412 2657 1507 2687 dubie
1533 2657 1640 2688 scribit
1667 2657 1735 2689 Cic.
1762 2659 1804 2690 de

1136 2700 1220 2739 Rep.
1241 2699 1272 2730 ii.
1290 2709 1341 2738 31,
1363 2701 1383 2715 “
1396 2699 1654 2739 provocationem
1676 2700 1762 2731 enim
1783 2710 1803 2731 a

1135 2742 1259 2781 regibus
1270 2742 1365 2772 fuisse
1375 2742 1539 2773 declarant
1553 2742 1709 2782 pontificii
1719 2742 1803 2780 libri,

1132 2784 1311 2824 significant
1347 2784 1444 2815 nostri
1482 2785 1579 2816 etiam
1608 2785 1803 2825 augurales”

1132 2837 1217 2857 nunc
1240 2827 1367 2867 quidem
1393 2828 1483 2867 plebs
1505 2827 1729 2867 provocatione
1751 2827 1800 2857 fir-

1127 2874 1218 2900 mata
1233 2874 1290 2901 est.
1313 2869 1447 2900 Niebhr.
1464 2869 1483 2900 i.
1500 2880 1530 2909 p.
1549 2870 1618 2909 338.
1635 2878 1706 2908 5²2-

1168 2920 1184 2951 7
1199 2913 1379 2950 Sacrando]
1391 2912 1478 2943 Diris
1486 2912 1681 2943 devovendo.
1701 2911 1801 2950 Eum,

1127 2955 1217 2984 cuius
1237 2958 1335 2993 caput
1358 2955 1419 2984 hoc
1442 2964 1535 2984 sensu
1558 2963 1682 2984 sacrum
1705 2959 1799 2992 esset,
