1934 3211
191 380 375 413 Consualia.

194 893 237 925 U.
255 894 291 925 C.
310 906 339 933 4.

192 937 232 967 A.
249 937 287 968 C.
307 937 375 976 748.

193 1011 379 1051 Rapiuntur

193 1054 339 1085 Sabinae.

275 2396 337 2433 10.

410 230 460 267 14
922 225 1069 267 TITI
1106 226 1283 267 LIVII

408 318 537 359 animi
577 318 851 367 dissimulans,
894 317 1013 359 ludos
1059 333 1112 358 ex
1158 318 1362 359 industria
1405 327 1535 375 parat,
1585 318 1788 375 Neptuno

410 376 606 432 Equestri
633 376 864 417 sollennes:
907 375 1134 417 Consualia
1160 384 1289 417 vocat.
1351 375 1489 417 Indici
1513 376 1666 418 deinde
1693 377 1786 417 fini·
1802 384 1819 415 7

409 434 520 475 timis
540 434 822 490 spectaculum
843 433 980 474 iubet:
1006 442 1245 489 quantoque
1263 442 1462 489 apparatu
1479 442 1567 474 tum
1588 434 1786 484 sciebant,

408 500 481 532 aut
500 500 705 547 poterant,
728 491 1043 539 concelebrant3
1074 500 1121 531 ut
1142 506 1229 532 rem
1252 491 1403 531 claram
1424 500 1788 548 exspectatamque

408 549 603 590 facerent.
652 549 782 590 Multi
803 548 996 590 mortales
1017 564 1262 598 convenere,
1280 548 1417 589 studio
1438 549 1563 590 etiam
1582 549 1788 590 videndae

409 622 540 648 novae
564 607 699 656 urbis3
730 607 909 648 maxime
931 606 1110 662 proximi
1136 606 1306 662 quique,
1334 605 1631 656 Caeninenses,
1661 606 1790 648 Crus-

410 664 574 714 tumini,
610 664 897 705 Antemnates.
960 663 1049 704 Iam
1093 663 1341 704 Sabinorum
1382 664 1515 704 omnis
1549 664 1821 714 multitudo,8

410 737 506 762 cum
526 722 665 763 liberis
687 738 732 763 ac
761 721 1019 777 coniugibus,
1044 721 1170 762 venit.
1233 720 1402 761 Invitati
1433 721 1691 777 hospitaliter
1716 737 1791 778 per

409 779 567 829 domos,
587 795 716 835 quum
737 779 863 819 situm
885 779 1133 834 moeniaque
1157 789 1199 819 et
1218 778 1482 834 frequentem
1504 779 1622 819 tectis
1642 780 1790 820 urbem

409 837 620 886 vidissent,
663 837 876 885 mirantur,
919 845 1002 877 tam
1041 837 1156 877 brevi
1196 851 1284 876 rem
1327 836 1561 877 Romanam
1600 836 1787 877 crevisse.

412 894 498 935 Ubi
529 894 754 951 spectaculi
785 903 949 950 tempus
979 894 1106 943 venit,
1139 893 1390 949 deditaeque
1422 909 1471 935 eo
1504 902 1665 934 mentes
1694 909 1791 934 cum

411 951 539 992 oculis
576 960 706 1001 erant,
740 960 829 992 tum
862 967 915 992 ex
948 951 1176 1007 composito
1212 960 1301 992 orta
1333 951 1418 992 vis:
1457 951 1659 1007 signoque
1692 951 1791 992 dato

410 1010 603 1050 iuventus
627 1009 819 1050 Romana
839 1009 891 1050 ad
918 1008 1136 1065 rapiendas
1162 1009 1341 1065 virgines
1369 1008 1572 1050 discurrit.
1634 1008 1794 1065 Magna

409 1082 503 1123 pars
524 1067 642 1116 forte,
666 1076 713 1107 ut
733 1067 777 1107 iu
799 1082 925 1122 quem
947 1082 1137 1122 quaeque
1160 1066 1374 1116 inciderat,
1397 1075 1562 1123 raptae3
1592 1067 1792 1122 quasdam

408 1125 541 1165 forma
567 1124 811 1173 excellente,
840 1124 1090 1179 primoribus
1117 1124 1291 1164 Patrum
1319 1124 1557 1174 destinatas,
1586 1139 1639 1165 ex
1669 1124 1791 1180 plebe

409 1182 612 1231 homines,
641 1182 792 1237 quibus
820 1181 965 1221 datum
992 1181 1209 1237 negotium
1236 1189 1336 1230 erat,
1365 1181 1509 1222 domos
1536 1182 1789 1223 deferebant.

413 1239 566 1289 Unam,
589 1239 712 1295 longe
734 1247 829 1279 ante
851 1238 950 1279 alias
971 1239 1107 1294 specie
1130 1253 1176 1279 ac
1197 1238 1508 1294 pulchritudine
1530 1239 1747 1295 insignem,
1770 1255 1794 1280 a

410 1297 534 1353 globo
564 1296 739 1337 Talassii
772 1296 988 1337 cuiusdam
1020 1304 1179 1352 raptam
1209 1296 1373 1345 ferunt3
1404 1296 1628 1352 multisque
1655 1296 1792 1337 scisci-

412 1355 609 1404 tantibus,
633 1354 799 1395 cuinam
822 1369 912 1395 eam
933 1354 1101 1403 ferrent,
1131 1353 1376 1403 identidem,
1405 1369 1458 1394 ne
1487 1354 1579 1410 quis
1607 1353 1792 1404 violaret,

413 1412 598 1452 Talassio
642 1411 737 1452 ferri
774 1411 1054 1452 clamitatum:
1098 1411 1197 1452 inde
1235 1410 1467 1476 nuptialem
1507 1411 1614 1452 hanc
1649 1426 1826 1477 vocem9

411 1469 574 1510 factam.
619 1469 806 1509 Turbato
827 1484 902 1524 per
922 1477 1081 1509 metum
1102 1468 1275 1517 ludicro,
1299 1469 1443 1510 maesti
1463 1478 1655 1525 parentes
1670 1467 1794 1526 virgi'-

412 1542 515 1567 num
535 1527 790 1583 profugiunt,
808 1526 1044 1567 incusantes
1062 1525 1202 1566 violati
1223 1525 1392 1582 hospitii
1407 1526 1566 1576 foedus,
1584 1526 1796 1582 deumque

414 1584 666 1634 invocantes,
699 1599 817 1625 cuius
847 1583 899 1624 ad
929 1583 1114 1624 sollenne
1145 1583 1362 1639 ludosque,
1398 1598 1473 1639 per
1501 1583 1560 1624 fas
1591 1599 1638 1624 ac
1668 1583 1796 1625 fidem

413 1642 592 1698 decepti,
614 1642 836 1682 venissent.
900 1641 993 1683 Nec
1021 1640 1148 1706 raptis
1175 1649 1247 1681 aut
1273 1656 1366 1697 spes
1391 1641 1443 1682 de
1473 1656 1515 1682 se
1543 1641 1702 1691 melior,
1724 1650 1824 1682 aut1

414 1699 647 1755 indignatio
679 1707 741 1740 est
772 1699 933 1740 minor:
969 1698 1043 1740 sed
1073 1699 1160 1754 ipse
1191 1697 1398 1739 Romulus
1433 1699 1689 1748 circumibat,
1722 1699 1798 1740 do-

414 1758 644 1813 cebatque:
690 1762 882 1813 ‘patrum
922 1756 966 1797 id
1000 1756 1193 1820 superbia
1226 1755 1394 1806 factum,
1432 1756 1504 1821 qui
1540 1756 1798 1798 connubium

416 1820 427 1838 ⁶
443 1814 631 1856 finitimis
644 1823 880 1871 negassent:
905 1813 994 1855 illas
1016 1823 1155 1854 tamen
1176 1829 1220 1854 ln
1236 1814 1512 1863 matrimonio,
1535 1813 1579 1854 in
1601 1813 1797 1855 societate

416 1878 428 1896 ⁶
443 1850 725 1913 fortunarum0
724 1872 911 1913 omnium
932 1871 1205 1927 civitatisque,
1232 1880 1285 1921 et,
1315 1886 1398 1927 quo
1427 1871 1532 1911 nihil
1560 1871 1694 1912 carius
1720 1872 1799 1913 hu-

416 1936 567 1971 ⁶mano
587 1930 733 1986 generi
760 1930 825 1979 sit,
852 1929 1029 1970 liberum
1049 1929 1148 1970 sore.
1212 1928 1431 1970 Mollirent
1455 1929 1618 1970 modo
1608 1944 1711 1979 lras3
1741 1938 1797 1979 et,

417 1987 595 2052 ‘quibus
627 1987 709 2028 fors
742 2002 915 2043 corpora
946 1987 1139 2036 dedisset,
1169 1986 1317 2027 darent
1348 1986 1517 2028 animos.
1583 1985 1714 2042 Saepe
1745 2001 1798 2028 ex

418 2051 430 2069 ⁶
446 2045 597 2086 iniuria
617 2044 883 2101 postmodum
904 2044 1078 2109 gratiam
1099 2052 1254 2085 ortam·
1283 2059 1416 2100 eoque
1441 2044 1681 2085 melioribus
1702 2060 1800 2085 usu-

417 2109 429 2127 ⁶
445 2118 509 2143 ras
543 2103 652 2152 viris,
687 2102 802 2159 quod
836 2117 1055 2143 annisurus
1088 2117 1164 2166 pro
1197 2117 1239 2142 se
1276 2117 1452 2158 quisque
1485 2101 1549 2151 sit,
1575 2110 1634 2151 ut,
1668 2117 1800 2158 quum

418 2166 430 2184 ⁶
446 2176 561 2201 suam
582 2160 716 2201 vicem
736 2160 902 2201 functus
924 2159 1058 2200 officio
1079 2159 1144 2209 sit,
1169 2167 1391 2215 parentum
1412 2159 1538 2200 etiam
1557 2159 1799 2216 patriaeque

419 2224 431 2242 ⁶
447 2218 614 2274 expleat
659 2217 938 2259 desiderium.’
1017 2216 1292 2258 Accedebant
1334 2216 1560 2258 blanditiae
1604 2232 1799 2267 virorum,

417 2276 571 2317 factum
596 2275 864 2340 purgantium
895 2275 1124 2331 cupiditate
1147 2283 1271 2330 atque
1294 2289 1455 2315 amore:
1487 2289 1593 2330 quae
1615 2275 1796 2316 maxime

418 2333 472 2374 ad
493 2332 726 2374 muliebre
716 2347 932 2388 mgemum
953 2332 1138 2373 efficaces
1157 2347 1306 2396 preces
1320 2340 1427 2372 sunt.

474 2390 564 2431 Iam
595 2390 820 2431 admodum
845 2389 1023 2454 mitigati
1049 2389 1177 2429 animi
1204 2389 1331 2445 raptis
1355 2397 1494 2430 erant:
1529 2397 1570 2430 at
1590 2398 1801 2445 raptarum

417 2456 611 2504 parentes
641 2457 731 2489 tum
761 2447 940 2488 maxime
966 2446 1133 2488 sordida
1161 2455 1274 2487 veste
1300 2446 1561 2502 lacrimisque
1590 2455 1632 2487 et
1652 2461 1800 2502 quere-

418 2506 467 2547 lis
486 2506 674 2547 civitates
695 2505 971 2546 concitabant.
1034 2503 1127 2545 Nec
1153 2503 1266 2545 domi
1298 2511 1460 2545 tantum
1488 2503 1798 2559 indignationes

463 2647 478 2678 7
503 2640 691 2677 Consualia]
730 2640 758 2669 A
783 2639 889 2670 Conso
912 2639 993 2669 deo:
1022 2638 1088 2669 sive
1173 2649 1193 2679 9
1222 2639 1378 2676 Talassio]
1426 2638 1475 2670 Of.
1502 2639 1588 2669 Plut.
1613 2639 1679 2674 Qu.
1704 2639 1802 2671 Rom.

418 2681 473 2710 ille
490 2682 572 2712 idem
590 2693 662 2712 cum
680 2682 836 2721 Neptuno
854 2681 1001 2720 Equestri
1016 2681 1088 2719 fuit,
1134 2691 1182 2720 30,
1227 2681 1341 2711 Festus
1365 2691 1393 2712 v.
1418 2681 1572 2712 Talassio.
1617 2681 1736 2712 Nescio
1759 2691 1801 2712 an

419 2724 503 2762 quod
520 2724 570 2754 hie
587 2725 718 2755 innuere
735 2725 860 2755 videtur
872 2724 981 2755 Livius
994 2736 1001 2760 ;
1023 2724 1089 2754 sive
1132 2724 1265 2754 Aeolica
1280 2724 1337 2753 illa
1353 2734 1424 2761 vox,
1436 2722 1537 2762 τάλις,
1550 2724 1659 2764 puella
1673 2723 1801 2762 nubilis,

420 2765 544 2796 Genius
565 2767 695 2804 quidam
719 2768 917 2797 occultorum
942 2766 1088 2796 consilio·
1132 2777 1160 2796 v.
1178 2766 1276 2806 Soph.
1294 2766 1400 2805 Antig.
1426 2767 1486 2806 584
1509 2767 1566 2797 sub
1590 2766 1734 2797 Talassio
1756 2766 1799 2796 la-

419 2817 488 2837 rum
502 2808 567 2837 dux
580 2812 611 2837 et
627 2819 762 2848 praeses,
775 2810 828 2848 qui
845 2810 877 2840 111
893 2809 950 2839 1110
965 2809 1089 2839 solenni
1132 2812 1210 2845 teat,
1222 2809 1287 2838 sive
1300 2809 1392 2840 malis
1405 2809 1556 2848 virginem
1569 2807 1747 2846 Θαλασσίῳ,
1757 2818 1800 2839 sc.

420 2850 606 2880 coniunctos
622 2861 693 2881 cum
712 2852 868 2891 Neptuno
883 2852 1019 2882 honores
1034 2852 1087 2881 ha-
1133 2852 1301 2891 Neptuno,
1317 2861 1464 2891 sponsam
1481 2851 1562 2882 ferri.

420 2894 516 2923 beret.
541 2892 646 2922 (ἷκεν.
691 2894 740 2923 Cf.
755 2895 848 2924 Ovid.
863 2895 948 2925 Fast.
962 2894 1004 2925 iii.
1022 2905 1089 2933 sqq.
1180 2904 1191 2924 1
1218 2895 1285 2925 Per
1299 2895 1358 2932 sas
1380 2905 1417 2924 ac
1431 2895 1531 2933 fidem
1552 2894 1687 2940 decepti]
1735 2892 1801 2923 De-

464 2936 482 2965 8
504 2936 727 2972 Antemnates]
765 2936 894 2970 Quibus
917 2936 1090 2967 Fidenates
1134 2937 1219 2984 cepti
1236 2946 1293 2976 per
1308 2937 1446 2976 speciem
1463 2936 1561 2966 dlvmi
1585 2945 1661 2965 luris
1683 2939 1715 2964 et
1730 2935 1800 2966 reli-

420 2977 565 3017 adiungit
583 2977 669 3007 Plut.
688 2977 818 3007 Romul.
840 2986 885 3016 17.
1100 2991 1101 2994 ¹
1133 2979 1263 3017 gionum
1280 2983 1311 3009 et
1329 2979 1402 3010 fidei
1418 2977 1594 3017 hospitalis.
1617 2977 1722 3009 CREv.
