1934 3211
380 181 466 219 410
893 175 1042 219 ΤΙΤΙ
1082 175 1266 218 LIVII

164 275 208 308 U.
226 276 264 308 C.
283 283 354 316 395·
381 282 493 308 anno
527 266 578 308 C.
594 266 809 308 Poetelius
841 265 998 308 Balbus
1025 266 1184 316 consul,
1217 281 1349 331 quum
1377 265 1560 322 collegae
1592 266 1683 307 eius
1713 264 1776 306 M.

162 321 202 353 A·
226 319 264 350 C
283 325 354 357 357·

162 362 200 392 C.
211 360 370 398 Poetelio,

382 323 512 366 Fabio
560 324 772 365 Ambusto
824 323 1005 365 Hernici
1052 324 1268 380 provincia
1315 324 1534 373 evenisset,
1583 322 1780 364 adversus

163 404 210 434 M
225 403 327 434 Fabio
360 381 583 423 ’Tiburtes
622 381 737 422 iussu
776 381 923 437 populi
963 381 1197 422 exercitum
1238 381 1421 422 duceret.
1485 381 1559 422 Ad
1599 395 1780 436 quorum

163 448 253 478 coss.

383 438 587 480 auxilium
609 453 741 494 quum
766 438 880 479 Galli
901 453 954 479 ex
979 438 1214 495 Campania
1234 439 1452 488 redissent,
1473 438 1620 480 foedae
1643 453 1780 494 popu-

381 496 590 537 lationes
580 511 625 536 111
651 496 876 544 Lavicano,
901 495 1242 551 Tusculanoque,
1265 504 1308 536 et
1336 496 1505 537 Albano
1531 510 1642 552 aglo,
1665 493 1781 535 haud

381 553 509 594 dubie
533 553 782 594 Tiburtibus
803 552 994 601 ducibus,
1011 561 1109 593 sunt
1129 553 1273 593 factae.
1338 552 1406 602 Et,
1429 569 1561 609 quum
1555 531 1780 593 Oadversus

383 611 607 652 Tiburtem
636 610 801 650 hostem
832 609 940 650 duce
966 609 1137 650 consule
1169 618 1368 650 contenta
1392 610 1627 666 respublica
1657 616 1779 658 esset,

165 676 207 711 Q
219 674 372 706 Servilius
388 667 578 709 Gallicus
610 666 815 708 tumultus
851 665 1100 706 dictatorem
1133 667 1263 707 creari
1296 667 1443 722 coegit.
1509 667 1687 708 Creatus
1723 665 1777 714 Q.

164 718 311 748 dictator.

165 958 279 996 Pugna
294 966 325 986 a-

163 1004 235 1029 trox
251 1009 324 1029 cum

163 1041 280 1072 Gallis.

167 1532 302 1565 Hernici

166 1577 250 1609 victi.

387 725 586 767 Servilius
618 723 757 764 Ahala
785 723 836 763 T.
865 722 1117 770 Quinctium
1142 723 1388 779 magistrum
1419 724 1611 779 equitum
1641 724 1777 772 dixit3

383 791 425 823 et
447 797 499 822 ex
528 780 774 822 auctoritate
803 779 996 828 Patrum,
1017 780 1051 820 si
1076 795 1273 836 prospere
1302 780 1347 820 id
1371 781 1529 821 bellum
1559 781 1778 830 evenisset,

382 839 504 879 ludos
526 853 698 893 magnos
718 837 844 878 vovit.
908 837 1102 878 Dictator
1119 837 1171 878 ad
1188 837 1465 879 continendos
1480 838 1648 894 proprio
1669 837 1780 879 bello
1793 851 1812 882 7

384 896 582 937 Tibmtes
594 872 815 936 consulari
843 894 1034 936 exercitu
1063 895 1173 936 iusso
1198 910 1382 944 manere,
1409 910 1554 936 omnes
1584 895 1780 945 iuniores,

382 953 500 994 nullo
521 953 782 994 detrectante
808 952 1014 1001 militiam,
1037 961 1295 994 sacramento
1324 952 1477 1009 adegit.
1539 952 1782 1008 Pugnatum

382 1010 497 1052 haud
517 1010 664 1066 procul
692 1018 813 1066 porta
837 1009 1006 1050 Collina
1034 1018 1096 1050 est
1124 1010 1251 1051 totius
1276 1010 1432 1051 viribus
1460 1010 1586 1060 urbis,
1608 1010 1653 1050 in
1681 1025 1782 1051 con-

381 1077 530 1124 spectu
556 1077 779 1124 parentum
800 1067 1114 1123 coniugumque
1136 1083 1182 1108 ac
1204 1067 1452 1109 liberorum:
1487 1083 1594 1123 quae
1616 1082 1780 1123 magna,

381 1126 508 1167 etiam
539 1126 792 1173 absentibus,
825 1125 1092 1166 hortamenta
1121 1125 1263 1174 animi,
1296 1134 1386 1166 tum
1417 1126 1605 1166 subiecta
1635 1124 1779 1174 oculis,

381 1183 505 1223 simul
545 1183 802 1224 verecundia
842 1182 1212 1238 misericordiaque
1261 1182 1441 1223 militem
1481 1182 1779 1224 accendebant.

383 1240 544 1297 Magna
574 1241 785 1296 utrimque
808 1240 922 1280 edita
949 1239 1091 1289 caede,
1116 1240 1317 1281 avertitur
1344 1240 1516 1281 tandem
1538 1240 1648 1281 acies
1679 1238 1783 1280 Gal-

381 1298 529 1339 lorum.
593 1298 710 1353 Fuga
750 1297 897 1346 Tibur,
940 1297 1047 1338 sicut
1087 1312 1225 1338 arcem
1260 1297 1360 1337 belli
1404 1297 1570 1346 Gallici,
1604 1305 1778 1353 petunt:

382 1355 510 1411 palati
551 1371 575 1396 a
615 1355 784 1396 consule
827 1354 1016 1396 Poetelio
1056 1354 1171 1395 haud
1211 1354 1358 1410 procul
1399 1354 1559 1396 Tibure
1600 1353 1781 1410 excepti,

384 1414 556 1469 egressis
577 1413 631 1453 ad
652 1428 777 1469 opem
797 1412 1014 1453 ferendam
1037 1412 1300 1461 Tiburtibus,
1324 1411 1448 1453 simul
1469 1427 1566 1453 cum
1587 1412 1652 1452 his
1672 1412 1784 1452 intra

383 1480 522 1526 portas
551 1470 871 1526 compelluntur.
937 1469 1117 1525 Egregie
1140 1485 1272 1525 quum
1301 1470 1352 1510 ab
1374 1470 1589 1520 dictatore,
1613 1478 1704 1510 tum
1730 1469 1782 1510 ab

385 1527 555 1568 consule
578 1542 642 1568 res
669 1536 786 1582 gesta
807 1535 879 1568 est.
944 1527 1000 1568 Et
1029 1527 1174 1568 consul
1195 1527 1301 1568 alte1
1328 1527 1481 1568 Fabius
1501 1526 1671 1583 proeliis
1697 1526 1783 1591 pri-

385 1600 501 1625 mum
517 1584 666 1640 palvis,
689 1592 899 1639 postremo
921 1600 1006 1625 una
1027 1585 1182 1639 insigni
1202 1600 1356 1640 pugna,
1376 1600 1508 1639 quum
1529 1584 1669 1625 hostes
1686 1583 1784 1625 totis

385 1642 520 1683 adorti
542 1656 672 1697 copus
698 1649 848 1689 essent,
873 1641 1082 1681 Hernicos
1108 1620 1305 1682 devincit.
1370 1642 1577 1690 Dictator,
1602 1641 1784 1682 consuli-

384 1700 461 1740 bus
492 1699 536 1739 in
567 1708 715 1739 senatu
745 1707 787 1739 et
818 1698 931 1753 apud
961 1698 1166 1763 populum
1198 1699 1419 1753 magnifice
1451 1698 1708 1747 collaudatis,
1740 1706 1784 1739 et

384 1771 552 1798 suarum
574 1771 742 1812 quoque
771 1770 911 1796 rerum
932 1755 1013 1795 illis
1034 1756 1204 1796 remisso
1225 1755 1397 1804 honore,
1421 1755 1627 1796 dictatura
1647 1770 1690 1796 se
1712 1755 1784 1797 ab-

385 1814 548 1855 dicavit.
612 1813 825 1854 Poetelius
851 1812 904 1853 de
940 1811 1074 1852 Gallis
1103 1812 1435 1867 Tiburtibusque
1464 1814 1682 1876 geminum
1711 1812 1784 1854 tri-

386 1871 592 1927 umphum
621 1871 718 1926 egit.
782 1870 912 1910 Fabio
940 1869 1038 1910 satis
1064 1870 1212 1918 visum,
1243 1878 1290 1910 ut
1319 1885 1446 1910 ovans
1471 1869 1619 1910 u1ben1
1644 1869 1781 1911 iniret.

386 1928 566 1969 1111(1010
608 1927 787 1968 Ρο010111
824 1927 1085 1982 triumphum
1123 1927 1345 1967 Tiburtes.
1392 1927 1491 1967 ‘ubi
1531 1926 1645 1967 enim
1686 1942 1784 1968 eum

388 1991 399 2009 ‘
415 2001 557 2026 secum
574 1985 661 2025 acie
676 1984 936 2025 0001115155οθ
967 1992 1220 2039 spectatores
1234 1999 1390 2039 paucos
1402 1984 1525 2039 fugae
1540 1983 1785 2048 trepidatIO-

388 2043 564 2098 ‘nisque
600 2041 832 2090 Gallomm,
864 2049 982 2081 extra
1017 2050 1155 2096 portas
1186 2056 1383 2097 egreSSOS,
1410 2050 1632 2097 postquam
1662 2040 1708 2081 in
1740 2056 1784 2082 se

389 2105 584 2155 ‘quoque
611 2099 701 2139 fieri
732 2099 938 2154 impetum
958 2098 1153 2147 viderint,
1180 2107 1223 2139 et
1253 2099 1341 2139 sine
1371 2098 1610 2139 discrimine
1642 2098 1785 2140 obvios

389 2157 547 2206 ‘caedi,
570 2157 773 2212 recepisse
796 2171 838 2196 se
861 2156 971 2196 intra
992 2156 1151 2196 urbem.
1216 2155 1323 2196 Earn
1343 2171 1431 2196 rem
1457 2155 1672 2212 triumpho
1693 2155 1785 2212 dig-

389 2220 399 2238 (
417 2230 515 2255 nam
535 2214 666 2255 visam
685 2213 918 2254 Romanis?
970 2212 1038 2253 Ne
1061 2213 1185 2253 nimis
1206 2213 1359 2253 mirum
1380 2228 1664 2277 magnumque
1686 2228 1786 2254 cen-

389 2277 400 2296 ‘
417 2280 568 2321 serent,
587 2271 815 2312 tumultum
837 2270 1000 2311 excieie
1024 2271 1068 2310 in
1089 2270 1273 2311 hostium
1292 2270 1436 2344 po’rtis,
1453 2270 1653 2310 maiorem
1673 2270 1786 2326 ipsos

390 2335 401 2353 ‘
419 2329 743 2384 trepidationem
764 2336 860 2368 ante
884 2327 1050 2367 moenia
1071 2342 1145 2367 sua
1165 2327 1348 2368 visuros.’

447 2386 596 2442 Itaque
619 2384 859 2441 insequenti
877 2399 1000 2433 anno,
1021 2383 1082 2424 M.
1100 2384 1281 2440 Popillio
1298 2384 1498 2433 Laenate,
1521 2382 1601 2424 Cn.
1620 2382 1816 2428 Manlios

435 2545 449 2577 7
474 2538 580 2568 Indos·
597 2537 742 2584 pzaytzos]
773 2546 815 2566 50
835 2536 1067 2566 Instaurandos
1111 2534 1276 2574 publicum
1309 2544 1382 2564 cum
1413 2534 1508 2564 laena
1537 2533 1669 2570 faceret,
1699 2533 1785 2572 quod

388 2585 443 2611 aut
460 2579 659 2610 inusitatiore
675 2582 834 2618 apparatu
849 2579 1065 2608 celebrandos.
1111 2581 1178 2607 erat
1196 2577 1332 2607 Flamen
1349 2575 1574 2613 Carmentalis,
1587 2574 1694 2614 plebei
1711 2585 1784 2606 con-

388 2627 424 2653 ut
440 2633 524 2661 supr.
541 2622 581 2652 iv.
600 2629 648 2660 27.
1107 2623 1157 2649 tra
1184 2620 1298 2649 Patres
1323 2618 1539 2648 concitatione
1566 2621 1598 2648 et
1627 2616 1784 2648 seditione

432 2666 450 2695 8
467 2667 518 2695 M.
531 2665 672 2704 Popellw
688 2665 847 2701 Laenate]
870 2663 935 2693 IIic
954 2662 1061 2702 Popil-
1108 2667 1210 2692 nunti
1212 2666 1267 2699 ita
1289 2665 1325 2691 ut
1353 2665 1421 2691 erat
1444 2661 1539 2691 laena
1563 2659 1712 2696 amic-tus,
1738 2658 1784 2689 ita

390 2707 451 2737 lius
473 2708 628 2738 Laenatis
655 2706 712 2736 sibi
739 2716 916 2745 cognomen
943 2705 975 2735 in
1001 2705 1062 2735 hoc
1109 2704 1195 2734 venit
1225 2704 1258 2734 in
1291 2704 1491 2741 concionem,
1518 2701 1783 2739 seditionemque,

389 2749 576 2788 magistratu
607 2749 739 2788 ceperit,
769 2753 805 2778 ut
836 2748 987 2778 discimus
1022 2758 1062 2777 ex
1107 2757 1207 2785 quum
1230 2746 1433 2779 auctoritate,
1450 2749 1518 2775 tum
1535 2743 1678 2774 oratione
1693 2743 1782 2773 seda-

389 2791 456 2821 Cic.
487 2791 519 2821 in
552 2792 666 2828 Bruto,
700 2801 745 2829 14.
778 2792 798 2806 ‘⁴
816 2790 909 2821 Licet
939 2790 1062 2829 aliquid
1108 2790 1186 2820 vit.''
1233 2789 1276 2819 Et
1303 2798 1379 2818 sane
1405 2787 1499 2825 infra,
1524 2787 1585 2817 hoc
1615 2786 1684 2825 ipso
1711 2794 1782 2824 cap.

389 2832 521 2868 etiani,”
544 2834 647 2872 inquit
673 2834 740 2870 ille,
763 2834 783 2849 ‘⁶
797 2834 837 2863 de
859 2834 906 2863 M.
930 2832 1062 2871 Popillii
1108 2831 1220 2862 Livius
1243 2830 1407 2861 seditionis
1430 2829 1560 2860 orientis
1584 2826 1782 2858 mentionem

389 2873 515 2911 ingenio
531 2875 695 2913 suspicari,
709 2875 760 2914 qui
775 2885 875 2914 quum
892 2875 1002 2905 consul
1017 2885 1061 2905 05-
1107 2874 1193 2904 facit.
1238 2875 1351 2904 Laena
1370 2876 1438 2902 erat
1458 2871 1554 2902 vestis
1577 2868 1720 2907 crassior,
1735 2868 1781 2900 in-

390 2919 448 2953 501,
478 2916 657 2954 eodemque
693 2921 837 2956 tempore
870 2917 1061 2948 sacrificium
1107 2920 1172 2946 star
1187 2915 1325 2955 duplicis
1342 2918 1444 2954 togae.
1469 2914 1575 2944 CREV.
