1934 3211
424 167 509 206 406
944 162 1093 205 ΤΙΤΙ
1133 161 1311 204 LIVII

211 258 299 289 U-C
293 258 400 299 --393
485 254 737 310 Priusquam
767 253 945 295 dictator
974 253 1246 310 legionesque
1276 268 1409 295 novae
1439 253 1484 294 in
1513 252 1723 296 Hernicos
1750 268 1820 296 ve-

209 301 249 332 A·
274 302 402 385 (lp-7559·
427 311 580 362 nirent,
602 311 733 352 ductu
767 310 816 352 C.
844 310 1019 367 Sulpicii
1051 310 1179 367 legati
1211 326 1276 352 res
1307 326 1383 367 per
1413 311 1675 353 occasionem
1704 318 1822 368 gesta

327 373 335 384 ⁸
427 369 593 425 egregie
624 377 698 410 est.
761 367 814 409 In
840 367 1062 418 Hernicos,
1085 376 1218 410 morte
1249 367 1431 410 consulis
1461 368 1737 425 contemptim
1766 368 1821 410 ad

427 435 560 468 castra
590 426 785 467 Romana
817 441 914 467 cum
949 425 1064 467 haud
1099 425 1227 467 dubia
1262 425 1534 491 expugnandi
1569 441 1641 482 spe
1678 440 1822 467 succe-

427 483 588 533 dentes,
619 484 813 525 hortante
846 482 998 539 legato,
1030 491 1073 524 et
1105 483 1240 538 plenis
1274 483 1359 524 irae
1396 491 1522 539 atque
1558 482 1822 539 indignitatis

427 541 610 582 militum
630 540 793 589 animis,
817 540 981 596 eruptio
1003 548 1066 581 est
1085 541 1203 581 facta.
1257 539 1446 582 Multum
1467 541 1518 582 ab
1540 556 1612 596 spe
1634 539 1822 582 adeundi

430 598 527 639 valli
554 613 619 639 res
647 597 846 638 Hernicis
874 597 1002 637 afuit:
1036 597 1142 638 adeo
1169 598 1345 638 turbatis
1371 598 1470 639 inde
1493 598 1710 639 ordinibus
1729 597 1822 639 abs-

427 671 596 697 cessere.
660 654 890 695 Dictatoris
913 653 1068 694 deinde
1090 653 1273 694 adventu
1302 669 1434 695 novus
1454 655 1585 696 veteri
1613 654 1822 696 exercitus

427 713 628 767 iungitur,
651 720 694 752 et
727 711 870 766 copiae
905 710 1197 766 duplicantur:
1232 720 1275 751 et
1303 726 1379 767 pro
1412 712 1614 753 concione
1642 712 1822 753 dictator

426 769 620 810 laudibus
648 768 774 823 legati
805 767 1085 822 militumque,
1108 783 1288 823 quorum
1312 768 1465 809 virtute
1495 778 1626 810 castra
1649 769 1822 811 defensa

426 834 557 875 erant,
576 825 700 866 simul
717 825 983 866 audientibus
1003 825 1148 866 laudes
1170 825 1350 875 meritas,
1369 825 1477 866 tollit
1492 826 1652 868 animos
1663 843 1674 875 3
1698 826 1821 868 simul

427 892 586 924 cetelos
619 883 673 924 ad
706 881 976 923 aemulandas
1000 883 1174 923 virtutes
1206 883 1329 924 acuit.
1394 881 1547 938 Neque
1576 884 1743 939 segnius
1767 884 1852 925 ad8

426 941 565 982 hostes
587 940 745 982 bellum
767 948 1002 995 apparatur,
1021 940 1107 996 qui,
1125 949 1168 981 et
1183 955 1258 996 par
1260 941 1290 981 ti
1307 948 1403 981 ante
1420 940 1582 982 decoris
1603 956 1820 992 memores,

425 1013 566 1053 neque
601 997 736 1054 ignari
772 1006 987 1038 auctarum
1021 998 1173 1038 virium
1209 997 1351 1047 hostis,
1384 1012 1477 1038 suas
1513 1013 1682 1054 quoque
1713 999 1822 1040 vires

425 1063 591 1110 augent.
616 1032 797 1096 DOmne
835 1054 1071 1095 Hernicum
1106 1070 1275 1105 nomen,
1314 1055 1448 1096 omnis
1484 1055 1674 1097 militaris
1708 1064 1822 1097 aetas

424 1113 598 1154 excitur.
677 1111 1065 1168 Quadringenariae
1117 1120 1211 1153 octo
1261 1112 1465 1162 cohortes,
1516 1113 1625 1154 lecta
1672 1113 1852 1158 robora9

424 1169 622 1219 virorum,
664 1170 914 1211 scribuntur.
990 1169 1120 1211 Hunc
1161 1170 1364 1211 eximium
1404 1170 1550 1211 florem
1590 1170 1820 1212 iuventutis

425 1242 474 1268 60
508 1227 647 1276 etiam,
678 1227 805 1283 quod,
836 1236 882 1268 ut
914 1227 1073 1283 duplex
1106 1227 1344 1283 acciperent
1376 1227 1646 1283 stipendium,
1675 1227 1820 1269 decre-

423 1293 582 1334 verant,
616 1285 705 1341 spei
742 1285 1062 1340 animorumque
1099 1285 1337 1340 implevere.
1400 1284 1616 1325 Immunes
1649 1300 1818 1341 quoque

423 1357 598 1397 operum
640 1342 882 1383 militarium
919 1350 1048 1392 erant,
1086 1350 1145 1392 ut,
1183 1343 1228 1383 in
1264 1357 1397 1383 unum
1432 1357 1598 1398 pugnae
1633 1342 1820 1384 laborem

423 1400 631 1449 reservati,
675 1399 770 1455 plus
810 1399 901 1449 sibi,
939 1414 1065 1455 quam
1106 1415 1197 1464 pro·
1223 1399 1333 1440 virili
1373 1408 1502 1455 parte,
1539 1399 1820 1441 annitendum

423 1456 586 1497 scirent.
652 1456 785 1498 Extra
810 1457 1002 1498 ordinem
1031 1457 1158 1498 etiam
1186 1457 1231 1497 in
1259 1457 1346 1498 acie
1374 1457 1511 1507 locati,
1534 1472 1619 1513 quo
1644 1472 1820 1513 conspe-

424 1513 530 1553 ctior
545 1514 674 1554 virtus
691 1523 808 1555 esset.
846 1514 993 1555 Duum
1010 1514 1188 1555 millium
1202 1514 1396 1570 planities
1413 1523 1545 1555 castra
1559 1514 1752 1556 Romana
1766 1514 1819 1556 ab

425 1569 623 1611 Hernicis
640 1570 882 1612 dirimebat:
907 1572 965 1612 ibi
986 1572 1075 1627 pali
1091 1572 1220 1613 ferme
1238 1572 1450 1628 utrimque
1467 1572 1600 1628 spatio
1616 1571 1660 1612 in
1677 1571 1818 1613 medio

204 1639 305 1668 Atrox
424 1636 657 1683 pugnatum
672 1635 743 1668 est.
774 1627 915 1669 Primo
929 1629 1042 1669 stetit
1055 1629 1250 1683 ambigua
1263 1644 1335 1684 spe
1349 1645 1508 1685 pugna3
1532 1629 1818 1684 nequicquam

202 1690 320 1720 pugna.
423 1699 546 1749 saepe
575 1684 735 1726 conatis
767 1685 978 1740 equitibus
1008 1685 1210 1726 Romanis
1242 1686 1404 1740 impetu
1436 1687 1601 1727 turbare
1634 1686 1817 1726 hostium

423 1742 567 1782 aciem.
616 1742 846 1797 Postquam
868 1742 1070 1806 equestris
1090 1757 1233 1798 pugna
1253 1743 1418 1791 effectu,
1437 1758 1563 1798 quam
1584 1742 1816 1807 conatibus,

423 1799 566 1839 vanior
610 1807 723 1847 erat3
772 1799 962 1840 consulto
1004 1799 1118 1854 prius
1154 1799 1356 1840 dictatore
1400 1800 1574 1864 equites,
1611 1800 1817 1856 permissu

422 1856 577 1897 deinde
607 1857 708 1905 eius,
731 1855 885 1897 lelictis
913 1872 1044 1912 equis,
1067 1856 1246 1897 clamore
1278 1857 1442 1912 ingenti
1472 1857 1691 1921 provolant
1718 1865 1814 1899 ante
1832 1876 1844 1896 1

421 1913 550 1969 signa,
583 1922 626 1954 et
658 1928 809 1954 novam
842 1914 1056 1969 integrant
1087 1929 1298 1969 pugnam:
1345 1929 1483 1978 neque
1515 1914 1710 1955 sustineri
1739 1929 1816 1970 po-

422 1978 568 2020 terant,
599 1971 643 2011 ni
672 1970 1023 2011 extraordinariae
1057 1971 1248 2011 coholtes
1280 1971 1370 2035 pari
1402 1986 1624 2035 corporum
1655 1971 1816 2013 animo-

292 2027 327 2063 8.
420 2042 440 2067 1
445 2043 598 2083 umque
616 2028 763 2068 robore
780 2042 822 2068 se
840 2027 1098 2068 obiecissent.
1145 2027 1268 2068 Tunc
1289 2028 1399 2068 inter
1418 2028 1620 2084 primores
1635 2028 1815 2070 duorum

451 2085 671 2140 opulorum
693 2099 758 2125 res
779 2085 948 2140 geritur.
998 2085 1215 2141 Quicquid
1236 2085 1335 2126 hino
1357 2094 1429 2126 aut
1449 2085 1564 2127 illinc
1581 2085 1816 2127 communis

421 2100 539 2183 {lars
566 2142 665 2184 belli
699 2142 844 2191 aufert,
872 2142 1107 2198 multiplex,
1131 2158 1257 2197 quam
1290 2157 1366 2198 pro
1399 2157 1588 2192 numero,
1612 2143 1814 2184 damnum

420 2208 507 2240 est:
553 2199 702 2255 vulgus
738 2199 853 2240 aliud
888 2209 1153 2249 armatorum,
1188 2199 1303 2241 velut
1338 2200 1529 2256 delegata
1563 2200 1814 2264 primoribus

418 2271 573 2312 pugna,
618 2265 816 2298 eventum
860 2272 982 2297 suum
1027 2257 1071 2297 in
1111 2257 1264 2298 virtute
1310 2257 1446 2298 aliena
1489 2258 1620 2312 ponit.
1683 2257 1814 2299 Multi

421 2315 632 2378 utlinique
683 2314 852 2363 cadunt,
903 2314 1044 2370 plures
1093 2314 1266 2355 xulnera
1314 2314 1537 2370 accipiunt.
1619 2314 1812 2355 Tandem

420 2371 583 2426 equites
619 2371 723 2412 alius
763 2371 891 2412 alium
932 2371 1207 2427 increpantes,
1254 2371 1384 2426 ‘quid
1420 2370 1572 2412 deinde
1613 2371 1812 2422 restaret}

420 2429 674 2482 quaerendo,
709 2428 769 2469 ‘si
794 2443 932 2483 neque
955 2444 1007 2469 ex
1034 2429 1154 2483 equis
1183 2428 1442 2484 pepulissent
1467 2427 1644 2478 hostem,
1671 2443 1810 2485 neque

421 2491 430 2507 ‘
448 2485 611 2540 pedites
643 2486 868 2541 quicquam
900 2485 1103 2526 momenti
1133 2485 1351 2526 facerent?
1382 2500 1509 2540 quam
1541 2486 1707 2527 tertiam
1737 2501 1812 2528 ex-

420 2547 431 2564 ‘
447 2551 682 2597 spectarent
703 2542 921 2598 pugnam?
952 2542 1057 2598 quid
1078 2551 1173 2583 ante
1195 2543 1313 2598 signa
1332 2542 1490 2583 feroces
1510 2542 1810 2598 prosiluissent,

458 2690 477 2720 8
500 2691 555 2720 Ad
572 2691 689 2728 hostes]
714 2700 755 2721 sc.
774 2690 871 2729 Apud
884 2689 1000 2721 hostes,
1038 2692 1093 2721 Ad
1136 2690 1329 2722 Samnitium
1347 2692 1493 2723 cohortes
1509 2697 1608 2724 erant.
1632 2692 1702 2723 infr.
1714 2702 1746 2722 x.
1757 2702 1808 2731 40.

416 2742 472 2770 pro
483 2734 572 2771 apud
581 2732 765 2771 saepissime
777 2732 904 2769 dicitur,
911 2736 962 2762 ut
956 2743 1040 2772 supr.
1051 2733 1087 2763 11.
1182 2743 1193 2763 1
1219 2735 1351 2764 Relictis
1374 2736 1480 2774 equis]
1512 2735 1613 2765 Haud
1636 2734 1733 2766 dubie
1755 2734 1809 2765 hic

417 2783 465 2811 34.
484 2776 623 2812 potentis
639 2776 681 2804 ad
697 2776 820 2814 plebem
837 2779 869 2805 et
887 2777 1027 2815 qratiam
1048 2777 1091 2806 ad
1134 2780 1165 2806 et
1195 2776 1271 2806 alibi
1301 2776 1426 2824 equites
1455 2777 1635 2816 pedestrem
1665 2786 1807 2816 pugnam

414 2817 545 2854 vulyum
561 2819 752 2856 quaesierat.
772 2821 804 2847 et
819 2817 890 2848 infr.
908 2828 938 2849 x.
957 2827 1005 2858 29.
1015 2819 1086 2857 sor·
1132 2818 1228 2855 cient,
1253 2818 1329 2858 quia
1351 2818 1384 2850 in
1408 2819 1535 2859 regione
1559 2818 1648 2858 equis
1673 2818 1806 2850 minime

415 2858 542 2885 midinis
555 2860 654 2896 plena
670 2861 776 2889 omnia
792 2861 835 2889 ad
848 2861 949 2890 hostes
964 2871 1038 2891 esse.
1132 2864 1314 2900 opportuna
1333 2871 1381 2892 res
1395 2862 1572 2901 gerebatur.

456 2908 474 2938 9
499 2899 816 2937 Quadrin-qenariae]
857 2902 931 2932 Pari
952 2912 1084 2932 numero
