1934 3211
570 169 697 211 LIB.
731 168 807 210 IV.
851 168 999 210 CAP.
1034 172 1101 210 35.
1467 173 1547 213 261

144 258 269 300 minis
288 257 567 315 prohibendo,
590 257 826 314 aliquarum
854 257 1026 298 navium
1053 271 1306 298 concursum
1328 258 1372 298 in
1400 259 1546 307 maius,
1563 272 1608 304 U,
1625 272 1664 304 c,
1683 282 1754 314 3²9·

143 323 193 357 ut
221 316 282 366 fit,
304 314 577 365 celebrantes,
600 314 758 356 navalis
779 314 979 356 victoriae
1007 329 1165 355 vanum
1193 313 1364 355 titulum
1386 316 1549 371 appeti·
1562 316 1601 347 A.
1625 314 1664 347 C·
1682 325 1754 354 423-

143 387 255 414 vere.

201 429 438 486 Insequens
473 445 608 471 annus
643 430 832 471 tribunos
866 429 1067 470 militares
1100 428 1309 470 consulari
1341 437 1548 485 potestate
1633 438 1700 476 35,

142 486 292 529 habuit
320 488 373 529 A.
396 487 694 543 Sempronium
724 487 984 536 Atratinum,
1018 486 1067 527 L.
1088 486 1342 534 Quinctium
1372 486 1550 527 Cincin·
1564 492 1608 523 U.
1626 493 1664 524 C.
1683 502 1754 532 330·

143 552 304 595 natum,
341 545 390 587 L.
415 545 590 586 Furium
629 544 932 594 Medullinum,
966 544 1015 584 L.
1042 543 1270 585 Horatium
1303 544 1545 585 Barbatum.
1562 535 1602 607 ἓ
1617 536 1681 608 scen
1680 545 1768 607 14²r²02

111 601 398 647 9Veientibus
425 618 633 643 annorum
658 602 808 659 viginti
837 602 1027 643 indutiae
1055 601 1192 651 datae,
1215 610 1258 642 et
1280 601 1444 657 Aequis
1476 602 1550 642 tri·
1563 589 1769 656 ni'0‚ete.pTr.

143 660 274 709 ennii,
290 675 422 716 quum
436 660 623 716 plurium
640 675 846 701 annorum
863 659 1078 715 petissent.
1134 659 1191 700 Et
1203 659 1255 700 ab
1271 659 1550 700 seditionibus
1565 662 1640 693 Mil.

143 717 316 758 urbanis
338 718 471 759 otium
491 717 582 758 fuit.

202 774 382 816 Annum
422 775 732 831 insequentem,
769 789 910 830 neque
951 774 1061 816 bello
1084 774 1214 824 ¹foris,
1252 789 1392 830 neque
1433 774 1550 816 domi
1565 788 1609 819 U.
1626 787 1664 820 C.
1683 795 1757 826 331·

142 831 351 874 seditione
374 833 598 888 insignem,
621 832 712 873 ludi
732 831 844 873 bello
864 832 951 873 voti
972 831 1196 881 celebrem,
1219 840 1262 873 et
1284 832 1549 873 tribunorum
1562 831 1602 861 A.
1627 830 1666 862 C.
1684 839 1756 869 4²¹·

143 889 326 930 militum
343 898 560 946 apparatu,
579 899 621 931 et
638 890 915 931 finitimorum
929 904 1149 938 concursu,
1163 889 1313 930 fecere.
1367 889 1550 931 Tribuni
1564 902 1628 940 Ap.
1641 901 1741 932 Clau-

143 947 351 988 consulari
379 955 586 1003 potestate
616 957 737 988 erant
764 947 846 1003 Ap.
873 946 1080 988 Claudius
1108 946 1296 996 Crassus,
1327 946 1397 1003 Sp.
1430 946 1551 988 Nau·
1563 943 1772 1016 diqietcffr.

116 1020 127 1042 1
144 1004 227 1045 tius
259 1005 444 1054 Rutilus,
474 1005 524 1046 L.
552 1004 722 1061 Sergius
744 1004 938 1053 Fidenas,
965 1004 1060 1046 Sex,
1086 1003 1220 1045 Iulius
1242 1004 1371 1045 Iulus.
1446 1004 1551 1061 Spe·
1565 987 1617 1017 M¹
1633 1010 1641 1018 ¹

142 1062 354 1103 ctaculum
376 1063 572 1104 comitate
595 1063 722 1104 etiam
745 1062 972 1118 hospitum,
991 1061 1045 1102 ad
1061 1062 1106 1102 id
1123 1062 1239 1117 quod
1259 1061 1430 1119 publico
1451 1078 1551 1104 con-

142 1133 268 1160 sensu
288 1128 505 1169 venerant,
529 1120 701 1161 advenis
722 1120 882 1173 gratius
902 1120 993 1160 fuit.
1057 1119 1161 1160 Post
1182 1119 1304 1161 ludos
1325 1120 1551 1161 conciones
1566 1132 1760 1168 Queruntur

141 1176 364 1218 seditiosae
387 1177 654 1219 tribunorum
675 1177 789 1233 plebi
818 1177 1003 1226 fuerunt,
1026 1177 1338 1232 obiurgantium
1361 1177 1553 1218 multitu-
1565 1175 1773 1222 jrr.1{1.qup‹1

141 1233 301 1284 dinem,
326 1241 337 1258 ‘
351 1235 480 1291 quod,
503 1234 780 1275 admiratione
803 1249 962 1284 eorum,
986 1249 1092 1290 quos
1115 1234 1284 1284 odisset,
1302 1244 1488 1291 stupens,
1507 1235 1551 1276 in
1564 1218 1751 1290 {mnifffffilms

144 1297 343 1333 ‘aeterno
374 1307 417 1333 se
449 1293 538 1348 ipsa
569 1301 733 1333 teneret
765 1292 958 1333 servitio:
993 1300 1036 1333 et
1066 1306 1154 1333 non
1185 1292 1312 1333 modo
1344 1292 1398 1333 ad
1434 1308 1551 1349 spem
1566 1302 1713 1350 creanfijs

145 1349 410 1391 ‘consulatus
443 1350 486 1390 in
520 1358 681 1405 partem
713 1349 994 1391 revocandam
1025 1349 1206 1405 aspirare
1244 1364 1331 1390 non
1363 1350 1550 1399 auderet,
1566 1345 1703 1407 plebein

112 1407 244 1448 2‘sed
276 1421 328 1448 ne
356 1408 401 1448 in
432 1408 611 1448 tribunis
640 1407 814 1463 quidem
844 1406 1026 1447 militum
1055 1406 1248 1447 creandis
1275 1406 1405 1462 (quae
1437 1422 1552 1448 com-
1565 1391 1718 1461 {gargn-

145 1469 157 1487 ‘
171 1465 316 1506 munia
336 1473 476 1506 essent
493 1465 664 1506 comitia
686 1464 860 1505 Patrum
877 1478 925 1505 ac
946 1463 1101 1520 plebis)
1114 1472 1188 1504 aut
1209 1463 1274 1504 sui
1295 1473 1368 1504 aut
1380 1479 1552 1505 suorum

111 1538 128 1569 3
145 1527 158 1546 ‘
170 1523 441 1564 meminisset.
506 1521 734 1563 Desineret
755 1536 854 1576 ergo
877 1521 1030 1570 mirari,
1047 1536 1122 1561 cur
1140 1536 1267 1562 nemo
1289 1521 1342 1562 de
1364 1536 1553 1563 eommo-

145 1579 235 1621 ‘dis
275 1579 410 1636 plebis
446 1588 600 1635 ageret.
666 1578 731 1621 Eo
767 1578 959 1634 impendi
992 1578 1178 1620 laborem
1214 1594 1262 1619 ac
1299 1578 1550 1634 periculum,

145 1637 285 1678 ‘unde
326 1637 662 1678 emolumentum
695 1644 822 1692 atque
865 1636 1000 1677 honos
1035 1644 1237 1692 speretur.
1302 1636 1426 1678 Nihil
1465 1652 1553 1679 non

144 1700 435 1751 ‘aggressuros
470 1694 675 1744 homines,
713 1694 747 1734 si
788 1709 942 1750 magna
981 1694 1142 1735 conatis
1182 1709 1336 1750 magna
1367 1695 1555 1750 praemia

145 1758 470 1809 ‘proponantun
537 1752 598 1793 Ut
640 1751 815 1808 quidem
856 1751 1008 1807 aliquis
1049 1751 1243 1793 tribunus
1283 1751 1418 1808 plebis
1458 1761 1554 1793 ruat

145 1816 319 1851 ‘caecus
351 1810 396 1850 in
437 1810 669 1851 certamina
700 1809 889 1865 periculo
925 1809 1103 1865 ingenti,
1141 1809 1280 1850 fructu
1312 1809 1454 1859 nullo;
1499 1825 1554 1852 ex

145 1868 325 1924 ‘quibus
352 1883 429 1924 pro
458 1876 574 1909 certo
603 1867 768 1917 habeat,
792 1867 951 1916 Patres,
985 1866 1182 1908 adversus
1211 1881 1317 1922 quos
1343 1867 1552 1918 tenderet,

145 1925 285 1966 ‘bello
314 1925 561 1981 inexpiabili
591 1940 635 1966 se
658 1933 975 1981 persecuturos3
1009 1924 1123 1981 apud
1151 1924 1334 1981 plebem,
1364 1940 1440 1981 pro
1469 1940 1554 1981 qua

146 1989 158 2007 ‘
170 1982 445 2032 dimicaverit,
461 1982 595 2023 nihilo
609 1997 652 2023 se
674 1982 989 2023 honoratiorem
1005 1982 1107 2031 fore,
1122 1997 1262 2038 neque
1281 1983 1551 2038 sperandum,

147 2046 311 2095 ‘neque
333 2039 633 2097 postulandum
661 2054 762 2079 esse.
827 2038 1009 2094 Magnos
1038 2039 1200 2079 animos
1228 2040 1392 2095 magnis
1420 2040 1554 2081 hono-

113 2097 286 2139 4‘ribus
319 2097 421 2138 fieri.
487 2096 717 2137 Neminem
755 2111 798 2137 se
832 2095 1045 2151 plebeium
1087 2104 1444 2151 contempturum,
1480 2097 1553 2137 ubi

147 2154 387 2194 ‘contemni
418 2153 636 2195 desissent.
701 2152 1016 2208 Experiendam
1048 2166 1137 2193 rem
1173 2152 1359 2209 denique
1392 2153 1435 2193 in
1468 2168 1554 2194 uno

148 2218 245 2252 ‘aut
285 2211 415 2252 altero
455 2226 558 2260 esse,
601 2210 709 2251 sitne
752 2209 903 2265 aliquis
950 2209 1140 2266 plebeius
1179 2209 1354 2251 ferendo
1400 2225 1554 2267 magno

148 2268 347 2317 ‘honori;
393 2284 446 2309 an
483 2277 678 2324 portento
714 2267 849 2308 simile
887 2266 1175 2323 miraculoque
1216 2267 1282 2317 sit,
1317 2267 1468 2309 fortem
1505 2283 1553 2309 ac

148 2332 160 2351 ‘
176 2336 395 2368 strenuum
412 2326 548 2367 virum
564 2325 749 2385 aliquem
764 2325 964 2366 exsistere
978 2332 1117 2366 ortum
1132 2339 1184 2366 ex
1199 2325 1333 2381 plebe.
1381 2325 1555 2367 Summa

189 2462 209 2492 9
232 2452 405 2482 Annorum
424 2452 558 2491 viyinti]
591 2452 758 2481 Annorum
776 2460 828 2489 cy·

148 2494 317 2531 elicorum,
339 2494 369 2525 h.
387 2506 414 2525 e.
439 2495 551 2524 decem
577 2503 704 2523 menses
727 2492 827 2523 conti-

149 2536 308 2572 nentium,
331 2536 454 2576 quippe
477 2547 528 2566 an.
549 2538 619 2575 348.
642 2536 682 2567 U.
700 2536 738 2566 C.
764 2535 828 2565 iam

147 2579 293 2609 exierant
309 2579 464 2609 indutiae.
488 2578 624 2609 Niebhr.
639 2577 670 2609 ii.
682 2589 711 2609 n.
729 2586 819 2616 ¹0¹7·

196 2631 206 2651 1
233 2622 459 2660 Spectaculum
481 2623 627 2651 comitate
647 2644 653 2651 .
672 2644 679 2656 ,
697 2643 704 2652 .
724 2621 828 2660 hospi-

148 2669 227 2699 mm,
238 2665 281 2693 mi
292 2665 326 2693 id
339 2664 440 2704 quod]
459 2664 514 2693 Ac!
526 2664 559 2692 id
573 2665 658 2703 quod
669 2673 708 2693 ex
722 2673 830 2692 emen-

149 2707 282 2737 datione
303 2705 445 2736 walt-hii
466 2715 523 2744 pro
541 2706 624 2743 vulg.
641 2706 685 2735 ad
699 2706 783 2745 quod
798 2705 830 2735 in

149 2754 276 2780 textum
295 2748 438 2787 reposuit
454 2747 593 2779 Bekker.
611 2747 746 2782 scilicet,
759 2758 829 2786 spe-

149 2792 328 2828 ctaculum,
345 2794 569 2830 praeterquam
587 2790 672 2828 quod
699 2790 830 2828 publico

149 2844 307 2865 consensu
323 2836 487 2867 venerunt.
498 2832 651 2863 comitate
665 2832 828 2872 hospitum

150 2877 284 2908 advenis
298 2877 418 2915 gratius
435 2875 596 2906 redditum
614 2879 692 2905 crat.

195 2929 211 2951 2
239 2922 330 2958 Quae
354 2919 533 2952 communia
557 2922 660 2949 resen!
683 2918 828 2956 coniitia]

877 2450 914 2480 In
932 2449 1049 2488 quibus
1072 2449 1153 2479 ratio
1177 2449 1288 2480 habitu
1308 2454 1391 2480 esset
1412 2449 1553 2489 plebeio-

874 2503 943 2522 rum
967 2503 1071 2532 aeque
1094 2496 1192 2532 utque
1216 2492 1423 2532 patriciorum
1446 2493 1554 2523 candi-

874 2535 1035 2566 datorum.

919 2587 936 2617 3
962 2579 1133 2608 Desineret
1148 2578 1239 2617 eryo]
1266 2577 1371 2608 Totus
1389 2576 1442 2608 hic
1466 2578 1556 2609 locus

874 2631 914 2650 ex
957 2620 1180 2651 Demosthene
1222 2620 1443 2651 adumbratur.
1491 2620 1554 2652 vid.

877 2663 977 2693 Dobr.
1005 2663 1138 2695 Advers.
1164 2673 1194 2702 p.
1222 2671 1291 2702 354.
1325 2664 1364 2694 cf.
1392 2663 1490 2695 Isocr.
1514 2663 1555 2694 de

878 2706 954 2737 Pac.
974 2706 990 2742 ἓ
1007 2706 1057 2745 98.

918 2760 936 2786 4
960 2748 1148 2786 Neminem]
1188 2747 1364 2778 Neminem
1390 2748 1553 2788 plebeium

874 2790 1000 2820 abiecte
1016 2790 1056 2820 «le
1080 2801 1114 2820 se
1137 2789 1207 2829 ipso
1228 2800 1408 2829 sensurum,
1423 2796 1481 2822 aut
1498 2802 1554 2832 pu-

875 2832 947 2862 sillo
970 2833 1113 2863 futurum
1138 2832 1258 2870 animo,
1275 2833 1299 2863 ni
1316 2834 1440 2872 magnis
1456 2834 1554 2865 hono-

877 2875 963 2906 ribus
978 2885 1088 2908 eorum
1106 2875 1304 2916 erigerentur
1317 2875 1428 2909 anuni.
1447 2877 1554 2909 Can-v.
