<?xml version="1.0" encoding="UTF-8"?>
<!DOCTYPE html PUBLIC "-//W3C//DTD XHTML 1.0 Transitional//EN"
    "http://www.w3.org/TR/xhtml1/DTD/xhtml1-transitional.dtd">
<html xmlns="http://www.w3.org/1999/xhtml" xml:lang="en" lang="en">
 <head>
  <title>
</title>
<meta http-equiv="Content-Type" content="text/html;charset=utf-8" />
  <meta name='ocr-system' content='tesseract 3.04.00' />
  <meta name='ocr-capabilities' content='ocr_page ocr_carea ocr_par ocr_line ocrx_word'/>
</head>
<body>
  <div class='ocr_page' id='page_1' title='image "./historiarumli01livyuoft_0258.png"; bbox 0 0 1934 3211; ppageno 0'>
   <div class='ocr_carea' id='block_1_1' title="bbox 202 284 395 366">
    <p class='ocr_par' dir='ltr' id='par_1_1' title="bbox 202 284 395 366">
     <span class='ocr_line' id='line_1_1' title="bbox 205 284 393 323; baseline 0.005 -9"><span class='ocrx_word' id='word_1_1' title='bbox 205 285 247 315; x_wconf 90' lang='lat' dir='ltr'><strong>U.</strong></span> <span class='ocrx_word' id='word_1_2' title='bbox 265 284 303 314; x_wconf 79' lang='lat' dir='ltr'><strong>C.</strong></span> <span class='ocrx_word' id='word_1_3' title='bbox 323 284 393 323; x_wconf 77' lang='grc'>318.</span> 
     </span>
     <span class='ocr_line' id='line_1_2' title="bbox 202 327 395 366; baseline 0.005 -9"><span class='ocrx_word' id='word_1_4' title='bbox 202 329 241 358; x_wconf 90' lang='lat' dir='ltr'><strong>A.</strong></span> <span class='ocrx_word' id='word_1_5' title='bbox 266 327 303 358; x_wconf 88' lang='lat' dir='ltr'><strong>C.</strong></span> <span class='ocrx_word' id='word_1_6' title='bbox 322 336 395 366; x_wconf 77' lang='lat'><strong>434.</strong></span> 
     </span>
    </p>
   </div>
   <div class='ocr_carea' id='block_1_2' title="bbox 420 184 1301 226">
    <p class='ocr_par' dir='ltr' id='par_1_2' title="bbox 420 184 1301 226">
     <span class='ocr_line' id='line_1_3' title="bbox 420 184 1301 226; baseline -0.001 0"><span class='ocrx_word' id='word_1_7' title='bbox 420 188 502 226; x_wconf 74' lang='lat'><strong>246</strong></span> <span class='ocrx_word' id='word_1_8' title='bbox 938 184 1087 226; x_wconf 92' lang='lat' dir='ltr'>TITI</span> <span class='ocrx_word' id='word_1_9' title='bbox 1128 184 1301 226; x_wconf 85' lang='lat' dir='ltr'>LIVII</span> 
     </span>
    </p>
   </div>
   <div class='ocr_carea' id='block_1_3' title="bbox 422 270 1858 1244">
    <p class='ocr_par' dir='ltr' id='par_1_3' title="bbox 422 270 1858 1244">
     <span class='ocr_line' id='line_1_4' title="bbox 422 270 1821 330; baseline -0.004 -14"><span class='ocrx_word' id='word_1_10' title='bbox 422 275 573 316; x_wconf 88' lang='lat' dir='ltr'><strong>ducem</strong></span> <span class='ocrx_word' id='word_1_11' title='bbox 595 275 799 324; x_wconf 90' lang='lat' dir='ltr'><strong>novimus,</strong></span> <span class='ocrx_word' id='word_1_12' title='bbox 822 275 901 315; x_wconf 89' lang='lat' dir='ltr'><strong>nisi</strong></span> <span class='ocrx_word' id='word_1_13' title='bbox 923 275 1041 315; x_wconf 86' lang='lat' dir='ltr'><strong>cuius</strong></span> <span class='ocrx_word' id='word_1_14' title='bbox 1062 274 1247 330; x_wconf 86' lang='lat' dir='ltr'><strong>auspicio</strong></span> <span class='ocrx_word' id='word_1_15' title='bbox 1274 272 1430 314; x_wconf 90' lang='lat' dir='ltr'><strong>bellum</strong></span> <span class='ocrx_word' id='word_1_16' title='bbox 1457 272 1640 328; x_wconf 80' lang='lat' dir='ltr'>geritur:</span> <span class='ocrx_word' id='word_1_17' title='bbox 1675 270 1821 312; x_wconf 88' lang='lat' dir='ltr'><strong>titulus</strong></span> 
     </span>
     <span class='ocr_line' id='line_1_5' title="bbox 422 328 1822 388; baseline -0.004 -15"><span class='ocrx_word' id='word_1_18' title='bbox 422 333 523 388; x_wconf 89' lang='lat' dir='ltr'><strong>ipse,</strong></span> <span class='ocrx_word' id='word_1_19' title='bbox 560 332 702 388; x_wconf 89' lang='lat' dir='ltr'><strong>spoliis</strong></span> <span class='ocrx_word' id='word_1_20' title='bbox 736 333 972 388; x_wconf 89' lang='lat' dir='ltr'><strong>inscriptus,</strong></span> <span class='ocrx_word' id='word_1_21' title='bbox 1014 331 1105 372; x_wconf 84' lang='lat' dir='ltr'><strong>illos</strong></span> <span class='ocrx_word' id='word_1_22' title='bbox 1145 346 1297 386; x_wconf 90' lang='lat' dir='ltr'><strong>meque</strong></span> <span class='ocrx_word' id='word_1_23' title='bbox 1338 330 1487 386; x_wconf 78' lang='lat' dir='ltr'><strong>arguit,</strong></span> <span class='ocrx_word' id='word_1_24' title='bbox 1522 328 1737 370; x_wconf 90' lang='lat' dir='ltr'><strong>consulem</strong></span> <span class='ocrx_word' id='word_1_25' title='bbox 1772 343 1822 368; x_wconf 86' lang='lat' dir='ltr'><strong>ea</strong></span> 
     </span>
     <span class='ocr_line' id='line_1_6' title="bbox 426 385 1853 446; baseline -0.004 -15"><span class='ocrx_word' id='word_1_26' title='bbox 426 389 606 431; x_wconf 89' lang='lat' dir='ltr'><strong>Cossum</strong></span> <span class='ocrx_word' id='word_1_27' title='bbox 647 390 816 446; x_wconf 82' lang='lat' dir='ltr'>cepisse.</span> <span class='ocrx_word' id='word_1_28' title='bbox 881 389 976 431; x_wconf 90' lang='lat' dir='ltr'><strong>Hoc</strong></span> <span class='ocrx_word' id='word_1_29' title='bbox 1017 404 1096 445; x_wconf 82' lang='lat' dir='ltr'><strong>ego</strong></span> <span class='ocrx_word' id='word_1_30' title='bbox 1133 404 1265 444; x_wconf 89' lang='lat' dir='ltr'><strong>quum</strong></span> <span class='ocrx_word' id='word_1_31' title='bbox 1302 387 1546 443; x_wconf 80' lang='lat' dir='ltr'><strong>Augustum</strong></span> <span class='ocrx_word' id='word_1_32' title='bbox 1582 385 1853 434; x_wconf 81' lang='lat' dir='ltr'><strong>Caesarem,3</strong></span> 
     </span>
     <span class='ocr_line' id='line_1_7' title="bbox 424 443 1822 503; baseline -0.004 -15"><span class='ocrx_word' id='word_1_33' title='bbox 424 447 677 503; x_wconf 90' lang='lat' dir='ltr'><strong>templorum</strong></span> <span class='ocrx_word' id='word_1_34' title='bbox 694 447 885 488; x_wconf 89' lang='lat' dir='ltr'><strong>omnium</strong></span> <span class='ocrx_word' id='word_1_35' title='bbox 901 446 1162 487; x_wconf 88' lang='lat' dir='ltr'><strong>conditorem</strong></span> <span class='ocrx_word' id='word_1_36' title='bbox 1184 454 1255 486; x_wconf 92' lang='lat' dir='ltr'><strong>aut</strong></span> <span class='ocrx_word' id='word_1_37' title='bbox 1275 445 1570 494; x_wconf 82' lang='lat' dir='ltr'><strong>restitutorem,</strong></span> <span class='ocrx_word' id='word_1_38' title='bbox 1589 443 1822 498; x_wconf 80' lang='lat' dir='ltr'><strong>ingressum</strong></span> 
     </span>
     <span class='ocr_line' id='line_1_8' title="bbox 424 500 1822 558; baseline -0.004 -13"><span class='ocrx_word' id='word_1_39' title='bbox 424 505 569 545; x_wconf 88' lang='lat' dir='ltr'><strong>aedem</strong></span> <span class='ocrx_word' id='word_1_40' title='bbox 602 504 776 545; x_wconf 82' lang='lat' dir='ltr'><strong>Feretrii</strong></span> <span class='ocrx_word' id='word_1_41' title='bbox 804 503 928 553; x_wconf 87' lang='lat' dir='ltr'><strong>Iovis,</strong></span> <span class='ocrx_word' id='word_1_42' title='bbox 959 518 1085 558; x_wconf 89' lang='lat' dir='ltr'><strong>quam</strong></span> <span class='ocrx_word' id='word_1_43' title='bbox 1116 511 1321 543; x_wconf 85' lang='lat' dir='ltr'><strong>vetustate</strong></span> <span class='ocrx_word' id='word_1_44' title='bbox 1353 502 1556 557; x_wconf 83' lang='lat' dir='ltr'>dilapsam</span> <span class='ocrx_word' id='word_1_45' title='bbox 1588 500 1745 550; x_wconf 81' lang='lat' dir='ltr'><strong>refecit,</strong></span> <span class='ocrx_word' id='word_1_46' title='bbox 1779 514 1822 540; x_wconf 89' lang='lat' dir='ltr'><strong>se</strong></span> 
     </span>
     <span class='ocr_line' id='line_1_9' title="bbox 424 559 1823 618; baseline -0.004 -15"><span class='ocrx_word' id='word_1_47' title='bbox 424 563 561 618; x_wconf 89' lang='lat' dir='ltr'><strong>ipsum</strong></span> <span class='ocrx_word' id='word_1_48' title='bbox 590 562 634 601; x_wconf 91' lang='lat' dir='ltr'><strong>in</strong></span> <span class='ocrx_word' id='word_1_49' title='bbox 660 562 828 602; x_wconf 84' lang='lat' dir='ltr'><strong>thorace</strong></span> <span class='ocrx_word' id='word_1_50' title='bbox 855 561 986 601; x_wconf 87' lang='lat' dir='ltr'><strong>linteo</strong></span> <span class='ocrx_word' id='word_1_51' title='bbox 1017 560 1218 615; x_wconf 88' lang='lat' dir='ltr'><strong>scriptum</strong></span> <span class='ocrx_word' id='word_1_52' title='bbox 1251 559 1397 614; x_wconf 80' lang='lat' dir='ltr'><strong>legisse</strong></span> <span class='ocrx_word' id='word_1_53' title='bbox 1429 559 1660 606; x_wconf 81' lang='lat' dir='ltr'><strong>audissem3</strong></span> <span class='ocrx_word' id='word_1_54' title='bbox 1692 571 1823 613; x_wconf 86' lang='lat' dir='ltr'><strong>prope</strong></span> 
     </span>
     <span class='ocr_line' id='line_1_10' title="bbox 425 613 1822 674; baseline -0.004 -14"><span class='ocrx_word' id='word_1_55' title='bbox 425 619 688 674; x_wconf 82' lang='lat' dir='ltr'><strong>sacrilegium</strong></span> <span class='ocrx_word' id='word_1_56' title='bbox 712 627 825 658; x_wconf 90' lang='lat' dir='ltr'><strong>ratus</strong></span> <span class='ocrx_word' id='word_1_57' title='bbox 853 633 958 666; x_wconf 90' lang='lat' dir='ltr'><strong>sum,</strong></span> <span class='ocrx_word' id='word_1_58' title='bbox 985 616 1117 657; x_wconf 87' lang='lat' dir='ltr'><strong>Cosso</strong></span> <span class='ocrx_word' id='word_1_59' title='bbox 1139 615 1367 671; x_wconf 90' lang='lat' dir='ltr'><strong>spoliorum</strong></span> <span class='ocrx_word' id='word_1_60' title='bbox 1391 630 1561 655; x_wconf 90' lang='lat' dir='ltr'><strong>suorum</strong></span> <span class='ocrx_word' id='word_1_61' title='bbox 1586 613 1822 662; x_wconf 84' lang='lat' dir='ltr'><strong>Caesarem,</strong></span> 
     </span>
     <span class='ocr_line' id='line_1_11' title="bbox 426 670 1856 732; baseline -0.005 -15"><span class='ocrx_word' id='word_1_62' title='bbox 426 677 554 732; x_wconf 89' lang='lat' dir='ltr'><strong>ipsius</strong></span> <span class='ocrx_word' id='word_1_63' title='bbox 586 675 731 731; x_wconf 88' lang='lat' dir='ltr'><strong>templi</strong></span> <span class='ocrx_word' id='word_1_64' title='bbox 762 683 987 722; x_wconf 82' lang='lat' dir='ltr'><strong>auctorem,</strong></span> <span class='ocrx_word' id='word_1_65' title='bbox 1017 673 1259 713; x_wconf 81' lang='lat' dir='ltr'><strong>subtrahere</strong></span> <span class='ocrx_word' id='word_1_66' title='bbox 1292 681 1452 713; x_wconf 91' lang='lat' dir='ltr'><strong>testem.</strong></span> <span class='ocrx_word' id='word_1_67' title='bbox 1519 671 1607 719; x_wconf 81' lang='lat' dir='ltr'><strong>Qui</strong></span> <span class='ocrx_word' id='word_1_68' title='bbox 1637 671 1671 711; x_wconf 88' lang='lat' dir='ltr'><strong>si</strong></span> <span class='ocrx_word' id='word_1_69' title='bbox 1701 686 1751 711; x_wconf 89' lang='lat' dir='ltr'><strong>ea</strong></span> <span class='ocrx_word' id='word_1_70' title='bbox 1780 670 1856 711; x_wconf 90' lang='lat' dir='ltr'><strong>in4</strong></span> 
     </span>
     <span class='ocr_line' id='line_1_12' title="bbox 426 727 1826 786; baseline -0.005 -12"><span class='ocrx_word' id='word_1_71' title='bbox 426 749 471 774; x_wconf 90' lang='lat' dir='ltr'><strong>re</strong></span> <span class='ocrx_word' id='word_1_72' title='bbox 509 734 561 773; x_wconf 93' lang='lat' dir='ltr'><strong>sit</strong></span> <span class='ocrx_word' id='word_1_73' title='bbox 596 747 722 781; x_wconf 87' lang='lat' dir='ltr'><strong>error,</strong></span> <span class='ocrx_word' id='word_1_74' title='bbox 757 731 873 786; x_wconf 88' lang='lat' dir='ltr'><strong>quod</strong></span> <span class='ocrx_word' id='word_1_75' title='bbox 913 740 999 771; x_wconf 87' lang='lat' dir='ltr'><strong>tam</strong></span> <span class='ocrx_word' id='word_1_76' title='bbox 1031 739 1192 771; x_wconf 84' lang='lat' dir='ltr'><strong>veteres</strong></span> <span class='ocrx_word' id='word_1_77' title='bbox 1233 729 1415 778; x_wconf 87' lang='lat' dir='ltr'><strong>annales,</strong></span> <span class='ocrx_word' id='word_1_78' title='bbox 1454 728 1653 784; x_wconf 89' lang='lat' dir='ltr'><strong>quodque</strong></span> <span class='ocrx_word' id='word_1_79' title='bbox 1694 727 1826 783; x_wconf 83' lang='lat' dir='ltr'><strong>magi-</strong></span> 
     </span>
     <span class='ocr_line' id='line_1_13' title="bbox 427 784 1827 844; baseline -0.004 -14"><span class='ocrx_word' id='word_1_80' title='bbox 427 799 631 830; x_wconf 82' lang='lat' dir='ltr'><strong>stratuum</strong></span> <span class='ocrx_word' id='word_1_81' title='bbox 648 789 754 837; x_wconf 83' lang='lat' dir='ltr'><strong>libri,</strong></span> <span class='ocrx_word' id='word_1_82' title='bbox 773 803 878 844; x_wconf 89' lang='lat' dir='ltr'><strong>quos</strong></span> <span class='ocrx_word' id='word_1_83' title='bbox 893 788 1044 828; x_wconf 91' lang='lat' dir='ltr'><strong>linteos</strong></span> <span class='ocrx_word' id='word_1_84' title='bbox 1060 787 1104 828; x_wconf 91' lang='lat' dir='ltr'><strong>in</strong></span> <span class='ocrx_word' id='word_1_85' title='bbox 1121 787 1224 828; x_wconf 86' lang='lat' dir='ltr'><strong>aede</strong></span> <span class='ocrx_word' id='word_1_86' title='bbox 1242 786 1443 842; x_wconf 89' lang='lat' dir='ltr'><strong>repositos</strong></span> <span class='ocrx_word' id='word_1_87' title='bbox 1461 785 1661 826; x_wconf 84' lang='lat' dir='ltr'><strong>Monetae</strong></span> <span class='ocrx_word' id='word_1_88' title='bbox 1679 784 1827 830; x_wconf 82' lang='lat' dir='ltr'><strong>Macer</strong></span> 
     </span>
     <span class='ocr_line' id='line_1_14' title="bbox 428 843 1826 899; baseline -0.003 -13"><span class='ocrx_word' id='word_1_89' title='bbox 428 847 618 888; x_wconf 86' lang='lat' dir='ltr'><strong>Licinius</strong></span> <span class='ocrx_word' id='word_1_90' title='bbox 646 846 747 886; x_wconf 87' lang='lat' dir='ltr'><strong>citat</strong></span> <span class='ocrx_word' id='word_1_91' title='bbox 773 845 1008 886; x_wconf 88' lang='lat' dir='ltr'><strong>identidem</strong></span> <span class='ocrx_word' id='word_1_92' title='bbox 1036 854 1237 894; x_wconf 84' lang='lat' dir='ltr'><strong>auctoreS,</strong></span> <span class='ocrx_word' id='word_1_93' title='bbox 1260 859 1374 885; x_wconf 88' lang='lat' dir='ltr'><strong>nono</strong></span> <span class='ocrx_word' id='word_1_94' title='bbox 1401 852 1497 899; x_wconf 90' lang='lat' dir='ltr'><strong>post</strong></span> <span class='ocrx_word' id='word_1_95' title='bbox 1517 843 1690 884; x_wconf 91' lang='lat' dir='ltr'><strong>demum</strong></span> <span class='ocrx_word' id='word_1_96' title='bbox 1715 856 1826 883; x_wconf 89' lang='lat' dir='ltr'><strong>anno</strong></span> 
     </span>
     <span class='ocr_line' id='line_1_15' title="bbox 428 898 1827 951; baseline -0.004 -7"><span class='ocrx_word' id='word_1_97' title='bbox 428 919 524 944; x_wconf 88' lang='lat' dir='ltr'><strong>cum</strong></span> <span class='ocrx_word' id='word_1_98' title='bbox 557 903 607 944; x_wconf 95' lang='lat' dir='ltr'><strong>T.</strong></span> <span class='ocrx_word' id='word_1_99' title='bbox 631 903 834 951; x_wconf 82' lang='lat' dir='ltr'><strong>Quinctio</strong></span> <span class='ocrx_word' id='word_1_100' title='bbox 864 902 1014 943; x_wconf 87' lang='lat' dir='ltr'><strong>Penno</strong></span> <span class='ocrx_word' id='word_1_101' title='bbox 1044 902 1097 943; x_wconf 92' lang='lat' dir='ltr'><strong>A.</strong></span> <span class='ocrx_word' id='word_1_102' title='bbox 1120 901 1368 942; x_wconf 87' lang='lat' dir='ltr'><strong>Cornelium</strong></span> <span class='ocrx_word' id='word_1_103' title='bbox 1402 900 1583 942; x_wconf 89' lang='lat' dir='ltr'><strong>Cossum</strong></span> <span class='ocrx_word' id='word_1_104' title='bbox 1613 898 1827 941; x_wconf 84' lang='lat' dir='ltr'><strong>consulem</strong></span> 
     </span>
     <span class='ocr_line' id='line_1_16' title="bbox 428 956 1858 1009; baseline -0.002 -8"><span class='ocrx_word' id='word_1_105' title='bbox 428 961 624 1009; x_wconf 82' lang='lat' dir='ltr'><strong>habeant,</strong></span> <span class='ocrx_word' id='word_1_106' title='bbox 647 960 900 1001; x_wconf 79' lang='lat' dir='ltr'><strong>existimatio</strong></span> <span class='ocrx_word' id='word_1_107' title='bbox 931 959 1165 1000; x_wconf 89' lang='lat' dir='ltr'><strong>communis</strong></span> <span class='ocrx_word' id='word_1_108' title='bbox 1196 959 1390 1000; x_wconf 87' lang='lat' dir='ltr'><strong>onmibus</strong></span> <span class='ocrx_word' id='word_1_109' title='bbox 1420 967 1493 1000; x_wconf 88' lang='lat' dir='ltr'><strong>est.</strong></span> <span class='ocrx_word' id='word_1_110' title='bbox 1557 957 1671 999; x_wconf 89' lang='lat' dir='ltr'><strong>Nam</strong></span> <span class='ocrx_word' id='word_1_111' title='bbox 1701 956 1858 998; x_wconf 89' lang='lat' dir='ltr'><strong>etiam5</strong></span> 
     </span>
     <span class='ocr_line' id='line_1_17' title="bbox 429 1013 1829 1072; baseline -0.003 -14"><span class='ocrx_word' id='word_1_112' title='bbox 429 1018 534 1058; x_wconf 87' lang='lat' dir='ltr'><strong>iilud</strong></span> <span class='ocrx_word' id='word_1_113' title='bbox 555 1017 729 1066; x_wconf 87' lang='lat' dir='ltr'><strong>accedit,</strong></span> <span class='ocrx_word' id='word_1_114' title='bbox 752 1033 805 1058; x_wconf 87' lang='lat' dir='ltr'><strong>ne</strong></span> <span class='ocrx_word' id='word_1_115' title='bbox 832 1026 917 1058; x_wconf 90' lang='lat' dir='ltr'><strong>tam</strong></span> <span class='ocrx_word' id='word_1_116' title='bbox 942 1016 1052 1057; x_wconf 88' lang='lat' dir='ltr'><strong>clara</strong></span> <span class='ocrx_word' id='word_1_117' title='bbox 1074 1031 1218 1072; x_wconf 81' lang='lat' dir='ltr'><strong>pugna</strong></span> <span class='ocrx_word' id='word_1_118' title='bbox 1242 1017 1286 1056; x_wconf 92' lang='lat' dir='ltr'><strong>in</strong></span> <span class='ocrx_word' id='word_1_119' title='bbox 1311 1031 1407 1056; x_wconf 91' lang='lat' dir='ltr'><strong>eum</strong></span> <span class='ocrx_word' id='word_1_120' title='bbox 1434 1030 1592 1056; x_wconf 88' lang='lat' dir='ltr'><strong>annum</strong></span> <span class='ocrx_word' id='word_1_121' title='bbox 1617 1013 1829 1055; x_wconf 86' lang='lat' dir='ltr'><strong>transferri</strong></span> 
     </span>
     <span class='ocr_line' id='line_1_18' title="bbox 428 1071 1827 1131; baseline -0.003 -16"><span class='ocrx_word' id='word_1_122' title='bbox 428 1084 580 1131; x_wconf 88' lang='lat' dir='ltr'><strong>posset,</strong></span> <span class='ocrx_word' id='word_1_123' title='bbox 604 1075 720 1130; x_wconf 90' lang='lat' dir='ltr'><strong>quod</strong></span> <span class='ocrx_word' id='word_1_124' title='bbox 744 1074 911 1115; x_wconf 88' lang='lat' dir='ltr'><strong>imbelle</strong></span> <span class='ocrx_word' id='word_1_125' title='bbox 938 1074 1167 1115; x_wconf 85' lang='lat' dir='ltr'><strong>triennium</strong></span> <span class='ocrx_word' id='word_1_126' title='bbox 1188 1074 1317 1114; x_wconf 90' lang='lat' dir='ltr'><strong>ferme</strong></span> <span class='ocrx_word' id='word_1_127' title='bbox 1343 1073 1582 1129; x_wconf 88' lang='lat' dir='ltr'><strong>pestilentia</strong></span> <span class='ocrx_word' id='word_1_128' title='bbox 1601 1071 1827 1127; x_wconf 88' lang='lat' dir='ltr'><strong>inopiaque</strong></span> 
     </span>
     <span class='ocr_line' id='line_1_19' title="bbox 429 1128 1829 1188; baseline -0.002 -16"><span class='ocrx_word' id='word_1_129' title='bbox 429 1133 597 1188; x_wconf 80' lang='lat' dir='ltr'><strong>frugum</strong></span> <span class='ocrx_word' id='word_1_130' title='bbox 619 1132 730 1173; x_wconf 88' lang='lat' dir='ltr'><strong>circa</strong></span> <span class='ocrx_word' id='word_1_131' title='bbox 752 1132 804 1173; x_wconf 93' lang='lat' dir='ltr'><strong>A.</strong></span> <span class='ocrx_word' id='word_1_132' title='bbox 825 1131 1073 1173; x_wconf 86' lang='lat' dir='ltr'><strong>Cornelium</strong></span> <span class='ocrx_word' id='word_1_133' title='bbox 1095 1131 1308 1172; x_wconf 90' lang='lat' dir='ltr'><strong>consulem</strong></span> <span class='ocrx_word' id='word_1_134' title='bbox 1330 1131 1433 1171; x_wconf 88' lang='lat' dir='ltr'><strong>fuit:</strong></span> <span class='ocrx_word' id='word_1_135' title='bbox 1466 1130 1570 1171; x_wconf 90' lang='lat' dir='ltr'><strong>adeo</strong></span> <span class='ocrx_word' id='word_1_136' title='bbox 1592 1138 1640 1170; x_wconf 89' lang='lat' dir='ltr'><strong>ut</strong></span> <span class='ocrx_word' id='word_1_137' title='bbox 1656 1128 1829 1185; x_wconf 88' lang='lat' dir='ltr'><strong>quidam</strong></span> 
     </span>
     <span class='ocr_line' id='line_1_20' title="bbox 430 1186 1830 1244; baseline -0.002 -14"><span class='ocrx_word' id='word_1_138' title='bbox 430 1189 614 1239; x_wconf 88' lang='lat' dir='ltr'><strong>annales,</strong></span> <span class='ocrx_word' id='word_1_139' title='bbox 636 1189 752 1230; x_wconf 87' lang='lat' dir='ltr'><strong>velut</strong></span> <span class='ocrx_word' id='word_1_140' title='bbox 778 1189 946 1238; x_wconf 88' lang='lat' dir='ltr'><strong>funesti,</strong></span> <span class='ocrx_word' id='word_1_141' title='bbox 969 1188 1074 1229; x_wconf 90' lang='lat' dir='ltr'><strong>nihil</strong></span> <span class='ocrx_word' id='word_1_142' title='bbox 1102 1197 1266 1244; x_wconf 88' lang='lat' dir='ltr'><strong>praeter</strong></span> <span class='ocrx_word' id='word_1_143' title='bbox 1291 1188 1463 1229; x_wconf 87' lang='lat' dir='ltr'><strong>nomina</strong></span> <span class='ocrx_word' id='word_1_144' title='bbox 1488 1186 1708 1228; x_wconf 91' lang='lat' dir='ltr'><strong>consulum</strong></span> <span class='ocrx_word' id='word_1_145' title='bbox 1732 1200 1830 1242; x_wconf 85' lang='lat' dir='ltr'><strong>sug-</strong></span> 
     </span>
    </p>
   </div>
   <div class='ocr_carea' id='block_1_4' title="bbox 430 1350 1116 2955">
    <p class='ocr_par' dir='ltr' id='par_1_4' title="bbox 430 1350 1109 1466">
     <span class='ocr_line' id='line_1_21' title="bbox 430 1350 1109 1389; baseline -0.003 -8"><span class='ocrx_word' id='word_1_146' title='bbox 430 1353 513 1381; x_wconf 80' lang='lat' dir='ltr'><strong>Iano</strong></span> <span class='ocrx_word' id='word_1_147' title='bbox 526 1352 664 1387; x_wconf 79' lang='lat' dir='ltr'><strong>Quirino</strong></span> <span class='ocrx_word' id='word_1_148' title='bbox 680 1361 800 1389; x_wconf 73' lang='lat' dir='ltr'><strong>(tynum</strong></span> <span class='ocrx_word' id='word_1_149' title='bbox 816 1354 948 1381; x_wconf 77' lang='lat' dir='ltr'><strong>matrem</strong></span> <span class='ocrx_word' id='word_1_150' title='bbox 970 1350 1109 1380; x_wconf 74' lang='lat' dir='ltr'><strong>caedito:</strong></span> 
     </span>
     <span class='ocr_line' id='line_1_22' title="bbox 430 1394 1109 1433; baseline -0.001 -10"><span class='ocrx_word' id='word_1_151' title='bbox 430 1394 486 1433; x_wconf 74' lang='lat' dir='ltr'><strong>qui</strong></span> <span class='ocrx_word' id='word_1_152' title='bbox 511 1394 605 1433; x_wconf 78' lang='lat' dir='ltr'><strong>cepit,</strong></span> <span class='ocrx_word' id='word_1_153' title='bbox 626 1394 710 1424; x_wconf 81' lang='lat' dir='ltr'><strong>aeris</strong></span> <span class='ocrx_word' id='word_1_154' title='bbox 734 1398 862 1424; x_wconf 81' lang='lat' dir='ltr'><strong>centum</strong></span> <span class='ocrx_word' id='word_1_155' title='bbox 885 1394 995 1423; x_wconf 76' lang='lat' dir='ltr'><strong>darier</strong></span> <span class='ocrx_word' id='word_1_156' title='bbox 1020 1403 1109 1432; x_wconf 83' lang='lat' dir='ltr'><strong>opor-</strong></span> 
     </span>
     <span class='ocr_line' id='line_1_23' title="bbox 431 1437 530 1466; baseline 0 0"><span class='ocrx_word' id='word_1_157' title='bbox 431 1437 530 1466; x_wconf 80' lang='lat' dir='ltr'><strong>teto.”</strong></span> 
     </span>
    </p>

    <p class='ocr_par' dir='ltr' id='par_1_5' title="bbox 432 1477 1111 1897">
     <span class='ocr_line' id='line_1_24' title="bbox 477 1477 1110 1517; baseline -0.003 -9"><span class='ocrx_word' id='word_1_158' title='bbox 477 1487 494 1516; x_wconf 82' lang='grc'>3</span> <span class='ocrx_word' id='word_1_159' title='bbox 517 1479 589 1508; x_wconf 70' lang='grc' dir='ltr'><em>ῘῙοσ</em></span> <span class='ocrx_word' id='word_1_160' title='bbox 604 1489 660 1516; x_wconf 78' lang='lat' dir='ltr'><strong>eyo</strong></span> <span class='ocrx_word' id='word_1_161' title='bbox 676 1488 774 1517; x_wconf 82' lang='lat' dir='ltr'><strong>quum</strong></span> <span class='ocrx_word' id='word_1_162' title='bbox 791 1479 993 1517; x_wconf 62' lang='lat' dir='ltr'><strong>Augustam]</strong></span> <span class='ocrx_word' id='word_1_163' title='bbox 1015 1477 1110 1507; x_wconf 85' lang='lat' dir='ltr'><strong>Haec</strong></span> 
     </span>
     <span class='ocr_line' id='line_1_25' title="bbox 433 1520 1111 1559; baseline -0.001 -9"><span class='ocrx_word' id='word_1_164' title='bbox 433 1521 530 1550; x_wconf 74' lang='lat' dir='ltr'><strong>verba</strong></span> <span class='ocrx_word' id='word_1_165' title='bbox 546 1524 578 1549; x_wconf 91' lang='lat' dir='ltr'><strong>et</strong></span> <span class='ocrx_word' id='word_1_166' title='bbox 594 1520 763 1558; x_wconf 81' lang='lat' dir='ltr'><strong>sequentia</strong></span> <span class='ocrx_word' id='word_1_167' title='bbox 779 1530 880 1558; x_wconf 88' lang='lat' dir='ltr'><strong>usque</strong></span> <span class='ocrx_word' id='word_1_168' title='bbox 892 1521 933 1550; x_wconf 84' lang='lat' dir='ltr'><strong>ad</strong></span> <span class='ocrx_word' id='word_1_169' title='bbox 945 1521 1111 1559; x_wconf 79' lang='lat' dir='ltr'><strong>scripserit</strong></span> 
     </span>
     <span class='ocr_line' id='line_1_26' title="bbox 434 1562 1110 1600; baseline 0 -9"><span class='ocrx_word' id='word_1_170' title='bbox 434 1562 546 1592; x_wconf 83' lang='lat' dir='ltr'><strong>Livius</strong></span> <span class='ocrx_word' id='word_1_171' title='bbox 560 1562 665 1592; x_wconf 87' lang='lat' dir='ltr'><strong>iudice</strong></span> <span class='ocrx_word' id='word_1_172' title='bbox 680 1562 872 1599; x_wconf 84' lang='lat' dir='ltr'><strong>Niebuhrio,</strong></span> <span class='ocrx_word' id='word_1_173' title='bbox 884 1566 1039 1600; x_wconf 82' lang='lat' dir='ltr'><strong>tanquam</strong></span> <span class='ocrx_word' id='word_1_174' title='bbox 1056 1572 1110 1592; x_wconf 92' lang='lat' dir='ltr'><strong>an-</strong></span> 
     </span>
     <span class='ocr_line' id='line_1_27' title="bbox 433 1604 1110 1643; baseline -0.003 -8"><span class='ocrx_word' id='word_1_175' title='bbox 433 1604 646 1641; x_wconf 80' lang='lat' dir='ltr'><strong>notationem,</strong></span> <span class='ocrx_word' id='word_1_176' title='bbox 669 1604 831 1643; x_wconf 85' lang='lat' dir='ltr'><strong>apposuit,</strong></span> <span class='ocrx_word' id='word_1_177' title='bbox 856 1608 1024 1643; x_wconf 83' lang='lat' dir='ltr'><strong>postquam</strong></span> <span class='ocrx_word' id='word_1_178' title='bbox 1046 1605 1110 1634; x_wconf 83' lang='lat' dir='ltr'><strong>Au-</strong></span> 
     </span>
     <span class='ocr_line' id='line_1_28' title="bbox 432 1646 1110 1687; baseline -0.001 -10"><span class='ocrx_word' id='word_1_179' title='bbox 432 1651 544 1687; x_wconf 85' lang='lat' dir='ltr'><strong>gustus</strong></span> <span class='ocrx_word' id='word_1_180' title='bbox 562 1646 680 1676; x_wconf 87' lang='lat' dir='ltr'><strong>librum</strong></span> <span class='ocrx_word' id='word_1_181' title='bbox 703 1647 789 1676; x_wconf 87' lang='lat' dir='ltr'><strong>hunc</strong></span> <span class='ocrx_word' id='word_1_182' title='bbox 807 1647 969 1676; x_wconf 78' lang='lat' dir='ltr'><strong>evolverat</strong></span> <span class='ocrx_word' id='word_1_183' title='bbox 986 1650 1016 1676; x_wconf 83' lang='lat' dir='ltr'><strong>et</strong></span> <span class='ocrx_word' id='word_1_184' title='bbox 1034 1647 1110 1677; x_wconf 80' lang='lat' dir='ltr'><strong>Cos-</strong></span> 
     </span>
     <span class='ocr_line' id='line_1_29' title="bbox 434 1688 1111 1728; baseline -0.003 -9"><span class='ocrx_word' id='word_1_185' title='bbox 434 1700 468 1719; x_wconf 89' lang='lat' dir='ltr'><strong>so</strong></span> <span class='ocrx_word' id='word_1_186' title='bbox 486 1689 609 1719; x_wconf 89' lang='lat' dir='ltr'><strong>consuli</strong></span> <span class='ocrx_word' id='word_1_187' title='bbox 629 1688 804 1728; x_wconf 87' lang='lat' dir='ltr'><strong>spoliorum</strong></span> <span class='ocrx_word' id='word_1_188' title='bbox 828 1699 860 1718; x_wconf 92' lang='lat' dir='ltr'><strong>se</strong></span> <span class='ocrx_word' id='word_1_189' title='bbox 881 1692 996 1718; x_wconf 88' lang='lat' dir='ltr'><strong>testem</strong></span> <span class='ocrx_word' id='word_1_190' title='bbox 1021 1699 1111 1727; x_wconf 86' lang='lat' dir='ltr'><strong>prae-</strong></span> 
     </span>
     <span class='ocr_line' id='line_1_30' title="bbox 434 1730 1111 1770; baseline -0.003 -8"><span class='ocrx_word' id='word_1_191' title='bbox 434 1733 557 1762; x_wconf 86' lang='lat' dir='ltr'><strong>buerat.</strong></span> <span class='ocrx_word' id='word_1_192' title='bbox 613 1731 776 1761; x_wconf 89' lang='lat' dir='ltr'><strong>Diodorus</strong></span> <span class='ocrx_word' id='word_1_193' title='bbox 802 1731 856 1762; x_wconf 80' lang='lat' dir='ltr'><strong>xii.</strong></span> <span class='ocrx_word' id='word_1_194' title='bbox 888 1732 937 1768; x_wconf 87' lang='lat'><strong>18,</strong></span> <span class='ocrx_word' id='word_1_195' title='bbox 965 1730 1019 1770; x_wconf 87' lang='lat' dir='ltr'><strong>qui</strong></span> <span class='ocrx_word' id='word_1_196' title='bbox 1051 1731 1111 1760; x_wconf 81' lang='lat' dir='ltr'><strong>Fa-</strong></span> 
     </span>
     <span class='ocr_line' id='line_1_31' title="bbox 434 1772 1111 1813; baseline -0.003 -9"><span class='ocrx_word' id='word_1_197' title='bbox 434 1774 524 1804; x_wconf 87' lang='lat' dir='ltr'><strong>bium</strong></span> <span class='ocrx_word' id='word_1_198' title='bbox 559 1773 712 1813; x_wconf 79' lang='lat' dir='ltr'><strong>sequitur,</strong></span> <span class='ocrx_word' id='word_1_199' title='bbox 744 1774 878 1803; x_wconf 87' lang='lat' dir='ltr'><strong>minime</strong></span> <span class='ocrx_word' id='word_1_200' title='bbox 913 1783 986 1803; x_wconf 90' lang='lat' dir='ltr'><strong>cum</strong></span> <span class='ocrx_word' id='word_1_201' title='bbox 1019 1772 1111 1802; x_wconf 74' lang='lat' dir='ltr'><strong>Livio</strong></span> 
     </span>
     <span class='ocr_line' id='line_1_32' title="bbox 437 1815 1110 1846; baseline -0.001 0"><span class='ocrx_word' id='word_1_202' title='bbox 437 1816 605 1846; x_wconf 81' lang='lat' dir='ltr'><strong>consentit.</strong></span> <span class='ocrx_word' id='word_1_203' title='bbox 639 1816 677 1846; x_wconf 90' lang='lat' dir='ltr'><strong>cf.</strong></span> <span class='ocrx_word' id='word_1_204' title='bbox 704 1816 840 1846; x_wconf 88' lang='lat' dir='ltr'><strong>Niebhr.</strong></span> <span class='ocrx_word' id='word_1_205' title='bbox 864 1815 895 1846; x_wconf 90' lang='lat' dir='ltr'><strong>ii.</strong></span> <span class='ocrx_word' id='word_1_206' title='bbox 924 1820 990 1846; x_wconf 89' lang='lat' dir='ltr'><strong>not.</strong></span> <span class='ocrx_word' id='word_1_207' title='bbox 1021 1825 1110 1846; x_wconf 91' lang='lat'><strong>1011.</strong></span> 
     </span>
     <span class='ocr_line' id='line_1_33' title="bbox 437 1858 805 1897; baseline 0 -9"><span class='ocrx_word' id='word_1_208' title='bbox 437 1858 667 1889; x_wconf 86' lang='lat' dir='ltr'><strong>Waehsmuth.</strong></span> <span class='ocrx_word' id='word_1_209' title='bbox 686 1869 716 1897; x_wconf 93' lang='lat' dir='ltr'><strong>p.</strong></span> <span class='ocrx_word' id='word_1_210' title='bbox 734 1868 805 1896; x_wconf 76' lang='lat'><strong>412.</strong></span> 
     </span>
    </p>

    <p class='ocr_par' dir='ltr' id='par_1_6' title="bbox 437 1901 1116 2955">
     <span class='ocr_line' id='line_1_34' title="bbox 480 1901 1112 1939; baseline -0.003 -8"><span class='ocrx_word' id='word_1_211' title='bbox 480 1913 499 1939; x_wconf 92' lang='lat'>4</span> <span class='ocrx_word' id='word_1_212' title='bbox 524 1903 585 1937; x_wconf 73' lang='lat' dir='ltr'><strong>Qui</strong></span> <span class='ocrx_word' id='word_1_213' title='bbox 601 1902 646 1938; x_wconf 80' lang='lat' dir='ltr'><strong>si]</strong></span> <span class='ocrx_word' id='word_1_214' title='bbox 676 1901 764 1931; x_wconf 89' lang='lat' dir='ltr'><strong>Huic</strong></span> <span class='ocrx_word' id='word_1_215' title='bbox 780 1901 852 1930; x_wconf 90' lang='lat' dir='ltr'><strong>loco</strong></span> <span class='ocrx_word' id='word_1_216' title='bbox 869 1911 986 1939; x_wconf 85' lang='lat' dir='ltr'><strong>magna</strong></span> <span class='ocrx_word' id='word_1_217' title='bbox 1002 1902 1112 1930; x_wconf 79' lang='lat' dir='ltr'><strong>obscu-</strong></span> 
     </span>
     <span class='ocr_line' id='line_1_35' title="bbox 437 1942 1112 1982; baseline -0.001 -9"><span class='ocrx_word' id='word_1_218' title='bbox 437 1943 524 1973; x_wconf 76' lang='lat' dir='ltr'><strong>ritas‘</strong></span> <span class='ocrx_word' id='word_1_219' title='bbox 537 1944 630 1980; x_wconf 83' lang='lat' dir='ltr'><strong>inest,</strong></span> <span class='ocrx_word' id='word_1_220' title='bbox 654 1947 686 1973; x_wconf 88' lang='lat' dir='ltr'><strong>et</strong></span> <span class='ocrx_word' id='word_1_221' title='bbox 709 1943 840 1973; x_wconf 83' lang='lat' dir='ltr'><strong>fortasse</strong></span> <span class='ocrx_word' id='word_1_222' title='bbox 863 1944 903 1973; x_wconf 86' lang='lat' dir='ltr'><strong>ab</strong></span> <span class='ocrx_word' id='word_1_223' title='bbox 926 1943 996 1982; x_wconf 80' lang='lat' dir='ltr'><strong>ipso</strong></span> <span class='ocrx_word' id='word_1_224' title='bbox 1021 1942 1112 1973; x_wconf 83' lang='lat' dir='ltr'><strong>Livio</strong></span> 
     </span>
     <span class='ocr_line' id='line_1_36' title="bbox 437 1985 1113 2024; baseline -0.003 -8"><span class='ocrx_word' id='word_1_225' title='bbox 437 1986 601 2023; x_wconf 78' lang='lat' dir='ltr'><strong>affectata,</strong></span> <span class='ocrx_word' id='word_1_226' title='bbox 617 1986 694 2015; x_wconf 88' lang='lat' dir='ltr'><strong>dum</strong></span> <span class='ocrx_word' id='word_1_227' title='bbox 712 1986 781 2015; x_wconf 79' lang='lat' dir='ltr'><strong>vult</strong></span> <span class='ocrx_word' id='word_1_228' title='bbox 803 1985 848 2015; x_wconf 86' lang='lat' dir='ltr'><strong>ita</strong></span> <span class='ocrx_word' id='word_1_229' title='bbox 871 1986 1016 2024; x_wconf 75' lang='lat' dir='ltr'><strong>Augusto</strong></span> <span class='ocrx_word' id='word_1_230' title='bbox 1041 1996 1113 2015; x_wconf 89' lang='lat' dir='ltr'><strong>con-</strong></span> 
     </span>
     <span class='ocr_line' id='line_1_37' title="bbox 437 2027 1114 2064; baseline -0.001 -6"><span class='ocrx_word' id='word_1_231' title='bbox 437 2033 486 2058; x_wconf 86' lang='lat' dir='ltr'><strong>tra.</strong></span> <span class='ocrx_word' id='word_1_232' title='bbox 510 2028 554 2058; x_wconf 91' lang='lat' dir='ltr'><strong>rei</strong></span> <span class='ocrx_word' id='word_1_233' title='bbox 577 2027 742 2058; x_wconf 81' lang='lat' dir='ltr'><strong>veritatem</strong></span> <span class='ocrx_word' id='word_1_234' title='bbox 768 2027 934 2064; x_wconf 82' lang='lat' dir='ltr'><strong>assentari,</strong></span> <span class='ocrx_word' id='word_1_235' title='bbox 950 2031 986 2057; x_wconf 89' lang='lat' dir='ltr'><strong>ut</strong></span> <span class='ocrx_word' id='word_1_236' title='bbox 1005 2031 1114 2057; x_wconf 86' lang='lat' dir='ltr'><strong>tamen</strong></span> 
     </span>
     <span class='ocr_line' id='line_1_38' title="bbox 437 2070 1114 2109; baseline -0.001 -9"><span class='ocrx_word' id='word_1_237' title='bbox 437 2070 631 2109; x_wconf 83' lang='lat' dir='ltr'><strong>intelligenti</strong></span> <span class='ocrx_word' id='word_1_238' title='bbox 655 2074 687 2100; x_wconf 86' lang='lat' dir='ltr'><strong>et</strong></span> <span class='ocrx_word' id='word_1_239' title='bbox 710 2074 835 2100; x_wconf 83' lang='lat' dir='ltr'><strong>attento</strong></span> <span class='ocrx_word' id='word_1_240' title='bbox 852 2070 962 2100; x_wconf 88' lang='lat' dir='ltr'><strong>lectori</strong></span> <span class='ocrx_word' id='word_1_241' title='bbox 979 2071 1114 2100; x_wconf 87' lang='lat' dir='ltr'><strong>subodo-</strong></span> 
     </span>
     <span class='ocr_line' id='line_1_39' title="bbox 437 2112 1115 2152; baseline 0 -10"><span class='ocrx_word' id='word_1_242' title='bbox 437 2113 574 2143; x_wconf 85' lang='lat' dir='ltr'><strong>randum</strong></span> <span class='ocrx_word' id='word_1_243' title='bbox 612 2112 785 2151; x_wconf 89' lang='lat' dir='ltr'><strong>relinquat,</strong></span> <span class='ocrx_word' id='word_1_244' title='bbox 816 2112 891 2152; x_wconf 85' lang='lat' dir='ltr'><strong>quid</strong></span> <span class='ocrx_word' id='word_1_245' title='bbox 927 2112 996 2152; x_wconf 90' lang='lat' dir='ltr'><strong>ipse</strong></span> <span class='ocrx_word' id='word_1_246' title='bbox 1027 2113 1115 2152; x_wconf 87' lang='lat' dir='ltr'><strong>apud</strong></span> 
     </span>
     <span class='ocr_line' id='line_1_40' title="bbox 438 2155 1115 2194; baseline 0 -10"><span class='ocrx_word' id='word_1_247' title='bbox 438 2155 583 2185; x_wconf 83' lang='lat' dir='ltr'><strong>animum</strong></span> <span class='ocrx_word' id='word_1_248' title='bbox 601 2165 693 2185; x_wconf 87' lang='lat' dir='ltr'><strong>suum</strong></span> <span class='ocrx_word' id='word_1_249' title='bbox 711 2155 837 2186; x_wconf 82' lang='lat' dir='ltr'><strong>sentiat.</strong></span> <span class='ocrx_word' id='word_1_250' title='bbox 874 2155 968 2185; x_wconf 84' lang='lat' dir='ltr'><strong>Haec</strong></span> <span class='ocrx_word' id='word_1_251' title='bbox 985 2165 1058 2194; x_wconf 81' lang='lat' dir='ltr'><strong>ergo</strong></span> <span class='ocrx_word' id='word_1_252' title='bbox 1072 2155 1115 2185; x_wconf 88' lang='lat' dir='ltr'><strong>vi-</strong></span> 
     </span>
     <span class='ocr_line' id='line_1_41' title="bbox 439 2197 1115 2228; baseline 0 -1"><span class='ocrx_word' id='word_1_253' title='bbox 439 2198 534 2228; x_wconf 88' lang='lat' dir='ltr'><strong>detur</strong></span> <span class='ocrx_word' id='word_1_254' title='bbox 563 2207 630 2227; x_wconf 90' lang='lat' dir='ltr'><strong>esse</strong></span> <span class='ocrx_word' id='word_1_255' title='bbox 659 2197 755 2227; x_wconf 88' lang='lat' dir='ltr'><strong>huius</strong></span> <span class='ocrx_word' id='word_1_256' title='bbox 792 2197 1021 2227; x_wconf 83' lang='lat' dir='ltr'><strong>intricatissimi</strong></span> <span class='ocrx_word' id='word_1_257' title='bbox 1052 2197 1115 2227; x_wconf 88' lang='lat' dir='ltr'><strong>loci</strong></span> 
     </span>
     <span class='ocr_line' id='line_1_42' title="bbox 439 2239 1115 2278; baseline -0.001 -8"><span class='ocrx_word' id='word_1_258' title='bbox 439 2239 607 2270; x_wconf 84' lang='lat' dir='ltr'><strong>sententia.</strong></span> <span class='ocrx_word' id='word_1_259' title='bbox 659 2240 723 2270; x_wconf 88' lang='lat' dir='ltr'><strong>Pro</strong></span> <span class='ocrx_word' id='word_1_260' title='bbox 755 2243 840 2269; x_wconf 86' lang='lat' dir='ltr'><strong>certo</strong></span> <span class='ocrx_word' id='word_1_261' title='bbox 871 2240 963 2278; x_wconf 86' lang='lat' dir='ltr'><strong>ponit</strong></span> <span class='ocrx_word' id='word_1_262' title='bbox 994 2239 1115 2276; x_wconf 76' lang='lat' dir='ltr'><strong>Livius,</strong></span> 
     </span>
     <span class='ocr_line' id='line_1_43' title="bbox 438 2281 1115 2321; baseline -0.001 -9"><span class='ocrx_word' id='word_1_263' title='bbox 438 2292 503 2312; x_wconf 93' lang='lat' dir='ltr'><strong>non</strong></span> <span class='ocrx_word' id='word_1_264' title='bbox 521 2292 560 2312; x_wconf 88' lang='lat' dir='ltr'><strong>ex</strong></span> <span class='ocrx_word' id='word_1_265' title='bbox 584 2292 641 2312; x_wconf 86' lang='lat' dir='ltr'><strong>sua</strong></span> <span class='ocrx_word' id='word_1_266' title='bbox 663 2281 828 2319; x_wconf 84' lang='lat' dir='ltr'><strong>nimirum,</strong></span> <span class='ocrx_word' id='word_1_267' title='bbox 844 2282 900 2311; x_wconf 90' lang='lat' dir='ltr'><strong>sed</strong></span> <span class='ocrx_word' id='word_1_268' title='bbox 922 2292 961 2311; x_wconf 85' lang='lat' dir='ltr'><strong>ex</strong></span> <span class='ocrx_word' id='word_1_269' title='bbox 979 2282 1115 2321; x_wconf 84' lang='lat' dir='ltr'><strong>Augusti</strong></span> 
     </span>
     <span class='ocr_line' id='line_1_44' title="bbox 440 2324 1114 2363; baseline 0 -9"><span class='ocrx_word' id='word_1_270' title='bbox 440 2328 560 2362; x_wconf 84' lang='lat' dir='ltr'><strong>mente,</strong></span> <span class='ocrx_word' id='word_1_271' title='bbox 581 2324 685 2363; x_wconf 87' lang='lat' dir='ltr'><strong>spolia</strong></span> <span class='ocrx_word' id='word_1_272' title='bbox 709 2324 819 2363; x_wconf 88' lang='lat' dir='ltr'><strong>opima</strong></span> <span class='ocrx_word' id='word_1_273' title='bbox 842 2324 977 2355; x_wconf 85' lang='lat' dir='ltr'><strong>Cossum</strong></span> <span class='ocrx_word' id='word_1_274' title='bbox 1004 2335 1114 2354; x_wconf 89' lang='lat' dir='ltr'><strong>consu-</strong></span> 
     </span>
     <span class='ocr_line' id='line_1_45' title="bbox 440 2366 1114 2406; baseline -0.001 -10"><span class='ocrx_word' id='word_1_275' title='bbox 440 2367 504 2397; x_wconf 91' lang='lat' dir='ltr'><strong>lem</strong></span> <span class='ocrx_word' id='word_1_276' title='bbox 536 2367 667 2406; x_wconf 86' lang='lat' dir='ltr'><strong>cepisse.</strong></span> <span class='ocrx_word' id='word_1_277' title='bbox 720 2367 783 2397; x_wconf 90' lang='lat' dir='ltr'><strong>Sed</strong></span> <span class='ocrx_word' id='word_1_278' title='bbox 814 2376 914 2405; x_wconf 89' lang='lat' dir='ltr'><strong>quum</strong></span> <span class='ocrx_word' id='word_1_279' title='bbox 945 2366 1114 2405; x_wconf 85' lang='lat' dir='ltr'><strong>scriptores</strong></span> 
     </span>
     <span class='ocr_line' id='line_1_46' title="bbox 440 2408 1115 2448; baseline -0.001 -9"><span class='ocrx_word' id='word_1_280' title='bbox 440 2419 552 2439; x_wconf 88' lang='lat' dir='ltr'><strong>omnes</strong></span> <span class='ocrx_word' id='word_1_281' title='bbox 582 2409 614 2439; x_wconf 94' lang='lat' dir='ltr'><strong>in</strong></span> <span class='ocrx_word' id='word_1_282' title='bbox 644 2409 731 2439; x_wconf 84' lang='lat' dir='ltr'><strong>hunc</strong></span> <span class='ocrx_word' id='word_1_283' title='bbox 762 2419 883 2439; x_wconf 85' lang='lat' dir='ltr'><strong>annum</strong></span> <span class='ocrx_word' id='word_1_284' title='bbox 914 2408 1017 2448; x_wconf 84' lang='lat' dir='ltr'><strong>spolia</strong></span> <span class='ocrx_word' id='word_1_285' title='bbox 1047 2408 1115 2438; x_wconf 90' lang='lat' dir='ltr'><strong>eius</strong></span> 
     </span>
     <span class='ocr_line' id='line_1_47' title="bbox 440 2450 1114 2491; baseline -0.001 -10"><span class='ocrx_word' id='word_1_286' title='bbox 440 2452 559 2491; x_wconf 87' lang='lat' dir='ltr'><strong>opima,</strong></span> <span class='ocrx_word' id='word_1_287' title='bbox 586 2451 619 2481; x_wconf 92' lang='lat' dir='ltr'><strong>in</strong></span> <span class='ocrx_word' id='word_1_288' title='bbox 648 2461 781 2489; x_wconf 88' lang='lat' dir='ltr'><strong>nonum,</strong></span> <span class='ocrx_word' id='word_1_289' title='bbox 807 2451 872 2481; x_wconf 74' lang='lat' dir='ltr'><strong>sive</strong></span> <span class='ocrx_word' id='word_1_290' title='bbox 900 2451 1007 2490; x_wconf 90' lang='lat' dir='ltr'><strong>potius</strong></span> <span class='ocrx_word' id='word_1_291' title='bbox 1031 2450 1114 2480; x_wconf 86' lang='lat' dir='ltr'><strong>deci-</strong></span> 
     </span>
     <span class='ocr_line' id='line_1_48' title="bbox 437 2493 1115 2533; baseline -0.001 -10"><span class='ocrx_word' id='word_1_292' title='bbox 437 2502 530 2524; x_wconf 83' lang='lat' dir='ltr'><strong>mum</strong></span> <span class='ocrx_word' id='word_1_293' title='bbox 554 2497 626 2533; x_wconf 86' lang='lat' dir='ltr'><strong>post</strong></span> <span class='ocrx_word' id='word_1_294' title='bbox 650 2504 772 2524; x_wconf 88' lang='lat' dir='ltr'><strong>annum</strong></span> <span class='ocrx_word' id='word_1_295' title='bbox 800 2493 942 2523; x_wconf 85' lang='lat' dir='ltr'><strong>eiusdem</strong></span> <span class='ocrx_word' id='word_1_296' title='bbox 971 2493 1115 2523; x_wconf 85' lang='lat' dir='ltr'><strong>consula-</strong></span> 
     </span>
     <span class='ocr_line' id='line_1_49' title="bbox 440 2535 1115 2573; baseline -0.001 -7"><span class='ocrx_word' id='word_1_297' title='bbox 440 2540 509 2566; x_wconf 87' lang='lat' dir='ltr'><strong>tum</strong></span> <span class='ocrx_word' id='word_1_298' title='bbox 538 2537 727 2573; x_wconf 78' lang='lat' dir='ltr'><strong>conferant3</strong></span> <span class='ocrx_word' id='word_1_299' title='bbox 753 2535 784 2566; x_wconf 91' lang='lat' dir='ltr'><strong>in</strong></span> <span class='ocrx_word' id='word_1_300' title='bbox 812 2536 967 2565; x_wconf 87' lang='lat' dir='ltr'><strong>alterutro</strong></span> <span class='ocrx_word' id='word_1_301' title='bbox 994 2545 1115 2565; x_wconf 82' lang='lat' dir='ltr'><strong>errave-</strong></span> 
     </span>
     <span class='ocr_line' id='line_1_50' title="bbox 439 2578 1116 2616; baseline -0.001 -8"><span class='ocrx_word' id='word_1_302' title='bbox 439 2579 515 2616; x_wconf 83' lang='lat' dir='ltr'><strong>rint,</strong></span> <span class='ocrx_word' id='word_1_303' title='bbox 530 2589 660 2609; x_wconf 81' lang='lat' dir='ltr'><strong>necesse</strong></span> <span class='ocrx_word' id='word_1_304' title='bbox 677 2582 743 2608; x_wconf 87' lang='lat' dir='ltr'><strong>cst:</strong></span> <span class='ocrx_word' id='word_1_305' title='bbox 770 2582 801 2608; x_wconf 89' lang='lat' dir='ltr'><strong>et</strong></span> <span class='ocrx_word' id='word_1_306' title='bbox 822 2579 872 2608; x_wconf 80' lang='grc'><strong>101</strong></span> <span class='ocrx_word' id='word_1_307' title='bbox 896 2578 928 2608; x_wconf 88' lang='grc'><strong>111</strong></span> <span class='ocrx_word' id='word_1_308' title='bbox 952 2578 1038 2608; x_wconf 84' lang='grc'>1111110</span> <span class='ocrx_word' id='word_1_309' title='bbox 1062 2588 1116 2607; x_wconf 85' lang='grc'>311-</span> 
     </span>
     <span class='ocr_line' id='line_1_51' title="bbox 440 2620 1116 2656; baseline -0.003 -5"><span class='ocrx_word' id='word_1_310' title='bbox 440 2631 517 2651; x_wconf 87' lang='grc'>1111111</span> <span class='ocrx_word' id='word_1_311' title='bbox 535 2621 734 2651; x_wconf 87' lang='lat' dir='ltr'><strong>revocandus</strong></span> <span class='ocrx_word' id='word_1_312' title='bbox 750 2624 797 2651; x_wconf 87' lang='lat' dir='ltr'><strong>cst</strong></span> <span class='ocrx_word' id='word_1_313' title='bbox 813 2620 903 2651; x_wconf 85' lang='lat' dir='ltr'><strong>Cossi</strong></span> <span class='ocrx_word' id='word_1_314' title='bbox 920 2621 1116 2656; x_wconf 85' lang='lat' dir='ltr'><strong>consulatus,</strong></span> 
     </span>
     <span class='ocr_line' id='line_1_52' title="bbox 440 2662 1115 2703; baseline -0.001 -10"><span class='ocrx_word' id='word_1_315' title='bbox 440 2664 490 2693; x_wconf 88' lang='lat' dir='ltr'><strong>vel</strong></span> <span class='ocrx_word' id='word_1_316' title='bbox 511 2663 543 2693; x_wconf 91' lang='lat' dir='ltr'><strong>in</strong></span> <span class='ocrx_word' id='word_1_317' title='bbox 560 2663 722 2693; x_wconf 87' lang='lat' dir='ltr'><strong>decimum</strong></span> <span class='ocrx_word' id='word_1_318' title='bbox 748 2666 819 2703; x_wconf 88' lang='lat' dir='ltr'><strong>post</strong></span> <span class='ocrx_word' id='word_1_319' title='bbox 835 2673 956 2692; x_wconf 90' lang='lat' dir='ltr'><strong>annum</strong></span> <span class='ocrx_word' id='word_1_320' title='bbox 973 2662 1115 2693; x_wconf 79' lang='grc'>101101011-</span> 
     </span>
     <span class='ocr_line' id='line_1_53' title="bbox 441 2704 1116 2745; baseline -0.001 -10"><span class='ocrx_word' id='word_1_321' title='bbox 441 2706 481 2735; x_wconf 85' lang='grc'><strong>(13</strong></span> <span class='ocrx_word' id='word_1_322' title='bbox 504 2705 616 2745; x_wconf 89' lang='lat' dir='ltr'><strong>spolia.</strong></span> <span class='ocrx_word' id='word_1_323' title='bbox 664 2705 785 2736; x_wconf 87' lang='lat' dir='ltr'><strong>Utrum</strong></span> <span class='ocrx_word' id='word_1_324' title='bbox 802 2705 1013 2736; x_wconf 83' lang='lat' dir='ltr'><strong>retrahendus</strong></span> <span class='ocrx_word' id='word_1_325' title='bbox 1029 2705 1068 2735; x_wconf 87' lang='lat' dir='ltr'><strong>sit</strong></span> <span class='ocrx_word' id='word_1_326' title='bbox 1083 2704 1116 2735; x_wconf 90' lang='lat' dir='ltr'><strong>in</strong></span> 
     </span>
     <span class='ocr_line' id='line_1_54' title="bbox 442 2747 1114 2785; baseline 0.003 -9"><span class='ocrx_word' id='word_1_327' title='bbox 442 2747 527 2778; x_wconf 90' lang='lat' dir='ltr'><strong>hunc</strong></span> <span class='ocrx_word' id='word_1_328' title='bbox 543 2758 665 2778; x_wconf 85' lang='lat' dir='ltr'><strong>annum</strong></span> <span class='ocrx_word' id='word_1_329' title='bbox 682 2747 771 2778; x_wconf 90' lang='lat' dir='ltr'><strong>Cossi</strong></span> <span class='ocrx_word' id='word_1_330' title='bbox 789 2748 985 2785; x_wconf 87' lang='lat' dir='ltr'><strong>consulatus,</strong></span> <span class='ocrx_word' id='word_1_331' title='bbox 1000 2747 1033 2777; x_wconf 91' lang='lat' dir='ltr'><strong>in</strong></span> <span class='ocrx_word' id='word_1_332' title='bbox 1049 2757 1114 2778; x_wconf 88' lang='lat' dir='ltr'><strong>me-</strong></span> 
     </span>
     <span class='ocr_line' id='line_1_55' title="bbox 441 2788 1115 2829; baseline 0.004 -12"><span class='ocrx_word' id='word_1_333' title='bbox 441 2788 494 2818; x_wconf 87' lang='lat' dir='ltr'><strong>dio</strong></span> <span class='ocrx_word' id='word_1_334' title='bbox 526 2789 637 2820; x_wconf 89' lang='lat' dir='ltr'><strong>Livius</strong></span> <span class='ocrx_word' id='word_1_335' title='bbox 671 2790 843 2829; x_wconf 86' lang='lat' dir='ltr'><strong>relinquit:</strong></span> <span class='ocrx_word' id='word_1_336' title='bbox 882 2790 915 2820; x_wconf 93' lang='lat' dir='ltr'><strong>in</strong></span> <span class='ocrx_word' id='word_1_337' title='bbox 952 2789 1115 2820; x_wconf 86' lang='lat' dir='ltr'><strong>decimum</strong></span> 
     </span>
     <span class='ocr_line' id='line_1_56' title="bbox 442 2831 1113 2871; baseline 0.004 -12"><span class='ocrx_word' id='word_1_338' title='bbox 442 2834 513 2868; x_wconf 91' lang='lat' dir='ltr'><strong>post</strong></span> <span class='ocrx_word' id='word_1_339' title='bbox 536 2841 657 2861; x_wconf 87' lang='lat' dir='ltr'><strong>annum</strong></span> <span class='ocrx_word' id='word_1_340' title='bbox 676 2832 780 2870; x_wconf 85' lang='lat' dir='ltr'><strong>spolia</strong></span> <span class='ocrx_word' id='word_1_341' title='bbox 797 2832 850 2862; x_wconf 86' lang='lat' dir='ltr'><strong>vix</strong></span> <span class='ocrx_word' id='word_1_342' title='bbox 866 2842 904 2862; x_wconf 88' lang='grc'><strong>30</strong></span> <span class='ocrx_word' id='word_1_343' title='bbox 920 2842 961 2862; x_wconf 84' lang='grc'><strong>110</strong></span> <span class='ocrx_word' id='word_1_344' title='bbox 978 2832 1030 2861; x_wconf 86' lang='lat' dir='ltr'><strong>vix</strong></span> <span class='ocrx_word' id='word_1_345' title='bbox 1046 2831 1113 2871; x_wconf 92' lang='lat' dir='ltr'><strong>qui-</strong></span> 
     </span>
     <span class='ocr_line' id='line_1_57' title="bbox 442 2872 1115 2913; baseline 0.004 -12"><span class='ocrx_word' id='word_1_346' title='bbox 442 2872 515 2901; x_wconf 84' lang='lat' dir='ltr'><strong>dem</strong></span> <span class='ocrx_word' id='word_1_347' title='bbox 542 2873 628 2902; x_wconf 85' lang='lat' dir='ltr'><strong>reiici</strong></span> <span class='ocrx_word' id='word_1_348' title='bbox 657 2884 748 2912; x_wconf 81' lang='lat' dir='ltr'><strong>posse</strong></span> <span class='ocrx_word' id='word_1_349' title='bbox 774 2874 829 2905; x_wconf 87' lang='lat' dir='ltr'><strong>ait.</strong></span> <span class='ocrx_word' id='word_1_350' title='bbox 881 2874 1024 2904; x_wconf 86' lang='lat' dir='ltr'><strong>Deberet</strong></span> <span class='ocrx_word' id='word_1_351' title='bbox 1047 2874 1115 2913; x_wconf 87' lang='lat' dir='ltr'><strong>qui-</strong></span> 
     </span>
     <span class='ocr_line' id='line_1_58' title="bbox 443 2913 1116 2955; baseline 0.004 -12"><span class='ocrx_word' id='word_1_352' title='bbox 443 2913 528 2950; x_wconf 88' lang='lat' dir='ltr'><strong>dem,</strong></span> <span class='ocrx_word' id='word_1_353' title='bbox 548 2923 646 2952; x_wconf 88' lang='lat' dir='ltr'><strong>quum</strong></span> <span class='ocrx_word' id='word_1_354' title='bbox 672 2915 732 2944; x_wconf 87' lang='grc'>1100</span> <span class='ocrx_word' id='word_1_355' title='bbox 756 2916 907 2946; x_wconf 88' lang='lat' dir='ltr'><strong>ultimum</strong></span> <span class='ocrx_word' id='word_1_356' title='bbox 932 2916 999 2947; x_wconf 86' lang='lat' dir='ltr'><strong>fieri</strong></span> <span class='ocrx_word' id='word_1_357' title='bbox 1024 2926 1116 2955; x_wconf 87' lang='lat' dir='ltr'><strong>posse</strong></span> 
     </span>
    </p>
   </div>
   <div class='ocr_carea' id='block_1_5' title="bbox 1154 1348 1835 2905">
    <p class='ocr_par' dir='ltr' id='par_1_7' title="bbox 1154 1348 1835 2786">
     <span class='ocr_line' id='line_1_59' title="bbox 1155 1348 1830 1389; baseline -0.001 -10"><span class='ocrx_word' id='word_1_358' title='bbox 1155 1350 1391 1389; x_wconf 84' lang='lat' dir='ltr'><strong>propemodum</strong></span> <span class='ocrx_word' id='word_1_359' title='bbox 1429 1352 1536 1389; x_wconf 86' lang='lat' dir='ltr'><strong>neget,</strong></span> <span class='ocrx_word' id='word_1_360' title='bbox 1572 1348 1654 1379; x_wconf 90' lang='lat' dir='ltr'><strong>illud</strong></span> <span class='ocrx_word' id='word_1_361' title='bbox 1690 1348 1830 1378; x_wconf 88' lang='lat' dir='ltr'><strong>alterum</strong></span> 
     </span>
     <span class='ocr_line' id='line_1_60' title="bbox 1154 1390 1831 1431; baseline -0.001 -10"><span class='ocrx_word' id='word_1_362' title='bbox 1154 1391 1308 1431; x_wconf 78' lang='lat' dir='ltr'><strong>amplecti</strong></span> <span class='ocrx_word' id='word_1_363' title='bbox 1336 1402 1374 1422; x_wconf 82' lang='lat' dir='ltr'><strong>ac</strong></span> <span class='ocrx_word' id='word_1_364' title='bbox 1401 1402 1459 1431; x_wconf 89' lang='lat' dir='ltr'><strong>pro</strong></span> <span class='ocrx_word' id='word_1_365' title='bbox 1486 1392 1578 1421; x_wconf 83' lang='lat' dir='ltr'><strong>firmo</strong></span> <span class='ocrx_word' id='word_1_366' title='bbox 1603 1391 1708 1422; x_wconf 86' lang='lat' dir='ltr'><strong>tueri:</strong></span> <span class='ocrx_word' id='word_1_367' title='bbox 1732 1390 1831 1430; x_wconf 88' lang='lat' dir='ltr'><strong>idque</strong></span> 
     </span>
     <span class='ocr_line' id='line_1_61' title="bbox 1154 1432 1831 1474; baseline 0 -11"><span class='ocrx_word' id='word_1_368' title='bbox 1154 1435 1267 1474; x_wconf 86' lang='lat' dir='ltr'><strong>procul</strong></span> <span class='ocrx_word' id='word_1_369' title='bbox 1299 1434 1397 1464; x_wconf 86' lang='lat' dir='ltr'><strong>dubio</strong></span> <span class='ocrx_word' id='word_1_370' title='bbox 1432 1434 1572 1472; x_wconf 77' lang='lat' dir='ltr'><strong>fecisset,</strong></span> <span class='ocrx_word' id='word_1_371' title='bbox 1601 1433 1627 1464; x_wconf 88' lang='lat' dir='ltr'><strong>si</strong></span> <span class='ocrx_word' id='word_1_372' title='bbox 1658 1444 1699 1464; x_wconf 88' lang='lat' dir='ltr'><strong>ex</strong></span> <span class='ocrx_word' id='word_1_373' title='bbox 1731 1432 1831 1464; x_wconf 88' lang='lat' dir='ltr'><strong>animi</strong></span> 
     </span>
     <span class='ocr_line' id='line_1_62' title="bbox 1155 1476 1833 1516; baseline -0.001 -9"><span class='ocrx_word' id='word_1_374' title='bbox 1155 1477 1315 1507; x_wconf 85' lang='lat' dir='ltr'><strong>sententia</strong></span> <span class='ocrx_word' id='word_1_375' title='bbox 1326 1478 1471 1516; x_wconf 78' lang='lat' dir='ltr'><strong>Augusto</strong></span> <span class='ocrx_word' id='word_1_376' title='bbox 1484 1487 1629 1507; x_wconf 85' lang='lat' dir='ltr'><strong>assensus</strong></span> <span class='ocrx_word' id='word_1_377' title='bbox 1641 1479 1733 1507; x_wconf 88' lang='lat' dir='ltr'><strong>esset.</strong></span> <span class='ocrx_word' id='word_1_378' title='bbox 1767 1476 1833 1506; x_wconf 89' lang='lat' dir='ltr'><strong>Sed</strong></span> 
     </span>
     <span class='ocr_line' id='line_1_63' title="bbox 1156 1518 1831 1557; baseline 0 -8"><span class='ocrx_word' id='word_1_379' title='bbox 1156 1519 1221 1550; x_wconf 80' lang='lat' dir='ltr'><strong>veri</strong></span> <span class='ocrx_word' id='word_1_380' title='bbox 1246 1519 1276 1549; x_wconf 83' lang='lat' dir='ltr'><strong>vi</strong></span> <span class='ocrx_word' id='word_1_381' title='bbox 1304 1519 1415 1557; x_wconf 85' lang='lat' dir='ltr'><strong>victus,</strong></span> <span class='ocrx_word' id='word_1_382' title='bbox 1440 1529 1507 1549; x_wconf 88' lang='lat' dir='ltr'><strong>rem</strong></span> <span class='ocrx_word' id='word_1_383' title='bbox 1534 1529 1600 1549; x_wconf 91' lang='lat' dir='ltr'><strong>non</strong></span> <span class='ocrx_word' id='word_1_384' title='bbox 1626 1519 1726 1549; x_wconf 86' lang='lat' dir='ltr'><strong>audet</strong></span> <span class='ocrx_word' id='word_1_385' title='bbox 1749 1518 1831 1549; x_wconf 79' lang='lat' dir='ltr'><strong>affir-</strong></span> 
     </span>
     <span class='ocr_line' id='line_1_64' title="bbox 1155 1560 1831 1600; baseline -0.001 -9"><span class='ocrx_word' id='word_1_386' title='bbox 1155 1572 1256 1599; x_wconf 88' lang='lat' dir='ltr'><strong>mare,</strong></span> <span class='ocrx_word' id='word_1_387' title='bbox 1283 1572 1320 1591; x_wconf 88' lang='lat' dir='ltr'><strong>ac</strong></span> <span class='ocrx_word' id='word_1_388' title='bbox 1347 1562 1479 1592; x_wconf 87' lang='lat' dir='ltr'><strong>dubiam</strong></span> <span class='ocrx_word' id='word_1_389' title='bbox 1506 1561 1668 1600; x_wconf 84' lang='lat' dir='ltr'><strong>relinquit.</strong></span> <span class='ocrx_word' id='word_1_390' title='bbox 1712 1562 1760 1599; x_wconf 78' lang='lat' dir='ltr'><strong>Si,</strong></span> <span class='ocrx_word' id='word_1_391' title='bbox 1785 1560 1831 1590; x_wconf 86' lang='lat' dir='ltr'><strong>in-</strong></span> 
     </span>
     <span class='ocr_line' id='line_1_65' title="bbox 1156 1603 1833 1643; baseline -0.001 -9"><span class='ocrx_word' id='word_1_392' title='bbox 1156 1605 1237 1643; x_wconf 87' lang='lat' dir='ltr'><strong>quit,</strong></span> <span class='ocrx_word' id='word_1_393' title='bbox 1252 1604 1272 1635; x_wconf 73' lang='lat' dir='ltr'><strong>i.</strong></span> <span class='ocrx_word' id='word_1_394' title='bbox 1290 1615 1317 1635; x_wconf 89' lang='grc'><strong>0.</strong></span> <span class='ocrx_word' id='word_1_395' title='bbox 1334 1615 1375 1634; x_wconf 90' lang='grc'><strong>311</strong></span> <span class='ocrx_word' id='word_1_396' title='bbox 1396 1616 1434 1635; x_wconf 82' lang='lat' dir='ltr'><strong>ea</strong></span> <span class='ocrx_word' id='word_1_397' title='bbox 1457 1606 1492 1635; x_wconf 78' lang='lat' dir='ltr'><strong>in</strong></span> <span class='ocrx_word' id='word_1_398' title='bbox 1515 1616 1562 1642; x_wconf 85' lang='lat' dir='ltr'><strong>re,</strong></span> <span class='ocrx_word' id='word_1_399' title='bbox 1585 1604 1651 1634; x_wconf 91' lang='lat' dir='ltr'><strong>sive</strong></span> <span class='ocrx_word' id='word_1_400' title='bbox 1673 1603 1707 1634; x_wconf 91' lang='lat' dir='ltr'><strong>in</strong></span> <span class='ocrx_word' id='word_1_401' title='bbox 1731 1613 1769 1634; x_wconf 90' lang='lat' dir='ltr'><strong>eo</strong></span> <span class='ocrx_word' id='word_1_402' title='bbox 1791 1605 1833 1634; x_wconf 79' lang='lat' dir='ltr'><strong>sit</strong></span> 
     </span>
     <span class='ocr_line' id='line_1_66' title="bbox 1156 1646 1832 1686; baseline -0.001 -10"><span class='ocrx_word' id='word_1_403' title='bbox 1156 1647 1212 1676; x_wconf 87' lang='lat' dir='ltr'><strong>ille</strong></span> <span class='ocrx_word' id='word_1_404' title='bbox 1227 1658 1329 1683; x_wconf 80' lang='lat' dir='ltr'><strong>error,</strong></span> <span class='ocrx_word' id='word_1_405' title='bbox 1346 1646 1473 1686; x_wconf 90' lang='lat' dir='ltr'><strong>(eorum</strong></span> <span class='ocrx_word' id='word_1_406' title='bbox 1489 1657 1608 1686; x_wconf 86' lang='lat' dir='ltr'><strong>nempe</strong></span> <span class='ocrx_word' id='word_1_407' title='bbox 1624 1646 1679 1686; x_wconf 89' lang='lat' dir='ltr'><strong>qui</strong></span> <span class='ocrx_word' id='word_1_408' title='bbox 1695 1646 1832 1677; x_wconf 87' lang='lat' dir='ltr'><strong>Cossum</strong></span> 
     </span>
     <span class='ocr_line' id='line_1_67' title="bbox 1156 1688 1831 1728; baseline -0.001 -9"><span class='ocrx_word' id='word_1_409' title='bbox 1156 1689 1259 1728; x_wconf 85' lang='lat' dir='ltr'><strong>spolia</strong></span> <span class='ocrx_word' id='word_1_410' title='bbox 1271 1689 1381 1727; x_wconf 88' lang='lat' dir='ltr'><strong>opima</strong></span> <span class='ocrx_word' id='word_1_411' title='bbox 1393 1689 1557 1718; x_wconf 90' lang='lat' dir='ltr'><strong>tribunum</strong></span> <span class='ocrx_word' id='word_1_412' title='bbox 1573 1689 1714 1718; x_wconf 88' lang='lat' dir='ltr'><strong>militum</strong></span> <span class='ocrx_word' id='word_1_413' title='bbox 1732 1688 1831 1728; x_wconf 87' lang='lat' dir='ltr'><strong>cepis-</strong></span> 
     </span>
     <span class='ocr_line' id='line_1_68' title="bbox 1157 1730 1831 1771; baseline -0.001 -10"><span class='ocrx_word' id='word_1_414' title='bbox 1157 1742 1190 1761; x_wconf 91' lang='lat' dir='ltr'><strong>se</strong></span> <span class='ocrx_word' id='word_1_415' title='bbox 1212 1730 1352 1771; x_wconf 71' lang='lat' dir='ltr'><strong>dicunt,)</strong></span> <span class='ocrx_word' id='word_1_416' title='bbox 1370 1732 1455 1769; x_wconf 91' lang='lat' dir='ltr'><strong>quod</strong></span> <span class='ocrx_word' id='word_1_417' title='bbox 1472 1731 1775 1764; x_wconf 58' lang='lat' dir='ltr'><strong>Cossi&#39;consulatus</strong></span> <span class='ocrx_word' id='word_1_418' title='bbox 1798 1730 1831 1760; x_wconf 90' lang='lat' dir='ltr'><strong>in</strong></span> 
     </span>
     <span class='ocr_line' id='line_1_69' title="bbox 1156 1773 1832 1812; baseline 0 -9"><span class='ocrx_word' id='word_1_419' title='bbox 1156 1784 1290 1809; x_wconf 84' lang='lat' dir='ltr'><strong>nonum,</strong></span> <span class='ocrx_word' id='word_1_420' title='bbox 1306 1773 1371 1803; x_wconf 77' lang='lat' dir='ltr'><strong>sive</strong></span> <span class='ocrx_word' id='word_1_421' title='bbox 1387 1773 1548 1803; x_wconf 89' lang='lat' dir='ltr'><strong>decimum</strong></span> <span class='ocrx_word' id='word_1_422' title='bbox 1566 1773 1674 1812; x_wconf 87' lang='lat' dir='ltr'><strong>potius</strong></span> <span class='ocrx_word' id='word_1_423' title='bbox 1689 1777 1761 1812; x_wconf 88' lang='lat' dir='ltr'><strong>post</strong></span> <span class='ocrx_word' id='word_1_424' title='bbox 1777 1783 1832 1803; x_wconf 84' lang='lat' dir='ltr'><strong>an-</strong></span> 
     </span>
     <span class='ocr_line' id='line_1_70' title="bbox 1156 1815 1832 1853; baseline 0 -7"><span class='ocrx_word' id='word_1_425' title='bbox 1156 1826 1234 1846; x_wconf 89' lang='lat' dir='ltr'><strong>num</strong></span> <span class='ocrx_word' id='word_1_426' title='bbox 1258 1815 1395 1846; x_wconf 87' lang='lat' dir='ltr'><strong>reiectus</strong></span> <span class='ocrx_word' id='word_1_427' title='bbox 1417 1816 1469 1853; x_wconf 85' lang='lat' dir='ltr'><strong>sit,</strong></span> <span class='ocrx_word' id='word_1_428' title='bbox 1484 1817 1676 1847; x_wconf 66' lang='lat' dir='ltr'><strong>emistimatio</strong></span> <span class='ocrx_word' id='word_1_429' title='bbox 1698 1826 1832 1846; x_wconf 83' lang='lat' dir='ltr'><strong>commu-</strong></span> 
     </span>
     <span class='ocr_line' id='line_1_71' title="bbox 1156 1857 1833 1895; baseline 0 -7"><span class='ocrx_word' id='word_1_430' title='bbox 1156 1860 1208 1888; x_wconf 79' lang='lat' dir='ltr'><strong>nis</strong></span> <span class='ocrx_word' id='word_1_431' title='bbox 1231 1860 1375 1889; x_wconf 70' lang='lat' dir='ltr'><strong>ommibus</strong></span> <span class='ocrx_word' id='word_1_432' title='bbox 1397 1863 1454 1895; x_wconf 86' lang='lat' dir='ltr'><strong>est,</strong></span> <span class='ocrx_word' id='word_1_433' title='bbox 1477 1857 1497 1888; x_wconf 88' lang='lat' dir='ltr'><strong>i.</strong></span> <span class='ocrx_word' id='word_1_434' title='bbox 1521 1868 1548 1889; x_wconf 91' lang='lat' dir='ltr'><strong>e.</strong></span> <span class='ocrx_word' id='word_1_435' title='bbox 1573 1858 1707 1889; x_wconf 83' lang='lat' dir='ltr'><strong>cuilibet</strong></span> <span class='ocrx_word' id='word_1_436' title='bbox 1729 1858 1770 1888; x_wconf 90' lang='lat' dir='ltr'><strong>de</strong></span> <span class='ocrx_word' id='word_1_437' title='bbox 1795 1868 1833 1888; x_wconf 90' lang='lat' dir='ltr'><strong>eo</strong></span> 
     </span>
     <span class='ocr_line' id='line_1_72' title="bbox 1158 1900 1833 1938; baseline 0.001 -9"><span class='ocrx_word' id='word_1_438' title='bbox 1158 1911 1248 1930; x_wconf 85' lang='lat' dir='ltr'><strong>suam</strong></span> <span class='ocrx_word' id='word_1_439' title='bbox 1273 1900 1557 1938; x_wconf 83' lang='lat' dir='ltr'><strong>existimationem,</strong></span> <span class='ocrx_word' id='word_1_440' title='bbox 1580 1900 1645 1930; x_wconf 90' lang='lat' dir='ltr'><strong>sive</strong></span> <span class='ocrx_word' id='word_1_441' title='bbox 1668 1910 1762 1931; x_wconf 90' lang='lat' dir='ltr'><strong>suum</strong></span> <span class='ocrx_word' id='word_1_442' title='bbox 1786 1900 1833 1930; x_wconf 89' lang='lat' dir='ltr'><strong>iu-</strong></span> 
     </span>
     <span class='ocr_line' id='line_1_73' title="bbox 1159 1942 1833 1982; baseline 0 -10"><span class='ocrx_word' id='word_1_443' title='bbox 1159 1943 1279 1973; x_wconf 88' lang='lat' dir='ltr'><strong>dicium</strong></span> <span class='ocrx_word' id='word_1_444' title='bbox 1300 1943 1503 1982; x_wconf 84' lang='lat' dir='ltr'><strong>interponere</strong></span> <span class='ocrx_word' id='word_1_445' title='bbox 1519 1942 1605 1974; x_wconf 85' lang='lat' dir='ltr'><strong>licet.</strong></span> <span class='ocrx_word' id='word_1_446' title='bbox 1651 1943 1714 1974; x_wconf 89' lang='lat' dir='ltr'><strong>Sed</strong></span> <span class='ocrx_word' id='word_1_447' title='bbox 1730 1942 1763 1972; x_wconf 88' lang='lat' dir='ltr'><strong>in</strong></span> <span class='ocrx_word' id='word_1_448' title='bbox 1779 1943 1833 1973; x_wconf 91' lang='lat' dir='ltr'><strong>de-</strong></span> 
     </span>
     <span class='ocr_line' id='line_1_74' title="bbox 1159 1985 1834 2025; baseline 0.001 -11"><span class='ocrx_word' id='word_1_449' title='bbox 1159 1985 1279 2015; x_wconf 83' lang='lat' dir='ltr'><strong>cimum</strong></span> <span class='ocrx_word' id='word_1_450' title='bbox 1300 1989 1371 2025; x_wconf 89' lang='lat' dir='ltr'><strong>post</strong></span> <span class='ocrx_word' id='word_1_451' title='bbox 1390 1995 1511 2015; x_wconf 88' lang='lat' dir='ltr'><strong>annum</strong></span> <span class='ocrx_word' id='word_1_452' title='bbox 1533 1985 1621 2016; x_wconf 90' lang='lat' dir='ltr'><strong>reiici</strong></span> <span class='ocrx_word' id='word_1_453' title='bbox 1642 1985 1746 2025; x_wconf 87' lang='lat' dir='ltr'><strong>spolia</strong></span> <span class='ocrx_word' id='word_1_454' title='bbox 1768 1995 1834 2015; x_wconf 88' lang='lat' dir='ltr'><strong>non</strong></span> 
     </span>
     <span class='ocr_line' id='line_1_75' title="bbox 1160 2030 1834 2067; baseline 0 -10"><span class='ocrx_word' id='word_1_455' title='bbox 1160 2031 1302 2067; x_wconf 78' lang='lat' dir='ltr'><strong>possunt.</strong></span> <span class='ocrx_word' id='word_1_456' title='bbox 1351 2030 1451 2065; x_wconf 68' lang='lat' dir='ltr'><strong>iVam,</strong></span> <span class='ocrx_word' id='word_1_457' title='bbox 1482 2031 1608 2067; x_wconf 83' lang='lat' dir='ltr'><strong>praeter</strong></span> <span class='ocrx_word' id='word_1_458' title='bbox 1642 2037 1834 2058; x_wconf 88' lang='lat' dir='ltr'><strong>consensum</strong></span> 
     </span>
     <span class='ocr_line' id='line_1_76' title="bbox 1160 2069 1834 2110; baseline 0 -10"><span class='ocrx_word' id='word_1_459' title='bbox 1160 2070 1351 2110; x_wconf 86' lang='lat' dir='ltr'><strong>scriptorum</strong></span> <span class='ocrx_word' id='word_1_460' title='bbox 1375 2070 1532 2107; x_wconf 88' lang='lat' dir='ltr'><strong>omnium,</strong></span> <span class='ocrx_word' id='word_1_461' title='bbox 1548 2069 1603 2109; x_wconf 91' lang='lat' dir='ltr'><strong>qui</strong></span> <span class='ocrx_word' id='word_1_462' title='bbox 1625 2070 1658 2100; x_wconf 89' lang='lat' dir='ltr'><strong>in</strong></span> <span class='ocrx_word' id='word_1_463' title='bbox 1681 2070 1780 2107; x_wconf 87' lang='lat' dir='ltr'><strong>hunc,</strong></span> <span class='ocrx_word' id='word_1_464' title='bbox 1800 2070 1834 2100; x_wconf 91' lang='grc'><strong>111</strong></span> 
     </span>
     <span class='ocr_line' id='line_1_77' title="bbox 1159 2116 1834 2152; baseline 0 -10"><span class='ocrx_word' id='word_1_465' title='bbox 1159 2123 1223 2152; x_wconf 89' lang='lat' dir='ltr'><strong>quo</strong></span> <span class='ocrx_word' id='word_1_466' title='bbox 1239 2123 1324 2143; x_wconf 90' lang='lat' dir='ltr'><strong>nunc</strong></span> <span class='ocrx_word' id='word_1_467' title='bbox 1342 2123 1515 2148; x_wconf 85' lang='lat' dir='ltr'><strong>versamur,</strong></span> <span class='ocrx_word' id='word_1_468' title='bbox 1530 2122 1651 2143; x_wconf 88' lang='lat' dir='ltr'><strong>annum</strong></span> <span class='ocrx_word' id='word_1_469' title='bbox 1669 2122 1708 2143; x_wconf 89' lang='lat' dir='ltr'><strong>ea</strong></span> <span class='ocrx_word' id='word_1_470' title='bbox 1723 2116 1834 2143; x_wconf 86' lang='lat' dir='ltr'><strong>contu—</strong></span> 
     </span>
     <span class='ocr_line' id='line_1_78' title="bbox 1160 2156 1835 2192; baseline 0 -7"><span class='ocrx_word' id='word_1_471' title='bbox 1160 2156 1277 2192; x_wconf 87' lang='lat' dir='ltr'><strong>lerunt,</strong></span> <span class='ocrx_word' id='word_1_472' title='bbox 1304 2156 1512 2186; x_wconf 75' lang='lat' dir='ltr'><strong>etiam-illud</strong></span> <span class='ocrx_word' id='word_1_473' title='bbox 1540 2156 1672 2192; x_wconf 81' lang='lat' dir='ltr'><strong>accedit,</strong></span> <span class='ocrx_word' id='word_1_474' title='bbox 1697 2165 1739 2186; x_wconf 78' lang='lat' dir='ltr'><strong>ne</strong></span> <span class='ocrx_word' id='word_1_475' title='bbox 1769 2159 1835 2185; x_wconf 86' lang='lat' dir='ltr'><strong>tam</strong></span> 
     </span>
     <span class='ocr_line' id='line_1_79' title="bbox 1159 2197 1833 2237; baseline 0 -9"><span class='ocrx_word' id='word_1_476' title='bbox 1159 2199 1249 2228; x_wconf 78' lang='lat' dir='ltr'><strong>clara</strong></span> <span class='ocrx_word' id='word_1_477' title='bbox 1270 2209 1385 2237; x_wconf 65' lang='lat' dir='ltr'><strong>pugna</strong></span> <span class='ocrx_word' id='word_1_478' title='bbox 1405 2199 1441 2228; x_wconf 79' lang='lat' dir='ltr'><strong>in</strong></span> <span class='ocrx_word' id='word_1_479' title='bbox 1461 2209 1533 2228; x_wconf 80' lang='lat' dir='ltr'><strong>eum</strong></span> <span class='ocrx_word' id='word_1_480' title='bbox 1549 2208 1685 2235; x_wconf 80' lang='lat' dir='ltr'><strong>annum,</strong></span> <span class='ocrx_word' id='word_1_481' title='bbox 1699 2197 1720 2228; x_wconf 92' lang='lat' dir='ltr'><strong>i.</strong></span> <span class='ocrx_word' id='word_1_482' title='bbox 1737 2207 1764 2228; x_wconf 92' lang='lat' dir='ltr'><strong>e.</strong></span> <span class='ocrx_word' id='word_1_483' title='bbox 1781 2198 1833 2227; x_wconf 89' lang='lat' dir='ltr'><strong>de-</strong></span> 
     </span>
     <span class='ocr_line' id='line_1_80' title="bbox 1161 2240 1835 2280; baseline 0.001 -11"><span class='ocrx_word' id='word_1_484' title='bbox 1161 2240 1280 2269; x_wconf 86' lang='lat' dir='ltr'><strong>cimum</strong></span> <span class='ocrx_word' id='word_1_485' title='bbox 1300 2244 1370 2279; x_wconf 88' lang='lat' dir='ltr'><strong>post</strong></span> <span class='ocrx_word' id='word_1_486' title='bbox 1386 2250 1520 2278; x_wconf 87' lang='lat' dir='ltr'><strong>annum,</strong></span> <span class='ocrx_word' id='word_1_487' title='bbox 1531 2241 1705 2279; x_wconf 77' lang='lat' dir='ltr'><strong>transferri</strong></span> <span class='ocrx_word' id='word_1_488' title='bbox 1718 2244 1835 2280; x_wconf 83' lang='lat' dir='ltr'><strong>posset,</strong></span> 
     </span>
     <span class='ocr_line' id='line_1_81' title="bbox 1160 2282 1835 2322; baseline 0.001 -11"><span class='ocrx_word' id='word_1_489' title='bbox 1160 2284 1243 2322; x_wconf 78' lang='lat' dir='ltr'><strong>quod</strong></span> <span class='ocrx_word' id='word_1_490' title='bbox 1272 2284 1395 2313; x_wconf 72' lang='lat' dir='ltr'><strong>imbelle</strong></span> <span class='ocrx_word' id='word_1_491' title='bbox 1426 2284 1603 2314; x_wconf 78' lang='lat' dir='ltr'><strong>triennium</strong></span> <span class='ocrx_word' id='word_1_492' title='bbox 1633 2283 1719 2312; x_wconf 77' lang='lat' dir='ltr'><strong>circa</strong></span> <span class='ocrx_word' id='word_1_493' title='bbox 1751 2282 1835 2312; x_wconf 82' lang='lat' dir='ltr'><strong>illud</strong></span> 
     </span>
     <span class='ocr_line' id='line_1_82' title="bbox 1161 2323 1834 2363; baseline 0 -9"><span class='ocrx_word' id='word_1_494' title='bbox 1161 2328 1300 2363; x_wconf 84' lang='lat' dir='ltr'><strong>tempus,</strong></span> <span class='ocrx_word' id='word_1_495' title='bbox 1317 2335 1380 2363; x_wconf 91' lang='lat' dir='ltr'><strong>quo</strong></span> <span class='ocrx_word' id='word_1_496' title='bbox 1396 2325 1514 2355; x_wconf 86' lang='lat' dir='ltr'><strong>Cossus</strong></span> <span class='ocrx_word' id='word_1_497' title='bbox 1530 2324 1641 2354; x_wconf 85' lang='lat' dir='ltr'><strong>consul</strong></span> <span class='ocrx_word' id='word_1_498' title='bbox 1656 2323 1754 2354; x_wconf 82' lang='lat' dir='ltr'><strong>fuisse</strong></span> <span class='ocrx_word' id='word_1_499' title='bbox 1768 2334 1834 2354; x_wconf 87' lang='lat' dir='ltr'><strong>me-</strong></span> 
     </span>
     <span class='ocr_line' id='line_1_83' title="bbox 1157 2365 1834 2406; baseline 0 -10"><span class='ocrx_word' id='word_1_500' title='bbox 1157 2369 1301 2396; x_wconf 85' lang='lat' dir='ltr'><strong>moratur</strong></span> <span class='ocrx_word' id='word_1_501' title='bbox 1323 2366 1355 2396; x_wconf 90' lang='lat' dir='ltr'><strong>in</strong></span> <span class='ocrx_word' id='word_1_502' title='bbox 1378 2366 1549 2396; x_wconf 86' lang='lat' dir='ltr'><strong>annalibus</strong></span> <span class='ocrx_word' id='word_1_503' title='bbox 1568 2376 1606 2396; x_wconf 90' lang='lat' dir='ltr'><strong>ac</strong></span> <span class='ocrx_word' id='word_1_504' title='bbox 1626 2365 1714 2396; x_wconf 89' lang='lat' dir='ltr'><strong>libris</strong></span> <span class='ocrx_word' id='word_1_505' title='bbox 1736 2365 1834 2406; x_wconf 86' lang='lat' dir='ltr'><strong>magi-</strong></span> 
     </span>
     <span class='ocr_line' id='line_1_84' title="bbox 1159 2409 1835 2448; baseline 0.003 -10"><span class='ocrx_word' id='word_1_506' title='bbox 1159 2412 1329 2445; x_wconf 81' lang='lat' dir='ltr'><strong>stratuum,</strong></span> <span class='ocrx_word' id='word_1_507' title='bbox 1343 2410 1424 2447; x_wconf 80' lang='lat' dir='ltr'><strong>fuit.</strong></span> <span class='ocrx_word' id='word_1_508' title='bbox 1458 2409 1657 2439; x_wconf 72' lang='lat' dir='ltr'><strong>Paiticulam</strong></span> <span class='ocrx_word' id='word_1_509' title='bbox 1672 2410 1700 2439; x_wconf 82' lang='lat' dir='ltr'><strong>si</strong></span> <span class='ocrx_word' id='word_1_510' title='bbox 1716 2418 1774 2448; x_wconf 91' lang='lat' dir='ltr'><strong>pro</strong></span> <span class='ocrx_word' id='word_1_511' title='bbox 1790 2419 1835 2440; x_wconf 80' lang='lat' dir='ltr'><strong>an</strong></span> 
     </span>
     <span class='ocr_line' id='line_1_85' title="bbox 1160 2450 1833 2491; baseline 0.001 -11"><span class='ocrx_word' id='word_1_512' title='bbox 1160 2461 1223 2480; x_wconf 89' lang='lat' dir='ltr'><strong>non</strong></span> <span class='ocrx_word' id='word_1_513' title='bbox 1240 2461 1310 2480; x_wconf 86' lang='lat' dir='ltr'><strong>raro</strong></span> <span class='ocrx_word' id='word_1_514' title='bbox 1326 2454 1459 2490; x_wconf 86' lang='lat' dir='ltr'><strong>usurpat</strong></span> <span class='ocrx_word' id='word_1_515' title='bbox 1476 2450 1598 2487; x_wconf 82' lang='lat' dir='ltr'><strong>Livius,</strong></span> <span class='ocrx_word' id='word_1_516' title='bbox 1614 2450 1684 2481; x_wconf 87' lang='lat' dir='ltr'><strong>infr.</strong></span> <span class='ocrx_word' id='word_1_517' title='bbox 1701 2450 1790 2481; x_wconf 85' lang='lat' dir='ltr'><strong>xxxi.</strong></span> <span class='ocrx_word' id='word_1_518' title='bbox 1803 2461 1833 2491; x_wconf 82' lang='lat'><strong>9.</strong></span> 
     </span>
     <span class='ocr_line' id='line_1_86' title="bbox 1161 2492 1834 2532; baseline 0.001 -10"><span class='ocrx_word' id='word_1_519' title='bbox 1161 2494 1314 2523; x_wconf 86' lang='lat' dir='ltr'><strong>Ceterum</strong></span> <span class='ocrx_word' id='word_1_520' title='bbox 1339 2493 1432 2532; x_wconf 82' lang='lat' dir='ltr'><strong>longe</strong></span> <span class='ocrx_word' id='word_1_521' title='bbox 1451 2493 1546 2523; x_wconf 84' lang='lat' dir='ltr'><strong>aliter</strong></span> <span class='ocrx_word' id='word_1_522' title='bbox 1562 2492 1691 2523; x_wconf 89' lang='lat' dir='ltr'><strong>Livium</strong></span> <span class='ocrx_word' id='word_1_523' title='bbox 1708 2493 1748 2523; x_wconf 89' lang='lat' dir='ltr'><strong>de</strong></span> <span class='ocrx_word' id='word_1_524' title='bbox 1763 2503 1834 2532; x_wconf 90' lang='lat' dir='ltr'><strong>spo-</strong></span> 
     </span>
     <span class='ocr_line' id='line_1_87' title="bbox 1161 2535 1834 2575; baseline 0 -10"><span class='ocrx_word' id='word_1_525' title='bbox 1161 2535 1211 2566; x_wconf 86' lang='lat' dir='ltr'><strong>liis</strong></span> <span class='ocrx_word' id='word_1_526' title='bbox 1234 2535 1324 2566; x_wconf 75' lang='lat' dir='ltr'><strong>Cossi</strong></span> <span class='ocrx_word' id='word_1_527' title='bbox 1348 2535 1466 2575; x_wconf 89' lang='lat' dir='ltr'><strong>opimis</strong></span> <span class='ocrx_word' id='word_1_528' title='bbox 1493 2535 1638 2572; x_wconf 86' lang='lat' dir='ltr'><strong>sensisse,</strong></span> <span class='ocrx_word' id='word_1_529' title='bbox 1660 2545 1758 2574; x_wconf 85' lang='lat' dir='ltr'><strong>quam</strong></span> <span class='ocrx_word' id='word_1_530' title='bbox 1781 2535 1834 2566; x_wconf 88' lang='lat' dir='ltr'><strong>hic</strong></span> 
     </span>
     <span class='ocr_line' id='line_1_88' title="bbox 1161 2578 1835 2617; baseline 0.001 -10"><span class='ocrx_word' id='word_1_531' title='bbox 1161 2588 1237 2616; x_wconf 86' lang='lat' dir='ltr'><strong>prae</strong></span> <span class='ocrx_word' id='word_1_532' title='bbox 1261 2588 1293 2607; x_wconf 91' lang='lat' dir='ltr'><strong>se</strong></span> <span class='ocrx_word' id='word_1_533' title='bbox 1317 2578 1409 2615; x_wconf 86' lang='lat' dir='ltr'><strong>ferat,</strong></span> <span class='ocrx_word' id='word_1_534' title='bbox 1431 2579 1481 2608; x_wconf 76' lang='lat' dir='ltr'><strong>vel</strong></span> <span class='ocrx_word' id='word_1_535' title='bbox 1505 2588 1545 2608; x_wconf 83' lang='lat' dir='ltr'><strong>ex</strong></span> <span class='ocrx_word' id='word_1_536' title='bbox 1569 2587 1607 2607; x_wconf 92' lang='lat' dir='ltr'><strong>eo</strong></span> <span class='ocrx_word' id='word_1_537' title='bbox 1631 2581 1732 2617; x_wconf 86' lang='lat' dir='ltr'><strong>patet,</strong></span> <span class='ocrx_word' id='word_1_538' title='bbox 1748 2578 1835 2617; x_wconf 88' lang='lat' dir='ltr'><strong>quod</strong></span> 
     </span>
     <span class='ocr_line' id='line_1_89' title="bbox 1160 2619 1835 2659; baseline 0 -10"><span class='ocrx_word' id='word_1_539' title='bbox 1160 2620 1230 2650; x_wconf 88' lang='lat' dir='ltr'><strong>infr.</strong></span> <span class='ocrx_word' id='word_1_540' title='bbox 1261 2629 1309 2659; x_wconf 85' lang='lat'><strong>32.</strong></span> <span class='ocrx_word' id='word_1_541' title='bbox 1336 2620 1369 2650; x_wconf 93' lang='lat' dir='ltr'><strong>in</strong></span> <span class='ocrx_word' id='word_1_542' title='bbox 1401 2620 1544 2650; x_wconf 88' lang='lat' dir='ltr'><strong>oratione</strong></span> <span class='ocrx_word' id='word_1_543' title='bbox 1571 2620 1674 2651; x_wconf 84' lang='lat' dir='ltr'><strong>Mam.</strong></span> <span class='ocrx_word' id='word_1_544' title='bbox 1702 2619 1835 2650; x_wconf 90' lang='lat' dir='ltr'><strong>Aemilii</strong></span> 
     </span>
     <span class='ocr_line' id='line_1_90' title="bbox 1161 2662 1835 2694; baseline 0 -2"><span class='ocrx_word' id='word_1_545' title='bbox 1161 2662 1326 2693; x_wconf 87' lang='lat' dir='ltr'><strong>dictatoris</strong></span> <span class='ocrx_word' id='word_1_546' title='bbox 1353 2663 1471 2694; x_wconf 88' lang='lat' dir='ltr'><strong>Cossus</strong></span> <span class='ocrx_word' id='word_1_547' title='bbox 1495 2662 1602 2692; x_wconf 88' lang='lat' dir='ltr'><strong>adhuc</strong></span> <span class='ocrx_word' id='word_1_548' title='bbox 1630 2662 1756 2692; x_wconf 88' lang='lat' dir='ltr'><strong>dicatur</strong></span> <span class='ocrx_word' id='word_1_549' title='bbox 1781 2662 1835 2692; x_wconf 84' lang='lat' dir='ltr'><strong>tri-</strong></span> 
     </span>
     <span class='ocr_line' id='line_1_91' title="bbox 1160 2703 1834 2744; baseline 0.001 -10"><span class='ocrx_word' id='word_1_550' title='bbox 1160 2706 1266 2735; x_wconf 86' lang='lat' dir='ltr'><strong>bunus</strong></span> <span class='ocrx_word' id='word_1_551' title='bbox 1300 2704 1441 2735; x_wconf 86' lang='lat' dir='ltr'><strong>militum</strong></span> <span class='ocrx_word' id='word_1_552' title='bbox 1473 2705 1576 2744; x_wconf 84' lang='lat' dir='ltr'><strong>spolia</strong></span> <span class='ocrx_word' id='word_1_553' title='bbox 1606 2704 1716 2744; x_wconf 85' lang='lat' dir='ltr'><strong>opima</strong></span> <span class='ocrx_word' id='word_1_554' title='bbox 1746 2703 1834 2735; x_wconf 82' lang='lat' dir='ltr'><strong>Iovis</strong></span> 
     </span>
     <span class='ocr_line' id='line_1_92' title="bbox 1161 2747 1739 2786; baseline 0.002 -9"><span class='ocrx_word' id='word_1_555' title='bbox 1161 2747 1294 2778; x_wconf 89' lang='lat' dir='ltr'><strong>Feretrii</strong></span> <span class='ocrx_word' id='word_1_556' title='bbox 1312 2748 1436 2786; x_wconf 86' lang='lat' dir='ltr'><strong>templo</strong></span> <span class='ocrx_word' id='word_1_557' title='bbox 1452 2747 1606 2778; x_wconf 86' lang='lat' dir='ltr'><strong>intulisse.</strong></span> <span class='ocrx_word' id='word_1_558' title='bbox 1631 2747 1739 2778; x_wconf 75' lang='lat' dir='ltr'><strong>CREV.</strong></span> 
     </span>
    </p>

    <p class='ocr_par' dir='ltr' id='par_1_8' title="bbox 1159 2787 1833 2905">
     <span class='ocr_line' id='line_1_93' title="bbox 1209 2787 1833 2829; baseline -0.003 -10"><span class='ocrx_word' id='word_1_559' title='bbox 1209 2800 1225 2829; x_wconf 83' lang='lat'>5</span> <span class='ocrx_word' id='word_1_560' title='bbox 1255 2790 1438 2820; x_wconf 78' lang='lat' dir='ltr'><strong>Communis</strong></span> <span class='ocrx_word' id='word_1_561' title='bbox 1463 2790 1626 2827; x_wconf 80' lang='lat' dir='ltr'><strong>omnibus]</strong></span> <span class='ocrx_word' id='word_1_562' title='bbox 1667 2787 1833 2819; x_wconf 86' lang='lat' dir='ltr'><strong>Incuriose</strong></span> 
     </span>
     <span class='ocr_line' id='line_1_94' title="bbox 1159 2829 1833 2871; baseline -0.001 -10"><span class='ocrx_word' id='word_1_563' title='bbox 1159 2832 1239 2862; x_wconf 86' lang='lat' dir='ltr'><strong>haec</strong></span> <span class='ocrx_word' id='word_1_564' title='bbox 1262 2831 1371 2862; x_wconf 81' lang='lat' dir='ltr'><strong>scribit</strong></span> <span class='ocrx_word' id='word_1_565' title='bbox 1395 2831 1516 2869; x_wconf 88' lang='lat' dir='ltr'><strong>Livius,</strong></span> <span class='ocrx_word' id='word_1_566' title='bbox 1539 2840 1638 2871; x_wconf 90' lang='lat' dir='ltr'><strong>quum</strong></span> <span class='ocrx_word' id='word_1_567' title='bbox 1658 2829 1778 2861; x_wconf 84' lang='lat' dir='ltr'><strong>Fabius</strong></span> <span class='ocrx_word' id='word_1_568' title='bbox 1800 2829 1833 2860; x_wconf 93' lang='lat' dir='ltr'><strong>in</strong></span> 
     </span>
     <span class='ocr_line' id='line_1_95' title="bbox 1160 2872 1629 2905; baseline -0.002 -1"><span class='ocrx_word' id='word_1_569' title='bbox 1160 2874 1258 2905; x_wconf 85' lang='lat' dir='ltr'><strong>aliam</strong></span> <span class='ocrx_word' id='word_1_570' title='bbox 1275 2873 1468 2905; x_wconf 86' lang='lat' dir='ltr'><strong>sententiam</strong></span> <span class='ocrx_word' id='word_1_571' title='bbox 1485 2872 1629 2905; x_wconf 84' lang='lat' dir='ltr'><strong>discedit.</strong></span> 
     </span>
    </p>
   </div>
   <div class='ocr_carea' id='block_1_6' title="bbox 1924 2651 1934 2952">
    <p class='ocr_par' dir='ltr' id='par_1_9' title="bbox 1924 2651 1934 2952">
     <span class='ocr_line' id='line_1_96' title="bbox 1924 2651 1934 2952; textangle 90"><span class='ocrx_word' id='word_1_572' title='bbox 1924 2945 1926 2952; x_wconf 58' lang='lat'><strong><em>⁴</em></strong></span> <span class='ocrx_word' id='word_1_573' title='bbox 1924 2735 1934 2926; x_wconf 47' lang='grc' dir='ltr'><strong>.ι·,-ι,ι,..·-.-κ.</strong></span> <span class='ocrx_word' id='word_1_574' title='bbox 1932 2699 1934 2701; x_wconf 86' lang='grc'><em>.</em></span> <span class='ocrx_word' id='word_1_575' title='bbox 1930 2651 1931 2654; x_wconf 31' lang='grc' dir='ltr'><em>Α</em></span> 
     </span>
    </p>
   </div>
  </div>
 </body>
</html>
