1934 3211
445 196 528 234 340
961 195 1108 237 TITI
1146 196 1323 238 LIVII

233 287 272 318 U.
290 288 327 318 C
346 287 417 328 365.
445 298 613 339 cunque
644 285 836 340 pactione
867 295 1048 341 possent,
1081 287 1222 335 iussit,
1274 287 1524 328 iactantibus
1554 302 1641 328 non
1662 287 1834 329 obscure

227 330 266 360 A.
290 330 328 361 C·
347 331 418 371 387·
449 339 595 391 Gallis,
618 341 731 382 haud
745 357 898 397 magna
913 343 1106 384 mercede
1128 359 1170 384 se
1193 343 1346 384 adduci
1359 359 1492 399 posse,
1507 353 1554 384 ut
1573 343 1836 385 obsidionem

228 405 400 436 Paciscun-
425 397 698 455 'relinquant
768 399 880 439 Tum
921 409 1090 441 senatus
1130 400 1308 449 habitus,
1352 401 1612 455 tribunisque
1653 401 1836 442 militum

226 452 279 519 {ur
290 448 432 522 ΒὸΠῙΙῗΡῙ
445 456 662 511 negotium
676 456 833 506 datum,
849 466 896 497 ut
912 457 1231 512 paciscerentur.
1283 457 1389 498 Inde
1407 458 1517 498 inter
1533 457 1586 506 Q.
1602 457 1835 513 Sulpicium

246 500 301 520 um
348 501 366 521 a
395 502 430 522 ω’
444 512 660 554 tribunum
673 513 854 554 militum
875 522 917 554 et
931 514 1149 554 Brennum
1170 514 1361 570 regulum
1386 514 1605 556 Gallorum
1625 514 1835 571 colloquio

445 578 650 611 transacta
668 585 733 611 res
754 579 827 619 est,
851 580 893 611 et
914 570 1026 610 mille
1047 570 1189 625 pondo
1210 572 1299 611 auri
1319 572 1502 626 pretium
1531 572 1678 628 populi
1697 572 1835 628 genti·
1849 586 1867 618 7

443 627 521 667 bus
560 642 659 668 mox
699 627 943 682 imperaturi
983 627 1149 667 factum.
1220 627 1317 675 Rei,
1359 628 1621 669 foedissimae
1661 643 1737 684 per
1776 645 1832 678 se,

444 683 606 725 adiecta
626 684 853 739 indignitas
875 693 947 724 est.
1010 683 1207 724 Pondera
1223 684 1274 724 ab
1299 683 1432 724 Gallis
1453 684 1576 725 allata
1596 685 1755 740 iniqua,
1777 696 1832 735 et,

444 741 611 781 tribuno
655 749 886 788 recusante,
927 739 1093 780 additus
1137 741 1188 780 ab
1235 740 1441 782 insolente
1486 740 1610 782 Gallo
1655 742 1834 797 ponderi

442 797 627 852 gladius:
661 797 887 852 auditaque
920 796 1181 837 intoleranda
1215 797 1418 838 Romanis
1448 813 1542 848 vox,
1572 797 1686 839 ‘Vae
1714 799 1866 844 victisg

445 860 455 876 ‘
472 855 586 895 esse.³

294 919 361 956 49.
502 911 586 952 Sed
626 912 769 968 diique
812 922 853 954 et
893 913 1085 954 homines
1125 913 1374 969 prohibuere
1415 913 1654 970 redemptos
1693 914 1864 965 vivere9

224 972 400 1003 Dictatoris
442 968 679 1010 Romanos:
714 984 812 1010 nam
842 970 946 1011 forte
979 971 1173 1026 quadam,
1199 971 1443 1026 priusquam
1474 971 1645 1012 infanda
1673 986 1832 1012 merces

222 1015 389 1047 adventus,
438 1026 721 1082 perficeretur,
737 1042 813 1082 per
833 1027 1146 1068 altercationem
1166 1028 1357 1068 nondum
1379 1029 1494 1068 omni
1515 1043 1617 1069 auro
1633 1043 1832 1084 appenso,

439 1083 618 1125 dictator
647 1085 898 1133 intervenit3
931 1085 1167 1140 auferrique
1197 1100 1343 1126 aurum
1365 1084 1417 1125 de
1447 1085 1599 1134 medio,
1622 1095 1665 1126 et
1688 1085 1834 1126 Gallos

439 1142 692 1183 summoveri
727 1142 855 1183 iubet.
923 1142 1069 1190 Quum
1106 1142 1165 1182 illi
1195 1142 1425 1183 renitentes
1460 1151 1603 1198 pactos
1642 1142 1833 1183 dicerent

438 1214 540 1248 sese,
564 1208 690 1255 negat
711 1214 803 1240 eam
824 1200 1063 1255 pactionem
1080 1208 1211 1239 ratam
1233 1214 1333 1248 esse,
1357 1214 1477 1254 quae,
1499 1208 1722 1255 postquam
1742 1200 1831 1255 ipse

439 1256 619 1297 dictator
640 1266 802 1297 creatus
827 1266 946 1306 esset,
969 1256 1131 1297 iniussu
1158 1271 1233 1297 suo
1261 1257 1312 1296 ab
1343 1256 1549 1297 inferioris
1575 1257 1676 1297 iuris
1701 1257 1832 1312 magi-

439 1322 571 1354 stratu
590 1314 699 1354 facta
729 1322 858 1354 esset:
894 1313 1200 1369 denuntiatque
1227 1313 1372 1362 Gallis,
1395 1322 1443 1353 ut
1473 1328 1515 1353 se
1547 1313 1601 1353 ad
1624 1313 1830 1368 proelium

439 1371 677 1426 expediant.
743 1370 850 1412 Suos
877 1371 921 1411 in
953 1385 1148 1412 acervum
1180 1370 1386 1411 coniicere
1419 1370 1610 1419 sarcinas,
1642 1379 1686 1411 et
1717 1385 1832 1411 arma

439 1436 594 1483 aptare,
626 1429 832 1483 ferroque,
865 1444 952 1469 non
984 1443 1097 1477 auro,
1134 1442 1380 1483 recuperare
1411 1427 1587 1483 patriam
1625 1427 1754 1478 iubet,
1785 1428 1832 1468 in

439 1494 667 1540 conspectu
701 1485 903 1526 habentes
933 1486 1029 1526 fana
1060 1485 1200 1531 deum,
1228 1494 1270 1525 et
1301 1484 1500 1540 coniuges
1531 1493 1573 1525 et
1601 1484 1766 1534 liberos,
1789 1494 1832 1526 et

440 1541 573 1581 solum
601 1542 758 1597 patriae
787 1543 972 1582 deforme
998 1542 1096 1582 belli
1122 1542 1253 1591 malis,
1277 1550 1319 1582 et
1347 1542 1500 1590 omnia,
1524 1557 1631 1597 quae
1659 1541 1830 1582 defendi

440 1599 658 1653 repetique
680 1607 722 1639 et
753 1598 896 1639 ulcisci
921 1599 980 1639 fas
1001 1599 1064 1639 sit.
1127 1599 1303 1639 Instruit
1324 1598 1478 1639 deinde
1507 1599 1652 1648 aciem,
1675 1607 1723 1639 ut
1749 1599 1830 1640 loci

439 1664 587 1695 natura
635 1655 882 1710 patiebatur,
925 1655 969 1695 in
1019 1656 1241 1696 semirutae
1291 1656 1378 1696 solo
1428 1656 1541 1696 urbis
1590 1664 1633 1696 et
1682 1664 1832 1697 natura

438 1712 672 1767 inaequali,
715 1721 757 1752 et
793 1712 946 1760 omnia,
984 1727 1090 1766 quae
1133 1721 1218 1752 arte
1252 1712 1352 1752 belli
1384 1712 1569 1752 secunda
1607 1712 1691 1752 suis
1731 1712 1830 1768 eligi

220 1781 331 1812 Vincit
436 1769 722 1825 praepararive
738 1777 943 1824 poterant,
958 1769 1150 1824 providit.
1217 1767 1341 1816 Galli,
1356 1783 1463 1808 nova
1476 1783 1520 1809 re
1534 1768 1700 1824 trepidi,
1717 1784 1830 1810 arma

221 1823 343 1854 Gallos.
436 1827 620 1881 capiunt,
640 1826 783 1881 iraque
798 1826 940 1880 magis,
957 1840 1083 1880 quam
1101 1825 1286 1873 consilio,
1305 1825 1349 1864 in
1365 1824 1579 1866 Romanos
1595 1826 1825 1867 incurrunt.

438 1882 526 1923 Iam
547 1891 725 1923 verterat
745 1882 924 1931 fortuna,
946 1882 1027 1922 iam
1049 1882 1223 1922 deorum
1246 1896 1346 1937 opes
1366 1881 1634 1938 humanaque
1656 1883 1830 1924 consilia

435 1954 523 1980 rcm
554 1939 790 1980 Romanam
821 1939 1084 1979 adiuvabant.
1147 1938 1282 1994 Igitur
1311 1939 1446 1994 primo
1478 1953 1683 1980 concursu
1714 1940 1829 1981 haud

437 1997 591 2037 maiore
614 2005 828 2037 momento
849 1995 929 2036 fusi
954 1995 1067 2035 Galli
1088 2005 1198 2043 sunt,
1222 2010 1349 2050 quam
1371 1995 1425 2035 ad
1447 1995 1606 2036 Alliam
1626 1996 1825 2037 vicerant.

436 2053 612 2094 Iustiore
642 2053 770 2093 altero
792 2052 945 2092 deinde
971 2052 1130 2107 proelio
1152 2052 1204 2092 ad
1235 2060 1429 2092 octavum
1453 2051 1638 2107 lapidem
1661 2052 1829 2094 Gabina

434 2110 512 2159 via,
536 2126 620 2165 quo
641 2125 683 2150 se
705 2125 757 2150 ex
779 2109 878 2165 fuga
898 2108 1174 2157 contulerant,
1197 2108 1385 2149 eiusdem
1406 2108 1538 2149 ductu
1558 2109 1827 2166 auspicioque
1844 2125 1856 2145 1

437 2166 607 2207 Camilli
647 2167 884 2207 vincuntur.
962 2165 1028 2206 Ibi
1068 2165 1217 2206 caedes
1258 2165 1399 2205 omnia
1438 2165 1642 2206 obtinuit:
1696 2174 1829 2208 castra

435 2224 669 2278 capiuntur,
693 2232 734 2264 et
759 2238 812 2264 ne
834 2223 1007 2263 nuntius
1029 2222 1202 2278 quidem
1229 2221 1358 2262 cladis
1377 2221 1558 2262 relictus.
1620 2222 1826 2274 Dictator,

433 2289 677 2336 recuperata
704 2295 757 2321 ex
777 2279 965 2320 hostibus
995 2279 1140 2334 patria,
1163 2278 1424 2333 triumphans
1455 2278 1500 2318 in
1520 2279 1669 2320 urbem
1689 2280 1824 2330 redit:

434 2337 626 2393 interque
654 2337 765 2379 iocos
785 2335 996 2385 militares,
1019 2350 1125 2392 quos
1155 2335 1392 2376 inconditos
1422 2334 1592 2384 iaciunt,
1618 2335 1827 2377 Romulus

478 2469 493 2500 7
510 2462 606 2492 Mille
618 2462 740 2501 pondo]
762 2460 887 2500 Viginti
903 2460 1045 2499 quinque
1060 2464 1106 2489 ta·
1151 2459 1182 2490 ii.
1204 2460 1250 2489 18.
1268 2458 1366 2488 tradit
1383 2458 1497 2489 Gallos
1515 2458 1644 2488 foedere
1667 2468 1742 2488 cum
1759 2458 1824 2489 Ro-

432 2504 521 2533 lenta
544 2504 683 2542 pretium
706 2503 802 2532 fuisse
825 2513 877 2541 ap.
904 2502 1000 2532 Dion.
1025 2502 1105 2532 Exe.
1151 2501 1253 2531 manis
1275 2501 1360 2530 facto
1384 2500 1621 2530 conditionibus
1637 2500 1754 2539 quibus
1773 2511 1824 2531 vo-

435 2545 511 2576 Vat.
528 2545 582 2576 xii.
602 2555 652 2584 23,
672 2545 818 2584 legimuS,
834 2555 928 2583 quae,
952 2544 977 2573 si
999 2544 1107 2573 Attica
1152 2544 1290 2579 luerant,
1315 2542 1503 2580 redditaque
1529 2543 1567 2572 iis
1592 2543 1682 2579 urbe,
1704 2543 1746 2572 ad
1769 2552 1824 2582 pa-

433 2587 507 2624 sint,
526 2587 616 2617 mille
633 2592 665 2617 et
681 2587 871 2625 quingentas
887 2587 984 2615 libras
1000 2586 1107 2624 pondo
1152 2584 1228 2614 trias
1244 2585 1334 2614 sedes
1350 2583 1488 2614 rediisse.
1513 2585 1619 2615 (ἷκεν.

432 2629 586 2660 efficiunt.
641 2630 726 2660 Cum
757 2628 849 2659 Livio
878 2628 1001 2658 faciunt
1030 2627 1105 2657 val.
1197 2636 1209 2655 1
1235 2628 1346 2656 Ductu
1370 2627 1576 2666 auspicioque
1599 2627 1744 2664 Camilli]
1771 2626 1825 2656 De

433 2672 524 2701 Max.
544 2682 570 2701 v.
589 2671 617 2702 6.
635 2672 664 2702 8.
704 2671 792 2701 Plut.
816 2670 848 2699 in
872 2671 964 2701 Cam.
980 2679 1106 2699 necnon
1152 2668 1283 2699 Camilli
1305 2667 1465 2698 dictatura
1487 2672 1519 2698 et
1541 2668 1673 2698 victoria
1688 2668 1728 2698 de
1745 2667 1823 2698 Gal-

434 2713 549 2743 Zonar.
567 2714 618 2743 vii.
638 2723 652 2743 2
659 2723 686 2752 3.
1150 2710 1188 2740 lis
1204 2714 1366 2749 reportata
1382 2709 1512 2740 omnino
1528 2710 1600 2740 silet
1614 2710 1746 2741 Diodor.
1757 2709 1822 2740 xiv.

476 2756 494 2785 8
525 2757 588 2786 Vae
604 2756 710 2793 victis]
739 2755 853 2784 Festus
869 2765 897 2784 v.
918 2755 981 2784 Vae
999 2755 1105 2788 Victis,
1154 2762 1164 2782 1
1176 2761 1220 2791 17.
1241 2752 1354 2791 Polyb.
1369 2761 1496 2790 quoque
1511 2751 1543 2782 ii.
1559 2761 1608 2782 22.
1625 2751 1733 2782 scribit
1744 2751 1822 2781 Gal-

432 2796 472 2825 ab
487 2799 552 2836 Ap.
570 2798 704 2827 Claudio
719 2807 786 2826 rem
804 2806 878 2827 cum
900 2796 1009 2835 regulo
1026 2794 1103 2825 Gal·
1150 2795 1207 2830 los,
1233 2795 1310 2823 urbe
1336 2794 1443 2823 Roma
1468 2804 1525 2832 per
1546 2797 1670 2832 septem
1697 2802 1823 2822 menses

431 2836 534 2867 lorum
550 2842 745 2869 transactam
761 2838 880 2868 scribit.
1148 2836 1278 2874 potitos,
1294 2836 1379 2865 ultro
1395 2836 1527 2865 tandem
1543 2838 1575 2864 et
1594 2833 1733 2873 gratuito
1749 2843 1821 2864 eam

479 2887 498 2917 9
526 2881 647 2918 Diique
670 2885 701 2910 et
723 2881 865 2910 homines
889 2880 1101 2918 prohibuere]
1148 2878 1178 2906 in
1202 2886 1317 2907 manus
1339 2877 1562 2906 Romanorum
1588 2874 1766 2912 tradidisse,
1789 2879 1822 2906 et

432 2919 588 2958 Polybius
603 2924 710 2949 tamen
725 2926 756 2950 ct
770 2921 861 2950 initio
878 2921 932 2951 lib.
947 2921 965 2950 i.
980 2925 1010 2950 et
1025 2920 1104 2949 libro
1149 2919 1327 2948 incolumes
1337 2918 1368 2947 in
1381 2917 1517 2955 patriam
1525 2926 1614 2946 suam
1626 2916 1820 2955 remigrasse.
