1934 3211
446 226 523 263 124
953 220 1098 262 ΤΙΤΙ
1137 220 1317 262 LIVII

225 323 412 363 110274.
441 313 687 369 indignatio,
721 327 833 353 nunc
869 312 1018 368 pudor,
1051 320 1220 369 pectora
1251 326 1424 362 versare,
1459 319 1501 352 et
1536 312 1588 352 ab
1620 310 1828 352 intestinis

222 366 263 397 A.
287 366 324 397 U·
341 367 412 406 478.
441 379 625 412 avertere
655 369 797 411 malis:
831 370 941 411 nolle
970 370 1125 411 inultos
1151 370 1303 419 hostes,
1326 368 1436 410 nolle
1465 383 1713 418 successum,
1742 383 1828 409 non

440 428 646 477 Patribus,
669 443 754 469 non
775 427 1035 469 consulibus:
1060 436 1234 468 externa
1249 436 1291 468 et
1306 426 1533 468 domestica
1553 426 1650 467 odia
1669 433 1827 467 certare

440 485 483 526 in
515 485 675 526 animis.
739 485 932 526 Tandem
963 493 1161 540 superant
1192 493 1389 525 externa:
1424 484 1529 525 adeo
1556 484 1732 540 superbe
1763 483 1828 523 in-

224 543 378 592 Pugpam.
440 542 705 598 solenterque
742 542 873 583 hostis
913 542 1120 583 eludebat.
1198 542 1456 597 Frequentes
1492 541 1536 581 in
1570 540 1828 597 praetorium

223 590 324 659 ¹122?
337 587 429 618 miles
441 600 709 649 conveniunt,
732 608 910 655 poscunt
940 615 1136 655 pugnam,
1166 599 1389 655 postulant,
1416 607 1463 639 ut
1493 598 1659 654 signum
1689 598 1824 639 detur.

312 652 320 659 ’
443 657 662 707 Consules,
685 657 800 698 velut
826 656 1157 706 deliberabundi,
1180 656 1316 712 capita
1343 655 1577 705 conferunt,
1600 655 1674 696 diu
1701 654 1828 696 collo-

440 723 638 771 quuntur.
701 714 895 769 Pugnare
941 714 1190 770 cupiebant,
1243 713 1316 754 sed
1356 721 1467 754 ietro
1508 712 1742 754 revocanda
1785 720 1828 753 et

440 772 634 813 abdenda
663 771 869 827 cupiditas
902 779 1001 820 erat,
1034 779 1081 812 ut
1113 770 1369 812 adversando
1401 769 1772 826 lemorandoque
1761 784 1827 810 1n-

439 830 566 870 citato
593 828 722 869 semel
749 828 871 868 militi
902 828 1106 869 adderent
1135 828 1351 884 impetum.
1414 827 1627 868 Redditur
1655 842 1827 883 respon-

439 902 543 935 sum,
578 886 865 926 ‘immaturam
886 901 974 926 rem
999 886 1078 942 agi,
1101 886 1288 927 nondum
1319 894 1483 941 tempus
1511 899 1676 941 pugnae
1705 899 1821 926 esse:

442 950 452 967 ‘
465 943 607 984 castris
629 958 670 983 se
693 944 916 984 tenerent.⁷
954 943 1141 984 Edicunt
1161 943 1272 992 inde,
1307 949 1317 966 ‘
1334 952 1381 984 ut
1402 942 1638 984 abstineant
1657 957 1822 999 pugna:

441 1001 499 1041 ‘si
525 1000 617 1056 quis
642 1000 801 1041 iniussu
822 1001 1081 1056 pugnaverit,
1104 1009 1151 1042 ut
1180 1001 1225 1041 in
1253 1001 1414 1042 hostem
1439 999 1824 1042 animadversuros.’

440 1058 506 1099 Ita
521 1057 712 1107 dimissis,
731 1073 815 1113 quo
836 1058 974 1099 minus
995 1058 1184 1099 consules
1200 1058 1305 1099 velle
1327 1058 1518 1107 credunt,
1536 1057 1684 1098 crescit
1703 1057 1826 1099 ardor

439 1115 667 1171 pugnandi.
730 1115 956 1156 Accedunt
995 1115 1166 1171 insuper
1205 1115 1343 1156 hostes
1377 1115 1555 1156 ferocius
1595 1115 1740 1165 multo,
1777 1123 1826 1156 ut

439 1173 629 1213 statuisse
671 1188 756 1213 non
796 1188 983 1229 pugnare
1024 1172 1213 1214 consules
1253 1172 1467 1228 cognitum
1503 1180 1576 1213 est.
1653 1172 1824 1229 Quippe

439 1230 611 1286 impune
647 1245 689 1271 se
726 1229 1007 1280 insultaturos,
1045 1245 1131 1271 non
1163 1229 1278 1270 credi
1313 1229 1435 1270 militi
1471 1244 1608 1270 arma:
1646 1244 1736 1271 rem
1771 1230 1847 1271 ad(

440 1287 635 1329 ultimum
665 1287 881 1329 seditionis
911 1296 1165 1343 erupturam,
1198 1287 1409 1343 finemque
1441 1287 1602 1328 venisse
1631 1286 1825 1328 Romano

440 1345 625 1401 imperio.
680 1344 761 1385 His
781 1345 877 1386 freti
898 1354 1115 1386 occursant
1138 1345 1280 1401 portis,
1303 1345 1500 1401 ingerunt
1520 1344 1682 1400 probra,
1703 1359 1825 1401 aegre

442 1403 664 1452 abstinent,
703 1403 806 1458 quin
841 1412 974 1444 castia
1008 1411 1264 1459 oppugnent.
1328 1402 1554 1443 Enimvero
1593 1417 1680 1443 non
1718 1402 1826 1444 ultra

440 1434 736 1501 contumeliam
771 1460 857 1516 pati
890 1460 1106 1501 Romanus
1141 1475 1286 1516 posse.
1332 1460 1428 1501 totis
1459 1459 1601 1500 castris
1636 1459 1824 1516 undique

440 1517 494 1558 ad
515 1517 704 1558 consules
732 1517 921 1558 curritur.
986 1517 1087 1558 Non
1118 1518 1200 1558 iam
1231 1518 1397 1567 sensim,
1420 1525 1467 1558 ut
1494 1526 1603 1567 ante,
1626 1532 1702 1573 per
1728 1532 1826 1559 cen-

441 1575 654 1615 turionum
675 1575 883 1630 principes
900 1574 1134 1631 postulant,
1158 1574 1231 1615 sed
1247 1575 1399 1630 passim
1415 1590 1559 1616 omnes
1576 1574 1826 1616 clamoribus

440 1640 581 1688 agunt.
644 1631 815 1673 Matura
849 1647 914 1673 res
951 1641 1061 1681 erat,
1102 1632 1424 1688 tergiversantur
1460 1642 1611 1673 tamen.
1673 1631 1826 1673 Fabius

441 1689 608 1739 deinde,
631 1689 684 1730 ad
713 1698 969 1730 crescentem
998 1689 1217 1730 tumultu
1208 1704 1290 1730 iam
1319 1698 1477 1730 metum
1505 1689 1720 1730 seditionis
1741 1689 1826 1730 col-

440 1746 534 1827 lega
569 1747 841 1796 concedente,
879 1762 1009 1803 quum
1045 1747 1256 1788 silentium
1292 1746 1460 1787 classico
1494 1746 1670 1797 fecisset,
1708 1746 1826 1803 ‘Ego

443 1805 578 1854 ‘istos,
605 1804 685 1845 Cn.
711 1804 859 1854 Manli,
881 1819 1001 1860 posse
1023 1805 1188 1845 vincere
1217 1804 1328 1853 sci03
1361 1804 1467 1845 velle
1488 1819 1541 1845 ne
1564 1804 1724 1854 scirem,
1746 1804 1826 1861 ipsi

443 1862 666 1903 ‘fecerunt.
730 1861 878 1918 Itaque
910 1871 1071 1903 certum
1102 1870 1226 1917 atque
1258 1862 1474 1902 decretum
1505 1870 1579 1912 est,
1611 1877 1697 1903 non
1727 1862 1825 1903 dare

443 1919 645 1975 ‘signum,
668 1919 761 1968 nisi,
782 1920 960 1961 victores
991 1935 1033 1960 se
1064 1919 1270 1960 redituros
1301 1934 1353 1960 ex
1387 1919 1464 1960 hac
1496 1934 1650 1975 pugna,
1672 1919 1823 1961 iurant.

443 1976 702 2018 ‘Consulem
734 1977 976 2018 Romanum
1006 1976 1125 2017 miles
1155 1976 1283 2017 semel
1314 1977 1357 2017 in
1393 1977 1480 2018 acie
1511 1976 1683 2026 fefellit3
1726 1977 1826 2018 deos

444 2040 685 2090 ‘nunquam
706 2034 845 2075 fallet?
908 2034 1115 2076 Centurio
1145 2043 1233 2075 erat
1254 2033 1316 2075 M.
1340 2034 1585 2083 Flavoleius,
1607 2034 1717 2075 inter
1742 2034 1827 2090 pri-

442 2106 576 2132 mores
608 2107 772 2147 pugnae
806 2091 1025 2148 flagitator.
1089 2091 1153 2132 ‘V
1155 2092 1284 2141 ictor,’
1314 2091 1465 2147 inquit,
1503 2091 1590 2133 ζΜ.
1613 2091 1728 2141 Fabi,
1761 2106 1827 2133 re-

444 2155 604 2189 ‘vertar
635 2164 688 2190 ex
721 2149 835 2190 acie?
898 2148 941 2190 Si
972 2149 1098 2199 fallat,
1122 2148 1267 2190 Iovem
1298 2157 1472 2205 patrem,
1507 2148 1826 2205 Gradivumque

442 2206 638 2256 Blartcm,
680 2206 864 2271 aliosque
910 2206 1034 2248 iratos
1074 2207 1239 2247 invocat
1278 2207 1389 2248 deos.
1464 2206 1584 2248 Idem
1628 2207 1826 2263 deinceps

441 2264 576 2304 omnis
598 2264 835 2305 exercitus
825 2279 869 2304 1n
890 2279 932 2304 se
956 2265 1132 2320 quisque
1154 2264 1272 2305 iurat.
1322 2264 1471 2305 Iuratis
1492 2264 1615 2305 datur
1634 2264 1822 2320 signum·
1812 2296 1823 2314 ,

441 2336 555 2362 arma
590 2321 785 2377 capiunt:
832 2329 934 2362 eunt
974 2323 1018 2362 in
1058 2337 1256 2386 pugnam,
1294 2321 1448 2362 irarum
1483 2322 1655 2378 speique
1695 2321 1822 2386 pleni.

443 2378 570 2419 Nunc
612 2379 757 2420 iubent
792 2378 987 2419 Etruscos
1027 2379 1178 2435 probia
1209 2379 1355 2428 iacere,
1389 2394 1501 2419 nunc
1541 2379 1707 2420 armatis
1746 2378 1826 2420 sibi

442 2436 618 2491 quisque
653 2436 796 2491 lingua
827 2444 1067 2491 promptum
1103 2436 1264 2477 hostem
1298 2436 1447 2477 offerri.
1519 2435 1722 2477 Omnium
1753 2435 1825 2478 illo

441 2493 522 2542 dic,
546 2509 629 2548 qua
658 2493 803 2549 plebis,
827 2509 910 2549 qua
938 2493 1125 2543 Patrum,
1154 2493 1308 2534 eximia
1336 2493 1467 2534 virtus
1496 2493 1585 2534 fuit.
1648 2493 1825 2535 Fabium

442 2566 608 2600 nomen,
632 2550 759 2591 Fabia
778 2566 879 2606 gens
905 2551 1085 2591 maxime
1115 2551 1277 2591 enituit.
1341 2550 1491 2591 Multis
1518 2550 1708 2592 civilibus
1736 2565 1825 2592 cer-

442 2608 665 2648 taminibus
687 2608 867 2648 infensos
887 2607 1021 2663 plebis
1042 2608 1201 2648 animos
1222 2607 1292 2648 illa
1307 2623 1449 2663 pugna
1464 2608 1541 2649 sibi
1558 2608 1822 2650 reconciliare
1835 2622 1856 2654 9

441 2673 639 2706 statuunt.
703 2665 928 2706 Instruitur
948 2665 1055 2706 acics
1073 2681 1081 2706 :
1116 2680 1193 2706 nec
1213 2665 1368 2706 Veiens
1389 2665 1517 2707 hostis
1540 2665 1824 2722 Etruscaeque

485 2844 503 2872 8
532 2846 572 2874 Se
601 2847 833 2885 {mennam-os]
873 2848 998 2878 Vocem
1034 2850 1110 2886 rati,
1197 2859 1216 2889 9
1239 2850 1306 2879 Sibi
1322 2851 1544 2888 reconciliare]
1575 2849 1691 2880 Fabios
1705 2858 1745 2879 ex
1761 2848 1822 2879 hac

441 2896 522 2923 quac
546 2887 575 2915 in
601 2889 787 2925 quibusdam
806 2891 896 2920 codd.
915 2894 1014 2927 extat.¹
1030 2902 1049 2921 a
1064 2902 1110 2921 se·
1155 2891 1412 2922 reconciliatione
1435 2892 1535 2922 alium
1561 2901 1668 2923 versus
1693 2891 1821 2930 plebem

442 2929 546 2957 cunda
581 2939 676 2959 mauu
704 2932 845 2962 additam
878 2933 975 2963 habet
1008 2934 1109 2964 Drak.
1155 2934 1299 2964 animum
1321 2934 1449 2973 gessisse
1473 2938 1565 2974 putat
1587 2932 1720 2964 Niebhr.
1741 2932 1771 2965 ii.
1789 2943 1822 2973 p.

444 2970 523 3000 Eam
537 2981 628 3009 porro
640 2971 785 3004 inutilem
796 2984 862 3005 esso
874 2979 980 3006 censet
992 2976 1108 3005 Stroth.
1160 2985 1226 3015 190.
