1934 3211
580 199 705 242 LIB.
747 199 780 241 I.
828 198 975 240 CAP.
1017 202 1083 239 20.
1474 202 1526 241 25

140 288 405 354 dispensavit,
428 295 475 328 ut
495 296 643 343 quarto
670 295 714 328 et
737 286 938 343 vigesimo
959 301 1069 328 anno
1090 286 1144 327 ad
1169 295 1322 328 metam
1350 287 1528 329 eandem

139 346 248 396 sth,
270 345 382 386 unde
404 345 485 387 orsi
509 353 660 394 essent,
681 344 817 401 plenis
841 359 1045 386 annorum
1066 344 1255 386 omnium
1277 345 1419 400 spatiis
1439 345 1529 386 dies

109 415 189 447 600

190 413 428 459 ngruerent.
490 402 611 444 Idem
643 402 824 444 nefastos
849 402 939 444 dies
965 402 1175 458 fastosque
1196 401 1308 452 fecit,
1330 402 1431 457 quia
1455 402 1529 443 ali-

138 460 309 517 quando
341 460 447 502 nihil
478 476 575 502 cum
609 460 765 517 populo
797 460 864 517 agi
896 460 999 502 utile
1035 460 1222 501 futurum
1254 468 1354 501 erat.

1417 459 1530 500 Tum

138 518 422 560 sacerdotibus
471 519 661 560 creandis
705 519 892 560 animum
936 518 1103 568 adiecit,
1152 532 1394 574 quanquam
1442 517 1530 574 ipse

138 576 319 633 plurima
350 592 464 618 sacra
495 577 649 626 obibat,
678 592 728 618 ea
759 576 953 626 maxime,
983 591 1090 632 quae
1126 590 1240 617 nunc
1275 575 1328 616 ad
1361 574 1530 616 Dialem

111 646 127 679 7
139 634 351 676 flaminem
373 635 596 691 pertinent.

661 634 758 684 Sed,
787 634 887 690 quia
916 634 961 675 in
988 634 1155 675 civitate
1176 633 1373 675 bellicosa
1392 632 1532 689 plures

141 691 329 743 Romuli,
360 708 487 749 quam
516 691 697 743 Numae,
729 691 884 734 similes
913 707 1032 749 reges
1058 692 1233 748 putabat
1257 691 1359 741 fore,
1382 691 1532 733 ituros-

139 765 222 807 que
258 750 369 807 ipsos
404 751 457 794 ad
491 750 626 800 bella3
669 766 723 792 ne
763 765 879 792 sacra
917 751 1054 807 regiae
1090 749 1191 791 vicis
1225 748 1530 799 desererentur,

139 808 351 850 flaminem
392 809 482 850 Iovi
524 809 736 850 assiduum
786 808 1044 850 sacerdotem
1083 807 1252 858 creavit,
1293 807 1532 864 insignique
1546 808 1719 840 Flamines.

139 881 237 908 eum
258 875 371 909 veste
412 876 454 908 et
494 866 628 908 curuli
670 867 785 923 regia
822 866 924 908 sella
961 866 1190 908 adornavit.

1272 864 1388 907 Huic
1428 865 1534 906 duos

139 924 329 966 flamines
349 925 525 974 adjecit:
560 924 691 966 Marti
712 940 857 975 imum,
880 924 1057 966 alterum
1071 923 1271 972 Quirino.
1315 922 1534 980 Virgines-

138 997 223 1039 que
240 981 395 1024 Vestae
416 983 531 1039 legit,
549 982 663 1024 Alba
682 982 908 1024 oriundum
929 982 1220 1032 sacerdotium,
1238 990 1281 1023 et
1300 982 1417 1038 genti
1433 996 1534 1022 con-

109 1039 285 1082 sditoris
314 1041 428 1082 haud
463 1040 659 1082 alienum.
722 1040 816 1091 His,
845 1050 893 1082 ut
924 1040 1112 1082 assiduae
1146 1039 1293 1096 templi
1327 1039 1534 1080 antistites

139 1107 291 1149 essent,
321 1099 578 1156 stipendium
608 1099 661 1140 de
691 1098 860 1155 publico
890 1098 1055 1140 statuit:
1088 1097 1325 1151 virginitate
1359 1097 1532 1154 aliisque

107 1157 402 1202 9caerimoniis
425 1156 683 1198 venerabiles
710 1172 758 1198 ac
785 1165 946 1198 sanctas
969 1156 1079 1198 fecit.
1145 1155 1276 1197 Salios
1303 1156 1404 1197 item
1429 1155 1534 1197 duo-
1546 1162 1635 1194 Salii.

139 1214 278 1256 decim
296 1214 425 1256 Marti
444 1214 631 1256 Gradivo
651 1214 766 1271 legit,
784 1215 1037 1271 tunicaeque
1059 1214 1195 1270 pictae
1217 1213 1380 1270 insigne
1402 1213 1533 1263 dedit,

140 1282 185 1314 et
214 1287 339 1329 super
369 1273 555 1314 tunicam
587 1288 766 1314 aeneum
799 1273 957 1329 pectori
993 1282 1215 1328 tegumen:
1255 1271 1533 1327 coelestiaque

116 1345 268 1380 1ar1na,
306 1346 413 1387 quae
454 1330 605 1372 ancilia
639 1330 915 1387 appellantur,
948 1330 1068 1379 ferre,
1102 1344 1149 1370 ac
1186 1344 1262 1385 per
1291 1329 1439 1370 urbem
1475 1329 1534 1370 ire

141 1397 341 1430 canentes
368 1389 552 1430 carmina
577 1404 674 1429 cum
705 1387 898 1444 tripudiis
927 1387 1189 1442 sollennique
1221 1385 1372 1427 saltatu
1401 1386 1531 1427 iussit.

111 1446 392 1488 2Pontificem
432 1446 586 1487 deinde
625 1445 811 1486 Numam
845 1444 1069 1494 Marcium,
1112 1443 1249 1485 Marci
1291 1443 1439 1494 filium,
1481 1459 1532 1485 ex
1549 1453 1709 1484 Pontifex.

142 1503 336 1546 Patribus
367 1503 481 1559 legit,
513 1503 636 1559 eique
667 1518 782 1544 sacra
811 1502 952 1543 omnia
985 1501 1193 1558 exscripta
1233 1501 1534 1558 exsignataque

141 1561 329 1604 attribuit
345 1577 356 1611 ;
395 1561 547 1618 quibus
578 1561 737 1610 hostiis,
769 1560 922 1617 quibus
951 1559 1112 1610 diebus,
1144 1559 1199 1601 ad
1234 1575 1342 1616 quae
1378 1559 1537 1617 templa

186 1685 208 1718 6
233 1686 385 1724 Nesastos
407 1687 473 1717 dies
494 1685 678 1726 fastosque]
724 1686 815 1716 Fasti

141 1730 210 1761 dies
231 1733 333 1767 erant,
355 1729 471 1768 quibus
496 1729 614 1759 licebat
636 1728 698 1758 tria
720 1729 816 1758 verba

140 1773 287 1804 solennia
308 1772 378 1810 fari,
399 1773 460 1809 Do,
481 1773 572 1809 Dico,
591 1772 713 1802 Addico
725 1784 735 1808 ;
759 1781 816 1801 seu

140 1816 222 1847 ferre
237 1816 278 1846 de
293 1825 326 1846 re
342 1819 544 1846 controversa
559 1815 591 1845 in
612 1813 731 1844 iudicio
747 1824 816 1844 sen—

141 1859 298 1890 tentiam:
323 1859 452 1897 nefasti,
467 1857 583 1898 quibus
605 1868 668 1887 non
689 1857 816 1888 licebat.

142 1902 288 1934 Nesastis
309 1906 418 1932 autem
442 1901 556 1932 diebus
581 1900 632 1940 agi
658 1910 731 1930 cum
762 1910 817 1940 po-

141 1945 221 1986 pulo
247 1955 311 1975 non
340 1948 475 1984 poterat,
498 1944 517 1974 i.
537 1954 564 1974 e.
589 1943 730 1983 populus
753 1953 817 1973 non

142 1992 268 2028 poterat
297 1988 330 2018 in
360 1987 545 2027 suffragium
581 1985 676 2017 mitti.
711 1986 818 2018 szv.

141 2031 193 2063 Cf.
211 2031 306 2063 Ovid.
325 2031 410 2061 Fast.
428 2030 447 2061 i.
464 2040 515 2069 47.

196 2082 213 2114 7
241 2075 417 2104 Flaminem
455 2073 599 2110 Dialem]
638 2083 679 2102 sc.
713 2071 816 2102 Iovia-

142 2117 220 2155 lem,
238 2116 292 2157 qui
316 2116 445 2155 reliquis
467 2115 623 2153 dignitate
645 2115 817 2145 antecelle—

142 2160 208 2191 bat.
258 2161 420 2190 Flumineis·
443 2163 533 2189 erant
556 2158 737 2188 saoerdotes
763 2157 818 2187 uni

142 2203 240 2234 alicui
257 2202 380 2233 numini
395 2201 529 2237 addicti,
544 2206 575 2231 et
593 2200 727 2231 maiores
742 2200 817 2230 Dia-

143 2246 195 2282 lis,
212 2245 423 2279 Martialimct
437 2243 627 2280 Quirinalis,
642 2243 758 2283 quihus
772 2243 818 2273 xii

143 2289 282 2320 minores
296 2287 397 2318 additi
413 2292 487 2318 sunt
502 2286 594 2317 variis
610 2286 819 2326 temporibus,

142 2331 240 2363 etiam
254 2331 285 2362 in
299 2331 451 2361 honorem
468 2330 715 2369 Imperatorum.
755 2330 819 2368 Ap-

144 2374 257 2415 pellati
274 2375 319 2405 ita
334 2374 508 2404 creduntur
525 2374 572 2403 vel
589 2374 676 2412 asilo
692 2374 819 2412 susila-

144 2419 256 2449 meutix
288 2417 399 2453 laneis,
429 2415 549 2451 infulis,
576 2416 692 2455 quibus
721 2419 819 2454 caput

145 2460 327 2500 cingebant,
339 2460 386 2490 vel
401 2470 419 2490 a
430 2460 525 2499 pileo,
534 2459 623 2498 quasi
638 2460 819 2498 pilame‘nes,

146 2504 195 2534 vel
207 2505 360 2543 astameo,
369 2503 482 2533 eodem
497 2502 611 2541 capitis
623 2506 821 2538 tegumento,

144 2547 249 2586 apice,
262 2546 389 2586 proprio
404 2545 587 2576 Flamiuum
602 2544 724 2582 insigni.
744 2544 819 2574 Dio-

147 2599 215 2628 nys.
227 2589 257 2620 ii.
270 2588 320 2627 64.
338 2593 369 2619 et
389 2589 474 2619 l’lut.
491 2588 612 2623 Numa,
629 2596 653 2626 7.
670 2587 723 2626 qui
744 2586 819 2617 Dia-

148 2632 211 2662 lem
228 2636 260 2662 et
279 2631 460 2662 Martialem
478 2630 540 2660 iam
557 2642 576 2661 a
592 2630 734 2661 Romulo
747 2641 818 2669 pro-

147 2675 237 2710 duos,
253 2673 352 2713 iisque
371 2673 573 2710 Quirinalem
594 2684 614 2703 a
635 2673 744 2704 Numa
766 2672 820 2702 ad-

148 2717 266 2748 iectum
283 2716 370 2747 dicit.
398 2717 480 2747 Rus».

196 2762 215 2790 8
239 2760 433 2797 (brunum—is]
478 2758 580 2790 Cuius
609 2768 726 2797 nempe
756 2767 820 2787 ma-

149 2806 196 2834 ter
214 2802 307 2833 Rhea
322 2802 424 2832 fuerat
442 2801 509 2840 ipsa
529 2801 668 2831 vestalis
685 2801 821 2831 Albana.

148 2847 267 2885 Legyere
288 2846 423 2875 Vestam
438 2844 612 2873 solenniter
627 2843 746 2873 dictum
764 2846 821 2872 ent.

153 2888 321 2920 Uberrime
344 2888 384 2917 «le
409 2886 467 2917 hac
495 2886 673 2916 Vestalium
699 2885 821 2915 institu-

149 2932 236 2962 tione
248 2931 393 2961 dim-ruit
412 2929 543 2969 Dionym
557 2929 586 2959 ii.
597 2928 650 2967 65,
660 2933 757 2966 atque
770 2938 823 2957 van

150 2974 212 3006 iam
229 2984 248 3005 a
267 2974 408 3006 Romulo
430 2971 590 3003 institutas
611 2974 725 3002 murat.
771 2970 821 3001 Cf.

860 1685 948 1716 Plut.
965 1684 997 1714 in
1016 1684 1139 1721 Numa,
1160 1694 1205 1716 10.
1223 1688 1255 1715 et
1272 1685 1310 1715 A.
1329 1684 1416 1716 Gell.
1434 1685 1453 1716 i.
1474 1695 1521 1717 12.

906 1737 926 1769 9
947 1729 1067 1765 Salios]
1116 1728 1145 1758 A
1169 1728 1318 1758 saltando
1344 1728 1388 1758 sic
1412 1728 1535 1760 dictos:

860 1781 943 1810 quae
965 1770 1094 1800 saltatio
1111 1780 1220 1801 eorum
1245 1770 1358 1801 similis
1375 1775 1443 1802 erat
1465 1772 1536 1811 πυῤ-

859 1813 973 1854 ῥίχαις,
996 1813 1129 1844 armatis
1154 1814 1352 1845 Graecorum
1379 1814 1537 1854 tripudiis.

862 1857 950 1888 Plut.
978 1857 1101 1895 Numa,
1128 1867 1176 1894 12,
1199 1866 1244 1897 13·
1289 1858 1433 1888 Alartem
1456 1860 1538 1888 Gra-

861 1901 970 1930 divum
983 1899 1149 1939 explicant
1164 1900 1212 1930 vel
1221 1901 1433 1939 yradientem,
1445 1900 1538 1940 impr.

861 1942 927 1973 acri
942 1942 1067 1982 impetu
1084 1942 1115 1973 in
1133 1942 1269 1980 hostem,
1285 1941 1409 1983 (θοῦρον
1437 1943 1539 1983 Αρηα)

863 1985 912 2016 vel
944 1984 1156 2024 κραδαίνοντα,
1187 1986 1237 2016 vel
1267 1997 1399 2025 ιονιιυεηι
1433 1988 1538 2023 deum,

863 2029 911 2059 vel
925 2030 1074 2068 yrmuine
1089 2033 1205 2059 ortum.
1237 2029 1338 2060 Mitto
1353 2029 1434 2060 alias
1450 2029 1537 2069 inep-

862 2071 932 2102 tias.
959 2072 1043 2102 Rev.

910 2124 920 2144 1
947 2115 1095 2152 Ancilia]
1136 2114 1186 2145 Cf.
1209 2114 1270 2145 Or.
1293 2114 1378 2145 Fast.
1402 2114 1443 2144 iii.
1468 2123 1538 2154 370.

863 2157 1017 2188 Finxerat
1029 2157 1114 2187 enim
1131 2157 1241 2187 Numa
1254 2157 1385 2187 missum
1397 2157 1437 2187 dc
1448 2158 1539 2188 coelo

861 2200 903 2230 ab
934 2199 1047 2237 Egeria
1073 2204 1199 2230 scutum
1227 2200 1401 2239 quoddam,
1426 2200 1540 2239 pignus

863 2242 1010 2282 imperii:
1038 2243 1079 2272 ad
1106 2242 1197 2273 cuius
1219 2242 1476 2277 similitudinem,
1499 2254 1539 2273 ue

863 2286 947 2316 furto
970 2285 1158 2321 auferretur,
1181 2285 1329 2316 undecim
1358 2285 1422 2315 alia
1447 2286 1537 2316 sabri-

865 2329 968 2359 canda
983 2334 1161 2363 curaverat,
1171 2339 1253 2368 quae
1266 2328 1344 2358 Salii
1360 2329 1539 2359 servabant.

867 2372 961 2402 llaec
990 2371 1120 2409 ancilia,
1144 2382 1199 2402 seu
1229 2371 1335 2411 potius
1358 2371 1498 2410 ancylia,
1521 2382 1540 2402 a

864 2415 964 2452 figura
976 2414 1104 2444 sinuosa
1116 2415 1283 2454 appellata
1295 2419 1379 2445 sunt.
1410 2414 1495 2445 l‘lut.
1508 2415 1538 2445 iu

867 2457 989 2492 Numa,
1007 2467 1052 2496 ¹3·

914 2510 929 2531 2
961 2501 1164 2540 [ventila-em]
1212 2500 1252 2530 Et
1276 2499 1404 2539 quidem
1432 2501 1538 2530 Alasi-

865 2554 962 2578 mum,
982 2543 1006 2573 ui
1031 2544 1102 2573 aliis
1126 2544 1204 2573 tides
1228 2543 1386 2576 habenda,
1402 2542 1454 2581 qui
1480 2548 1539 2572 tra-

865 2587 957 2619 dunt.
970 2591 1094 2625 practer
1106 2596 1178 2616 eum
1193 2590 1343 2624 quattuor
1357 2585 1541 2619 Pontifices,

865 2639 982 2668 eosque
1011 2628 1170 2668 patricios,
1196 2640 1214 2658 a
1241 2628 1351 2658 Numa
1380 2628 1541 2659 institutos

865 2683 944 2703 est-ic.
969 2672 1017 2702 Cf.
1034 2671 1166 2710 Dionys.
1180 2671 1209 2700 ii.
1225 2679 1272 2710 73.
1288 2670 1386 2709 iii.45.
1412 2670 1541 2706 Quibus

870 2714 911 2745 U.
932 2716 969 2746 C.
992 2724 1063 2752 452.
1087 2719 1238 2753 quattuor
1261 2724 1278 2743 c
1306 2714 1399 2753 plebe
1421 2714 1538 2744 adiecti

867 2757 936 2788 infr.
954 2768 984 2787 x.
1001 2757 1042 2791 (ις
1064 2762 1095 2786 ct
1119 2756 1235 2786 deinde
1257 2762 1379 2795 septem
1401 2767 1420 2786 a
1437 2757 1537 2787 Sulla.

870 2800 990 2829 Vocem
1009 2801 1190 2829 ιὶΙιιήηιηηι
1210 2798 1318 2830 Livius
1332 2798 1470 2830 adiicere
1486 2800 1537 2830 de-

868 2852 954 2872 mum
978 2842 1084 2881 coepit
1107 2842 1181 2872 inde
1200 2852 1220 2872 u
1236 2841 1277 2873 iii.
1296 2851 1345 2881 24.
1369 2842 1539 2881 ‹›1uisitquc

867 2885 963 2915 etiam
988 2884 1017 2915 ii.
1041 2894 1067 2915 2.
1085 2891 1115 2915 et
1138 2894 1187 2924 27.
1225 2885 1275 2916 Cf.
1297 2885 1371 2916 Var.
1388 2885 1429 2916 de
1448 2886 1482 2916 L.
1503 2885 1539 2916 L.

868 2927 906 2959 iv.
935 2928 1019 2958 ltrr.

1613 477 1679 514 20.
