1934 3211
575 206 701 248 LIB.
741 206 774 248 I.
823 206 968 250 CAP.
1012 212 1074 249 13.
1471 214 1518 254 17

100 314 111 335 ι
130 295 290 338 Mettus
325 295 511 347 Curtius,
540 298 592 339 ab
621 297 824 338 Romanis
852 295 1012 337 Hostus
1035 296 1252 338 Hostilius.
1318 296 1400 338 Hic
1433 314 1519 340 rem

130 353 363 395 Romanam
385 354 531 410 iniquo
552 354 644 396 loco
665 354 719 395 ad
739 355 874 411 prima
894 355 1012 410 signa
1032 355 1172 395 animo
1192 363 1318 410 atquc
1347 355 1522 396 audacia

125 410 365 453 sustinebat.
430 411 492 453 Ut
513 411 675 454 Hostus
695 412 861 461 cecidit,
884 412 1103 453 confestim
1133 411 1326 453 Romana
1346 412 1521 454 inclina-

125 476 195 510 tur
209 469 335 519 acies3
366 469 541 526 fusaque
558 479 621 512 est
637 470 691 511 ad
706 478 890 511 veterem
905 479 1069 526 portam
1086 469 1247 510 Palatii.
1297 469 1518 519 Romulus,

125 534 168 567 et
201 526 289 584 ipse
323 528 446 569 turba
478 527 731 584 fugientium
762 536 891 577 actus,
924 542 1038 569 arma
1073 527 1127 568 ad
1157 527 1322 568 coelum
1356 527 1520 575 tollens,

126 582 326 640 ‘Iupiter,
351 585 457 635 tuis,'
478 585 630 642 inquit,
663 585 824 627 ‘iussus
856 585 1001 627 avibus
1031 585 1099 626 hic
1129 585 1174 626 in
1196 585 1358 626 Palatio
1418 585 1523 626 rima

126 641 244 683 ‘urbi
260 641 533 684 fundamenta
553 643 645 685 ieci.
699 643 856 684 Arcem
872 643 968 692 iam,
985 642 1142 685 scelere
1156 651 1354 699 emptam,
1377 600 1521 684 gabini

126 699 332 741 ‘habentt
366 700 465 743 inde
495 701 578 742 huc
610 701 770 751 armati,
793 709 987 757 superata
1016 700 1157 742 media
1182 700 1302 751 valle,
1326 701 1517 742 tendunt.

125 757 213 798 ‘At
232 765 292 808 tu,
314 767 434 815 pater
452 758 581 800 deum
602 759 920 814 hominumque,
943 758 1043 800 hinc
1068 758 1215 800 saltem
1236 773 1329 799 arce
1352 758 1517 800 hostes:

125 819 139 839 ‘
149 814 272 857 deme
309 825 509 858 terrorem
543 817 759 866 Romanis,
791 815 1018 872 fugamque
1058 816 1226 858 foedam
1262 816 1371 857 siste.
1436 816 1521 858 Hic

92 878 138 913 α(
149 887 228 930 ego
265 873 340 915 tibi
377 874 581 931 templum
621 874 775 916 Statori
811 873 915 924 Iovi,
953 874 1069 931 quod
1104 883 1427 916 monumentum
1469 875 1521 916 sit
1536 884 1661 924 Iupiter

125 936 137 955 ‘
205 931 336 981 steris,
369 940 441 973 tua
467 932 677 989 praesenti
707 947 786 989 ope
817 940 1022 973 servatam
1053 933 1200 974 urbem
1230 947 1331 983 esse,
1363 928 1651 974 voveo.’St²²t⁰s·

123 946 244 1031 Pffec
274 999 479 1046 precatus,
512 990 643 1032 veluti
676 990 711 1031 si
740 990 934 1031 sensisset
964 990 1127 1031 auditas
1157 1005 1314 1047 preces,
1353 989 1521 1040 ‘Hinc‚’

121 1046 273 1103 inquit,
304 1053 316 1071 ‘
331 1047 527 1098 Romani,
550 1047 713 1105 Iupiter
741 1048 923 1104 optimus
948 1048 1154 1089 maximus
1182 1048 1371 1090 resistere
1393 1057 1519 1104 atque

124 1105 298 1146 ‘iterare
326 1120 512 1162 pugnam
540 1106 683 1148 iubet.’
744 1105 954 1147 Restitere
979 1106 1175 1156 Romani,
1199 1114 1400 1162 tanquam
1426 1121 1522 1148 coe-

122 1161 216 1204 lesti
228 1178 330 1205 voce
347 1163 465 1205 iussi:
499 1164 587 1220 ipse
605 1164 657 1205 ad
671 1164 873 1221 primores
890 1163 1098 1205 Romulus
1113 1163 1313 1220 provolat.
1358 1163 1520 1205 Mettus

125 1219 300 1262 Curtius
315 1223 369 1264 ab
394 1220 558 1263 Sabinis
575 1222 769 1278 princeps
790 1223 843 1263 ab
865 1236 958 1263 arce
980 1221 1287 1271 decucurrerat,
1305 1230 1348 1263 et
1369 1222 1521 1263 effusos

122 1288 266 1335 egerat
307 1278 534 1329 Romanos,
569 1288 656 1321 toto
698 1289 904 1335 quantum
939 1279 1028 1320 foro
1064 1279 1245 1335 spatium
1286 1288 1360 1320 est.
1424 1279 1520 1321 Nec

122 1335 269 1392 procul
290 1336 373 1377 iam
390 1352 413 1378 a
429 1346 549 1393 porta
565 1336 716 1378 Palatii
738 1347 839 1385 erat,
854 1336 1083 1386 clamitans,
1109 1342 1120 1360 ‘
1133 1336 1324 1377 Vicimus
1337 1337 1520 1393 perfidos

122 1393 346 1450 ‘hospites,
380 1394 570 1436 imbelles
605 1395 754 1435 hostes.
818 1393 907 1435 Iam
944 1394 1095 1443 sciunt,
1128 1393 1251 1449 longe
1285 1394 1400 1435 aliud
1431 1410 1519 1436 csse

125 1451 330 1517 ‘virgines
352 1467 509 1508 rapere,
532 1451 647 1493 aliud
677 1466 865 1508 pugnare
894 1466 990 1492 cum
1016 1451 1140 1492 viris.’
1200 1451 1251 1492 In
1282 1467 1393 1502 eum,
1416 1452 1519 1494 haec

121 1509 383 1565 gloriantem,
413 1524 510 1550 cum
539 1509 664 1563 globo
694 1509 1045 1550 ferocissimorum
1077 1509 1277 1550 iuvenum
1310 1509 1519 1551 Romulus

122 1567 179 1608 im
211 1575 327 1608 etum
347 1567 457 1608 facit.
522 1566 588 1607 Ex
616 1581 727 1623 equo
756 1576 846 1608 tum
867 1566 972 1608 forte
1003 1566 1165 1609 Mettus
1193 1569 1434 1624 pugnabat:
1468 1582 1518 1610 eo

206 1624 402 1666 ifacilius
422 1624 526 1666 fuit:
561 1624 728 1681 pulsum
759 1624 942 1666 Romani
970 1635 1292 1682 persequuntur.
1357 1625 1414 1667 Et
1437 1626 1519 1668 alia

120 1639 316 1724 ffomana
361 1682 483 1732 acies,
526 1682 702 1724 audacia
748 1682 856 1739 regis
903 1697 1089 1733 accensa,
1138 1683 1278 1725 fundit
1328 1682 1516 1726 Sabinos.

122 1738 285 1782 Mettus
318 1740 362 1781 in
397 1740 595 1797 paludem
628 1756 730 1790 sese,
767 1741 945 1797 strepitu
979 1741 1248 1797 sequentium
1282 1742 1518 1798 trepidante

118 1812 244 1854 equo,
276 1798 479 1840 coniecit:
518 1798 837 1854 adverteratque
869 1814 918 1840 ea
948 1814 1013 1840 res
1043 1799 1170 1840 ctiam
1204 1798 1382 1841 Sabinos
1413 1800 1519 1841 tanti

120 1855 307 1912 periculo
332 1856 421 1897 viri.
486 1855 542 1898 Et
572 1856 640 1898 illc
670 1856 856 1913 quidem,
885 1856 1171 1899 annuentibus
1202 1873 1249 1898 ac
1274 1858 1520 1899 vocantibus

119 1913 217 1964 suis,
234 1914 372 1956 favore
394 1914 621 1955 multorum
639 1914 784 1956 addito
805 1915 959 1964 animo,
977 1914 1129 1956 evadit.
1194 1915 1375 1956 Romani
1402 1915 1520 1957 Sabi-

120 1971 250 2028 nique
291 1972 335 2013 in
369 1972 507 2014 media
542 1972 729 2014 convalle
771 1972 951 2013 duorum
987 1973 1194 2014 montium
1230 1973 1521 2028 redintegrant

120 2029 352 2086 proelium:
387 2030 461 2071 sed
494 2045 558 2071 res
587 2030 781 2071 Romana
813 2040 901 2071 erat
933 2031 1132 2086 superior.
1195 2031 1308 2073 Tum
1340 2031 1518 2073 Sabinae
1601 2035 1663 2073 13.

120 2087 328 2137 mulieres,
358 2103 535 2144 quarum
569 2103 622 2129 ex
654 2088 805 2129 iniuria
835 2087 992 2129 bellum
1025 2097 1162 2130 ortum
1196 2098 1297 2137 erat,
1331 2090 1519 2131 crinibus
1535 2092 1703 2139 Mau-pum·

120 2146 249 2202 passis
283 2145 490 2202 scissaque
523 2155 649 2195 veste,
682 2146 793 2187 victo
825 2145 942 2187 malis
973 2146 1167 2187 muliebri
1197 2162 1363 2202 pavore,
1395 2163 1518 2189 ausae
1531 2135 1687 2207 JJ'{J‘.¹5}',¹‚¹1¹,¹¹¹,¹,'

119 2217 164 2245 sc
197 2203 309 2245 inter
341 2203 423 2245 tcla
450 2203 634 2245 volantia
664 2204 830 2253 inferre,
857 2219 910 2244 cx
941 2213 1172 2245 transverso
1205 2204 1364 2260 impetu
1396 2205 1517 2251 facto,
1689 2202 1695 2207 ⁹

118 2260 316 2303 dirimere
354 2261 521 2303 infestas
558 2262 678 2312 acics,
711 2261 908 2303 dirimere
947 2261 1048 2310 iras3
1092 2261 1190 2303 hinc
1231 2271 1382 2318 patrOS‚
1421 2262 1519 2303 hinc

120 2319 229 2361 viros
260 2328 440 2369 orantes,
484 2326 561 2361 ‘nc
595 2335 638 2361 se
672 2320 876 2374 sanguiue
912 2319 1093 2361 nefando
1124 2320 1255 2361 soceri
1288 2321 1518 2377 generique

121 2382 457 2434 ‘respergerent:
493 2393 545 2419 ne
579 2377 803 2434 parricidio
836 2377 1091 2419 macularent
1130 2388 1272 2434 partus
1299 2394 1408 2425 suos,
1448 2395 1520 2419 uc-

122 2441 293 2492 ‘potum
336 2435 407 2485 illi,
443 2435 620 2477 liberum
658 2435 701 2476 hi
739 2436 996 2492 progeniem.
1074 2435 1115 2477 Si
1159 2436 1370 2477 affinitatis
1414 2437 1521 2477 iuter

122 2498 232 2543 ‘vos,
254 2493 288 2534 si
309 2493 508 2535 connubii
532 2494 662 2550 piget,
685 2493 728 2534 in
758 2509 833 2535 nos
854 2494 1001 2535 vertite
1032 2494 1132 2534 iras:
1168 2509 1242 2534 uos
1263 2509 1387 2535 causa
1408 2494 1519 2541 belli,

169 2640 180 2660 1
208 2632 348 2669 Aleum]
381 2633 518 2663 Blenina
534 2632 605 2662 edd.
623 2637 698 2662 ante
718 2632 797 2662 I‘ru-
843 2631 908 2661 dini
925 2631 1031 2661 Roma
1045 2631 1119 2661 Ant.
1136 2631 1173 2660 vi.
1191 2640 1235 2668 14.
1250 2635 1280 2659 ct
1297 2629 1407 2667 Honori
1421 2629 1519 2661 Thes.

123 2673 219 2704 kenb.
235 2678 269 2703 et
287 2673 491 2705 Bekkcr.sed
507 2676 661 2706 :uc-etum
678 2675 797 2704 wach-
848 2674 964 2704 Brund.
987 2678 1009 2704 t.
1035 2673 1064 2703 ii.
1092 2684 1121 2712 p.
1146 2672 1217 2711 063.
1243 2672 1312 2711 756.
1340 2673 1422 2704 Rev.
1468 2674 1518 2704 Cf.

122 2716 439 2755 umuthioprobatur.
469 2718 798 2754 nlettim,cod.}122r-
848 2717 967 2746 venuti
1003 2716 1131 2746 Antich.
1158 2715 1190 2745 di
1219 2716 1335 2748 uuum,
1363 2716 1381 2746 i.
1411 2726 1440 2755 p.
1471 2725 1519 2755 74.

124 2758 176 2789 lei.
200 2768 223 2788 ι.
847 2760 931 2789 Mira
948 2764 1056 2788 tumen
1080 2759 1162 2788 inu-1·
1177 2758 1288 2788 doctos
1303 2758 1456 2788 dimensio
1472 2764 1519 2789 est

167 2811 183 2832 ἰ
208 2803 275 2832 lom·
291 2803 410 2832 Statori
427 2803 596 2842 templum!
622 2803 725 2842 Cujun
738 2808 800 2832 twa
845 2802 885 2830 de
903 2801 950 2831 hin
965 2801 1135 2834 columnis.
1147 2801 1270 2840 quippe
1285 2800 1472 2839 Burgbcnim
1488 2808 1519 2832 ct

122 2845 294 2875 columma·
310 2845 406 2874 ctiam
427 2855 511 2874 nunc
527 2851 709 2884 impensum,
725 2855 796 2874 con·
847 2844 1020 2878 nunni-nin,
1042 2854 1114 2874 cum
1139 2844 1255 2882 quibus
1279 2844 1385 2883 plures
1403 2844 1457 2874 alii
1476 2845 1518 2874 fu-

122 2887 182 2918 diti
205 2888 334 2918 demum
370 2887 408 2918 U.
433 2888 471 2917 (“.
499 2890 571 2925 45⁸.
599 2887 667 2918 infr.
695 2898 722 2917 x.
750 2896 796 2926 37.
843 2887 943 2921 ciunt,
965 2897 1018 2916 cna
1038 2886 1151 2916 nedem
1169 2886 1311 2917 cintoria
1326 2892 1357 2917 ct
1379 2887 1521 2917 Pollucis

123 2929 210 2961 haud
250 2930 359 2970 procul
397 2941 417 2959 a
453 2930 531 2964 furo,
562 2930 591 2959 in
624 2940 641 2959 x
675 2930 802 2969 regione
846 2929 1031 2959 numnuim·
1050 2929 1164 2968 plut-ct.
1188 2930 1238 2960 Cf.
1254 2929 1425 2960 Bn11.‹1c11.
1442 2930 1520 2961 lnst.

127 2972 233 3004 Urbis.
261 2974 311 3003 (Jt'.
330 2973 424 3005 (nid.
445 2972 529 3003 Fant.
546 2973 584 3004 vi.
605 2982 673 3013 793.
720 2972 801 3004 Nur·
847 2972 944 3003 Aren.
962 2972 993 3002 di
1014 2973 1127 3004 imum.
1147 2982 1202 3012 per
1219 2973 1327 3003 l'uuno
1349 2976 1436 3011 1835.

184 3028 280 3056 vm..
307 3029 331 3055 Ι.
1267 3029 1290 3054 C
