1934 3211
602 155 730 197 LIB.
765 154 841 196 IV.
888 154 1036 196 CAP.
1071 159 1138 200 38.
1492 157 1574 196 263

172 245 339 303 Cepere
359 254 514 296 autem,
537 246 653 302 prius
683 245 795 288 bello
815 245 999 302 fatigatis
1033 245 1234 295 Etruscis,
1257 245 1302 285 in
1329 246 1571 288 societatem
1590 258 1633 290 U.
1651 258 1689 290 c.
1707 267 1779 298 332·

168 304 283 345 urbis
311 318 593 359 agrorumque
623 303 811 359 accepti:
845 303 1001 344 deinde
1021 302 1127 344 festo
1153 302 1223 344 die
1250 317 1396 358 graves
1424 317 1571 345 somno
1585 302 1625 333 A.
1649 301 1688 333 C·
1705 311 1778 341 4²0-

166 360 387 417 epulisque
435 360 594 402 incolas
642 369 804 402 veteres
852 361 952 402 novi
999 360 1139 402 coloni
1185 369 1394 401 nocturna
1440 360 1568 401 caede

165 417 313 459 adorti.

137 492 150 514 1
224 473 306 516 His
336 476 460 518 rebus
490 476 606 526 actis,
633 475 825 518 consules
855 476 898 526 ii,
931 491 1038 532 quos
1068 476 1266 525 diximus,
1300 474 1448 516 Idibus
1481 475 1571 516 De-

164 532 403 574 cembribus
431 534 722 590 magistratum
743 549 956 590 occepere.
1020 533 1111 575 Iam
1140 548 1228 574 non
1248 532 1397 582 solum,
1420 533 1494 588 qui
1516 532 1570 573 ad

163 588 209 630 id
230 590 344 631 missi
372 600 504 641 erant,
527 591 771 641 retulerant,
794 591 1016 632 imminere
1044 590 1250 633 Volscum
1278 589 1461 639 bellum3
1495 589 1570 631 sed

161 645 289 703 legati
303 663 472 704 quoque
495 649 546 690 ab
569 649 733 690 Latinis
754 659 797 690 et
815 648 1014 690 Hernicis
1030 648 1295 698 nuntiabant,
1321 653 1333 671 ⁶
1347 646 1451 688 Non
1472 657 1569 689 ante

163 709 176 727 ‘
189 719 378 760 unquam
406 705 583 748 Volscos
604 722 683 747 nec
709 706 887 748 ducibus
907 706 1111 762 legendis,
1134 721 1212 747 nec
1241 705 1447 747 exercitui
1468 705 1568 746 scri-

163 761 341 812 ‘bendo,
374 763 622 805 intentiores
652 764 790 805 fuisse.
853 763 995 820 Vulgo
1026 764 1218 813 fremere,
1252 772 1324 804 aut
1349 763 1393 803 in
1418 777 1568 818 perpe-

163 824 175 842 ‘
192 828 312 860 tuum
336 835 451 862 arma
477 821 722 877 bellumque
744 821 946 863 oblivioni
974 821 1126 871 danda,
1149 821 1383 877 iugumque
1412 820 1567 876 accipi-

163 877 347 918 ‘endum
365 894 375 927 3
409 888 481 919 aut
503 879 564 928 iis,
589 894 686 920 cum
708 879 862 935 quibus
883 878 936 920 de
966 879 1143 935 imperio
1165 887 1360 928 certetur,
1383 892 1462 919 nec
1482 878 1566 918 vir-

161 939 174 957 ‘
190 942 293 984 tute,
317 950 396 977 nec
417 937 634 991 patientia,
657 951 736 978 nec
765 935 988 992 disciplina
1015 936 1075 977 rei
1105 935 1295 976 militaris
1323 935 1563 977 cedendum
1627 980 1629 985 ,

161 993 302 1033 ‘esse.'
364 993 494 1034 Haud
523 1009 629 1034 vana
649 993 853 1035 attulere:
887 993 963 1034 sed
990 1009 1069 1035 nec
1090 993 1266 1049 perinde
1293 993 1440 1034 Patres
1462 992 1566 1033 moti
1580 1002 1713 1033 Bellum

158 1057 284 1098 sunt3
317 1058 361 1091 et
384 1049 434 1091 C.
455 1050 741 1107 Sempronius,
765 1051 833 1092 cui
861 1066 911 1092 ea
931 1051 1147 1107 provincia
1161 1046 1267 1092 sorti
1295 1051 1449 1100 evenit,
1474 1060 1566 1092 tan·
1579 1055 1653 1093 cuju
1666 1045 1745 1076 Vol-

128 1121 286 1162 2quam
324 1108 685 1149 constantissimae
722 1108 796 1157 rei,
828 1108 1022 1150 fortunae
1064 1108 1206 1157 fretus,
1245 1108 1361 1163 quod
1395 1097 1648 1149 victoris⁵⁰¹⁵'

158 1163 306 1220 populi
336 1165 536 1206 adversus
568 1166 698 1206 victos
723 1165 812 1206 dux
841 1175 961 1215 esset,
993 1166 1136 1206 omnia
1164 1174 1322 1206 temere
1351 1181 1398 1208 ac
1431 1165 1566 1221 negli-

157 1230 308 1276 genter
329 1223 441 1278 egit:
476 1223 582 1264 adeo
611 1232 657 1263 ut
685 1223 932 1279 disciplinae
964 1222 1182 1264 Romanae
1214 1222 1309 1279 plus
1338 1223 1383 1264 in
1410 1222 1566 1264 Volsco

159 1279 362 1328 exercitu,
387 1295 513 1335 quam
544 1281 587 1320 in
614 1279 824 1330 Romano,
848 1288 967 1321 esset.
1033 1279 1146 1336 Ergo
1167 1279 1347 1330 fortuna,
1372 1289 1418 1321 ut
1440 1295 1564 1336 saepe

158 1335 271 1385 alias,
301 1337 501 1378 virtutem
533 1347 596 1378 est
624 1346 778 1378 secuta.
841 1337 986 1378 Primo
1017 1337 1191 1393 proelio,
1218 1337 1335 1393 quod
1363 1338 1414 1378 ab
1447 1337 1583 1378 Sem-¹

158 1394 308 1449 pronio
331 1394 499 1435 incaute
523 1394 847 1450 inconsulteque
869 1394 1139 1435 commissum
1160 1403 1236 1443 est,
1261 1409 1347 1435 non
1368 1394 1564 1435 subsidiis

159 1450 323 1492 firmata
344 1452 445 1501 acie,
469 1467 555 1492 non
578 1452 721 1507 equite
743 1460 839 1507 apte
869 1451 1019 1500 locato,
1043 1466 1295 1492 concursum
1322 1460 1396 1493 est.
1463 1450 1564 1492 Cla-

159 1523 251 1549 mor
273 1509 475 1550 indicium
498 1509 681 1565 primum
702 1509 794 1558 fuit,
818 1524 902 1564 quo
924 1523 989 1549 res
1011 1508 1264 1550 inclinatura
1284 1518 1414 1550 esset:
1449 1509 1564 1550 exci-

159 1566 284 1607 tatior
304 1567 571 1621 crebriorque
594 1567 646 1607 ab
667 1566 786 1607 hoste
808 1565 1019 1615 sublatus3
1053 1566 1104 1607 ab
1128 1565 1334 1607 Romanis
1355 1566 1560 1616 dissonus,

125 1635 144 1666 3
159 1622 304 1679 impar,
327 1623 496 1679 segnius
522 1638 646 1680 saepe
676 1623 850 1665 iteratus
874 1623 1061 1680 prodidit
1082 1638 1280 1680 pavorem
1309 1625 1559 1666 animorum.

158 1679 224 1721 Eo
264 1680 441 1722 ferocior
481 1680 620 1722 illatus
656 1681 799 1731 hostis,
834 1696 984 1737 urgere
1017 1682 1158 1732 scutis,
1196 1682 1349 1723 micare
1385 1682 1558 1738 gladiis:
1579 1692 1777 1724 Premuntur

157 1738 288 1779 altera
308 1753 362 1779 ex
384 1747 502 1794 parte
524 1747 677 1780 nutant
698 1739 1146 1795 circumspectantibus
1167 1739 1324 1796 galeae,
1349 1749 1391 1781 et
1412 1739 1562 1781 incerti
1578 1735 1732 1768 Romani.

157 1795 382 1851 trepidant,
406 1796 707 1852 applicantque
731 1812 773 1838 se
804 1797 965 1838 turbae.
1032 1796 1162 1853 Signa
1190 1812 1304 1838 nunc
1326 1797 1564 1838 resistentia

156 1853 410 1895 deseruntur
431 1854 482 1894 ab
504 1854 802 1909 antesignanis,
821 1869 935 1895 nunc
950 1854 1060 1895 inter
1080 1869 1176 1896 suos
1199 1854 1436 1911 manipulos
1457 1855 1562 1896 reci-

156 1911 342 1967 piuntur.
409 1910 615 1952 Nondum
645 1912 743 1967 fuga
764 1921 889 1961 certa,
912 1911 1103 1952 nondum
1132 1912 1307 1953 victoria
1327 1920 1441 1954 erat:
1477 1913 1562 1969 tegi

157 1969 289 2024 magis
325 1968 555 2017 Romanus,
589 1984 717 2024 quarn
747 1984 949 2025 pugnare.
1026 1968 1204 2010 Volscus
1238 1969 1392 2011 inferre
1429 1970 1560 2025 signa,

157 2041 306 2081 urgere
343 2026 490 2075 aciem,
530 2026 623 2081 plus
666 2027 806 2067 caedis
846 2026 1032 2067 hostium
1065 2026 1221 2074 videre,
1259 2041 1387 2081 quam
1423 2028 1559 2082 fugae.

157 2081 246 2123 Iam
270 2083 466 2123 omnibus
487 2082 588 2123 locis
609 2083 786 2131 ceditur,
810 2083 1095 2138 nequicquam
1120 2082 1370 2138 Sempronio
1391 2083 1562 2125 consule
1642 2094 1710 2134 38,

124 2136 131 2146 ‘
159 2139 408 2193 obiurgante
431 2149 558 2194 atquc
582 2139 798 2180 hortante:
834 2139 940 2179 nihil
963 2155 1041 2180 nec
1071 2139 1308 2195 imperium,
1332 2155 1410 2181 nec
1433 2141 1563 2182 maie-

158 2206 241 2237 stas
273 2196 458 2237 valebat:
493 2196 675 2260 dataque
708 2212 806 2237 mox
840 2205 956 2253 terga
986 2196 1176 2238 hostibus
1204 2196 1354 2246 forent,
1386 2198 1428 2238 ui
1463 2198 1559 2240 Sex.

126 2254 434 2310 4Tempanius‚
471 2254 644 2295 decurlo
686 2254 893 2309 equitum,
929 2254 1095 2295 labente
1137 2254 1219 2294 iam
1257 2269 1314 2303 re,
1383 2257 1563 2297 raesenti

158 2311 299 2353 animo
330 2311 603 2352 subvenisset.
671 2312 757 2360 Qui
791 2327 923 2368 quum
957 2327 1108 2368 magna
1140 2327 1241 2353 voce
1276 2269 1562 2364 exclamasset,

205 2445 215 2466 ι
237 2437 349 2467 [dibus
361 2437 608 2474 Decembribus]
636 2436 675 2466 cf.
689 2436 783 2475 Supr.
796 2435 839 2466 iii.
886 2437 926 2466 ba
946 2436 1109 2476 Kreyssig.
1127 2436 1258 2467 omnino
1278 2437 1411 2472 omittit,
1427 2442 1460 2468 ut
1479 2438 1562 2469 Gru-

160 2477 210 2517 36.
886 2483 954 2509 tero
984 2480 1116 2518 placuit.
1165 2481 1313 2510 Incertus
1341 2480 1459 2511 omissa
1487 2492 1563 2512 voce

204 2530 219 2550 2
246 2522 548 2558 Fortnnaesretnx]
576 2521 628 2551 Sic
646 2520 716 2551 infr.
735 2520 773 2551 vi.
791 2531 837 2560 13.
883 2523 1020 2552 clamore
1037 2522 1137 2551 edidit
1155 2524 1353 2561 Campanus.

160 2567 287 2602 praeter
321 2563 514 2602 reliquorum
548 2564 738 2603 scriptorum
772 2574 837 2593 mo-
927 2576 945 2602 4
970 2565 1113 2594 becario
1138 2566 1298 2604 eqm'tnm]
1349 2565 1504 2603 vegetius
1532 2565 1563 2598 ii.

159 2615 238 2641 rem,
263 2605 293 2635 id
319 2606 403 2643 quod
435 2605 515 2635 Livii
546 2606 754 2636 l’utnvinitati
785 2606 837 2636 tri·
889 2616 933 2645 ¹4-
966 2608 1073 2637 [labet
1091 2618 1156 2636 mm
1173 2612 1280 2637 turma
1296 2609 1418 2648 equites
1436 2617 1564 2646 xxxn3

160 2647 281 2680 buitur.
296 2649 409 2686 frctus
439 2658 512 2678 cum
545 2648 654 2678 dativo
685 2648 836 2687 iungitur.
881 2649 958 2679 huic
981 2651 1036 2689 qui
1058 2654 1197 2688 praee-tr,
1213 2650 1343 2679 decurio
1365 2652 1561 2682 nmm'rmtur.

162 2690 286 2720 limen.
883 2692 1025 2721 Srnnrn.
1072 2692 1134 2721 Sed
1159 2691 1238 2721 hacc
1265 2702 1376 2731 purum
1401 2699 1563 2730 accurate,

208 2742 225 2770 3
253 2735 356 2771 Snrpe
386 2733 522 2762 iteratus
551 2734 709 2771 prodidit]
761 2733 838 2763 Post
883 2734 922 2763 cs.
945 2734 1058 2771 Polyb.
1079 2733 1116 2764 vi.
1142 2743 1191 2772 25,
1215 2733 1268 2772 qui
1293 2734 1427 2773 singulis
1449 2736 1564 2767 turmis

159 2775 295 2805 iteratus
315 2785 406 2804 voces
424 2777 544 2805 incerto
559 2776 695 2805 clnmnre
712 2775 839 2805 codices
883 2780 946 2805 tres
970 2780 1147 2806 turmarum
1166 2777 1264 2805 duct-s
1285 2776 1417 2816 ἰλάρχας
1441 2779 1561 2818 praefe-

163 2817 330 2856 plvrique:
356 2822 387 2847 ut
407 2819 526 2847 incerta
543 2822 650 2847 lrnore
669 2827 707 2847 cx
731 2828 837 2847 ωιτη-η·
885 2823 952 2847 ctos
968 2818 1088 2854 scribit,
1101 2829 1236 2857 quorum
1257 2819 1405 2860 princeps
1421 2825 1562 2852 turmam

160 2859 291 2890 datione
323 2859 442 2898 Sigonii
476 2860 505 2889 in
539 2864 664 2889 textum
699 2860 839 2899 reposuit
885 2860 985 2896 ducit,
1010 2861 1107 2891 ceteri
1135 2861 1200 2891 duo
1225 2862 1361 2901 quinque
1387 2863 1564 2900 decuriam,

162 2902 302 2933 Bekker.
337 2902 429 2932 naec
444 2908 597 2941 mnqmun
611 2909 761 2942 corrupta
776 2913 838 2933 ver·
885 2913 997 2933 omnes
1012 2908 1120 2934 nutem
1138 2905 1325 2937 ‹iecur-'maen
1340 2906 1510 2946 appellati.

1329 2982 1337 3004 l
