1934 3211
569 184 694 227 LIB.
735 184 791 226 ΙΙ.
840 184 985 226 CAP.
1026 189 1063 226 5.
1456 185 1507 226 77

129 278 347 328 Consules,
362 277 415 319 ad
435 275 815 333 deprehendendos
827 274 984 332 legatos
997 274 1318 330 coniuratosque
1335 274 1510 330 profecti
1526 286 1569 317 U.
1586 286 1624 317 C.
1643 294 1713 326 ²45·

125 337 262 384 domo,
292 335 380 376 sinc
409 334 593 376 tumultu
617 349 707 376 rem
737 349 906 375 ornnem
930 347 1194 390 oppressere:
1227 331 1442 373 literarum
1466 332 1511 372 in
1524 330 1564 360 A.
1588 329 1626 377 C:
1645 338 1716 377 597·

124 393 266 460 primis
278 392 423 434 habita
435 407 546 442 cura,
561 407 614 433 ne
631 391 942 434 interciderent.
995 390 1287 432 Proditoribus
1300 389 1512 445 extemplo
1525 372 1688 444 topprnm-

123 465 169 492 m
189 450 356 492 vincula
375 450 589 500 coniectis,
611 449 664 491 de
685 449 832 506 legatis
852 448 1085 505 paullulum
1107 447 1403 489 addubitatum
1424 455 1509 487 est:

123 516 167 550 et
187 523 429 565 quanquam
449 508 526 548 visi
553 516 650 549 sunt
675 507 940 557 commisisse,
963 516 1011 547 ut
1037 506 1220 547 hostium
1246 504 1339 546 loco
1360 513 1509 553 essent,

122 565 188 607 ius
227 574 367 607 tamen
399 566 590 622 gentium
623 565 763 606 valuit.
826 565 894 606 De
927 564 1048 606 bonis
1080 564 1215 620 regiis,
1249 578 1356 619 quae
1390 561 1510 603 reddi
1611 567 1649 605 5.

91 631 221 668 9ante
249 632 510 673 censuerant,
533 638 598 665 res
625 623 789 679 integra
812 623 990 664 refertur
1014 622 1067 663 ad
1098 622 1253 663 Patres.
1315 620 1384 662 Illi
1410 619 1510 661 victi
1525 622 1617 670 qup
1633 622 1711 652 Tar-

97 698 107 718 ι
123 680 185 723 ira
203 690 372 723 vetuere
394 681 527 731 reddi,
548 690 717 722 vetuere
739 681 782 721 in
810 681 1026 738 publicum
1053 679 1198 736 redigi.
1261 675 1717 738 Di1·ipienda{{{{¹i¹¹¹i‘l's¹}²t¹‡1¹r

122 738 239 796 plebi
258 748 356 781 sunt
377 739 495 788 data3
528 748 588 788 ut,
610 748 800 780 contacta
826 739 941 795 regia
959 737 1125 795 praeda,
1147 753 1264 794 spem
1292 737 1335 777 in
1362 750 1513 793 perpe·
1524 718 1703 781 autpconsc-

125 805 245 839 tuum
275 812 370 839 cum
399 797 463 838 his
493 797 606 854 pacis
636 797 856 838 amitteret.
922 797 1038 853 Ager
1069 795 1412 852 Tarquiniorum,
1440 793 1514 850 qui
1526 797 1663 825 orantur.

94 854 235 897 2inter
265 857 415 898 urbem
447 870 493 896 ac
525 855 714 897 Tiberim
743 855 836 905 fuit,
868 863 1130 896 consecratus
1161 853 1304 903 Marti,
1337 852 1517 894 Martius

124 912 280 955 deinde
305 928 476 969 campus
491 913 582 954 fuit.
626 912 748 954 Forte
767 913 826 954 ibi
849 920 938 954 tum
959 922 1077 969 seges
1092 912 1210 953 farris
1225 911 1379 953 dicitur
1393 910 1518 951 fuisse

125 980 289 1013 matura
318 971 462 1012 messi:
496 986 623 1027 quem
654 971 791 1027 campi
820 971 1002 1012 fructum
1033 971 1132 1026 quia
1162 969 1401 1026 religiosum
1431 976 1518 1010 erat

125 1044 384 1079 consumere,
416 1029 626 1070 desectam
661 1044 758 1070 cum
793 1038 1020 1070 stramento
1056 1037 1240 1085 segetem
1276 1042 1427 1083 magna
1457 1026 1518 1066 vis

125 1086 345 1129 hominum
366 1086 489 1128 simul
514 1087 697 1128 immissa
717 1087 915 1129 corbibus
935 1086 1081 1128 fudere
1103 1087 1147 1127 in
1176 1085 1378 1135 Tiberim,
1401 1084 1517 1126 tenui

126 1145 328 1187 fluentem
368 1160 489 1201 aqua,
526 1153 573 1186 ut
612 1144 761 1186 mediis
796 1144 1004 1186 caloribus
1044 1143 1162 1186 solet.
1226 1143 1291 1185 Ita
1325 1143 1370 1184 in
1403 1142 1520 1183 vadis

97 1202 370 1245 3haesitantis
401 1203 600 1244 frumenti
633 1217 800 1243 acervos
832 1202 984 1243 sedisse
1021 1202 1145 1244 illitos
1175 1201 1297 1243 limo:
1341 1200 1518 1241 insulam

127 1260 227 1302 inde
247 1260 477 1318 paullatim,
500 1270 543 1302 et
563 1260 664 1310 aliis,
688 1275 794 1316 quac
816 1260 895 1301 fert
916 1270 1072 1301 temere
1093 1260 1264 1309 flumen,
1286 1259 1435 1300 eodem
1456 1258 1520 1298 in-

129 1318 271 1368 vectis,
292 1319 468 1360 factam:
503 1328 647 1374 postea
667 1317 792 1359 credo
814 1318 975 1359 additas
1003 1317 1145 1367 moles,
1168 1332 1378 1372 manuque
1401 1315 1520 1357 adiu-

129 1385 233 1426 tum,
264 1385 310 1417 ut
347 1385 430 1417 tam
465 1376 654 1417 eminens
684 1391 791 1424 area,
825 1376 1028 1431 firmaque
1066 1374 1233 1431 templis
1269 1389 1438 1430 quoquc
1470 1390 1517 1415 ac

129 1434 358 1491 porticibus
373 1433 627 1474 sustinendis
648 1442 765 1474 essct.
819 1432 1008 1489 Direptis
1021 1433 1141 1474 bonis
1154 1447 1314 1488 regum,
1332 1431 1518 1472 damnati

130 1491 378 1548 proditores,
407 1498 706 1547 sumptumque
739 1490 1005 1547 supplicium,
1029 1490 1293 1547 conspectius
1314 1505 1378 1539 eo,
1404 1489 1519 1544 quod

99 1564 290 1615 4poenac
321 1548 548 1605 capiendae
580 1548 855 1589 ministerium
888 1549 996 1605 patri
1027 1548 1079 1589 dc
1112 1547 1251 1590 liberis
1281 1547 1519 1589 consulatus

130 1607 341 1664 1mposuit,
374 1615 429 1656 et,
467 1606 541 1663 qui
576 1615 782 1664 spectator
822 1615 910 1647 crat
942 1606 1212 1656 amovendus,
1247 1621 1344 1647 eum
1380 1606 1518 1662 ipsum

129 1663 297 1706 fortuna
333 1673 570 1706 exactorem
610 1664 803 1721 supplicii
844 1664 974 1706 dedit.
1040 1664 1214 1706 Stabant
1253 1663 1425 1720 deligati
1467 1662 1520 1704 ad

130 1722 273 1780 palum
297 1722 543 1764 nobilissimi
574 1722 768 1764 iuvenes:
803 1722 877 1764 scd
904 1739 928 1764 a
955 1722 1117 1772 ceteris,
1140 1722 1255 1763 velut
1287 1722 1338 1763 ab
1367 1721 1521 1778 ignotis

131 1780 350 1846 capitibus,
380 1780 562 1822 consulis
591 1780 711 1822 liberi
737 1781 925 1822 omnium
955 1781 998 1823 in
1027 1796 1069 1822 sc
1096 1789 1332 1822 averterant
1363 1779 1519 1825 oculos,

132 1838 436 1895 miserebatque
471 1853 555 1880 non
592 1853 753 1895 poenae
785 1839 916 1895 magis
946 1839 1150 1888 homines,
1182 1853 1308 1894 quam
1340 1837 1520 1885 sceleris,

132 1911 218 1953 quo
257 1912 435 1953 poenam
477 1896 613 1938 meriti
655 1907 816 1945 essent3
869 1896 974 1947 illos,
1016 1912 1066 1938 eo
1109 1896 1370 1953 potissimum
1411 1910 1522 1936 anno

133 1954 308 2012 patriam
337 1953 568 2004 liberatam,
595 1965 755 2011 patrem
785 1954 1063 2004 liberatorem,
1093 1954 1354 1996 consulatum
1383 1962 1520 1994 ortum

133 2027 186 2054 ex
220 2011 346 2054 domo
380 2011 516 2062 Iunia,
546 2012 704 2061 Patres,
737 2012 916 2068 plebem,
949 2013 1153 2069 quicquid
1183 2012 1357 2054 deorum
1388 2010 1523 2052 hoini-

134 2085 320 2126 numque
338 2070 626 2112 Romanorum
644 2081 764 2119 essct,
784 2070 997 2112 induxisse
1014 2086 1054 2111 1n
1070 2070 1270 2120 animum,
1287 2079 1331 2110 ut
1345 2069 1524 2125 superbo

1541 425 1590 445 Ul*-

177 2233 198 2265 9
221 2224 274 2253 Ad
289 2224 422 2260 Patres]
463 2222 495 2253 Si
520 2222 694 2262 Dionysius
719 2221 807 2251 audi—

135 2266 238 2297 endus
256 2271 314 2303 est,
332 2276 358 2296 v.
375 2264 407 2302 (ι,
431 2276 478 2296 res
502 2275 564 2295 non
586 2265 626 2295 ad
650 2269 809 2301 senatum,

135 2309 190 2340 scd
220 2309 262 2339 ad
300 2313 406 2349 putres
435 2307 581 2339 curiatini
617 2312 809 2338 convocatos

136 2351 238 2383 relata
254 2356 311 2382 est.

183 2404 193 2426 1
222 2396 263 2425 ln
285 2395 465 2435 publicum]
499 2405 540 2424 sc.
570 2393 751 2433 I’oplicuni,
776 2398 809 2423 ut

140 2437 318 2473 Publicola,
346 2437 673 2477 poplicola—quippe
698 2437 808 2476 populi

138 2480 276 2519 pecunia¹
287 2480 318 2510 in
328 2482 466 2520 publico,
480 2490 541 2510 non
553 2480 584 2509 in
598 2481 736 2515 aerario,
749 2489 809 2508 scr·

139 2523 280 2554 vabatur.

187 2574 204 2595 2
233 2567 379 2596 Alartius
407 2567 521 2597 deinde
557 2576 689 2604 campus
717 2565 807 2602 suit]

141 2605 237 2638 Dion.
250 2618 276 2638 v.
294 2617 338 2647 13.
349 2608 515 2638 contendit
529 2608 612 2638 hunc
623 2618 732 2646 agrum
749 2607 808 2637 izun

139 2649 216 2680 olim
235 2650 330 2682 Marti
354 2661 478 2681 sacrum
503 2650 608 2687 suinae,
624 2651 678 2680 ned
695 2662 713 2680 u
730 2650 806 2680 Tur-

139 2691 248 2731 quinin
275 2692 461 2730 religionum
483 2698 625 2733 spretore
651 2693 809 2730 negt-tibus

139 2734 297 2766 cmmitum
313 2746 319 2765 :
345 2735 416 2766 ideo
433 2735 610 2773 religiosum
625 2735 732 2770 suinae,
744 2734 809 2764 six-u

141 2779 230 2808 nestun
244 2777 341 2808 vinum
358 2788 425 2808 eune
441 2777 605 2811 Romanis,
618 2778 711 2808 liuius
726 2788 809 2808 cuni-

143 2820 173 2861 pi
191 2822 328 2851 fructum
346 2830 541 2850 connumera
591 2820 653 2851 llic
673 2819 812 2849 nult-nnis

142 2864 231 2894 locui·
262 2863 415 2893 liubi-mliv«
444 2862 580 2893 coniitiin
616 2861 809 2892 m-uturintis.

146 2906 182 2938 1n
200 2918 238 2937 eo
251 2917 378 2945 qumque
395 2905 592 2936 iuventutern
609 2904 746 2935 exerceri
765 2915 809 2934 so-

144 2949 232 2980 litum
259 2954 368 2980 nutum
394 2954 451 2979 cst.
475 2949 580 2980 Cum.
613 2949 652 2978 cs.
675 2949 710 2978 Λ.
729 2947 815 2977 (ὗε-ΙΙ.

855 2221 892 2252 vi.
920 2229 946 2260 7.
969 2221 1022 2260 qui
1052 2222 1212 2260 Campum
1244 2219 1432 2250 Tiberinum
1460 2219 1526 2249 sive

855 2264 1008 2295 Martium
1035 2264 1155 2303 pupulo
1183 2264 1331 2293 Romano
1360 2274 1379 2292 a
1407 2261 1526 2300 virgine

855 2306 978 2337 Vestali
1010 2306 1090 2338 Cain
1125 2305 1271 2337 'l'arratia
1308 2306 1523 2336 condonatum

853 2350 969 2380 scribit.
998 2349 1162 2379 wuclmu.
1182 2360 1210 2389 p.
1230 2350 1299 2387 248.

899 2403 914 2432 3
940 2394 1101 2430 Insulam]
1133 2391 1238 2422 llodic
1256 2393 1339 2422 lsola
1356 2392 1513 2421 Tilmrinn.

897 2448 915 2474 4
942 2437 1069 2466 l'oetme
1093 2436 1268 2475 rapis-mltu-
1296 2435 1522 2471 ministerium]

858 2478 991 2509 Niebhr.
1021 2479 1126 2517 placet
1158 2478 1292 2508 Brutum
1323 2478 1430 2516 patrio
1455 2478 1526 2506 iure

857 2521 886 2551 iu
905 2521 986 2551 filios
1001 2520 1271 2551 animmlvertissc.
1295 2520 1333 2550 cs.
1355 2518 1421 2549 Liv.
1439 2518 1457 2549 i.
1477 2519 1524 2550 τό.

855 2569 887 2594 ct
904 2564 1025 2594 nullum
1043 2574 1061 2593 n
1079 2568 1167 2603 putre
1184 2563 1222 2593 :ul
1243 2562 1397 2602 pupulum
1417 2572 1524 2601 provu-

856 2606 1013 2637 cntionem
1041 2616 1128 2636 csse:
1159 2616 1290 2635 inuuere
1316 2609 1423 2635 :uitem
1452 2615 1523 2635 con-

852 2649 946 2679 sulari
972 2650 1116 2679 functum
1141 2659 1219 2682 csse,
1239 2648 1367 2687 qiiundo
1394 2647 1424 2678 in
1450 2648 1525 2678 sed«-

853 2703 909 2722 nuu
927 2691 1052 2722 lictores
1066 2692 1105 2721 ml
1123 2690 1316 2730 supplicium
1333 2691 1522 2721 sumendum

855 2734 948 2764 minit.
997 2734 1158 2773 Exemplo
1179 2744 1234 2763 suo
1258 2732 1382 2763 animoa
1407 2733 1523 2764 civium

854 2777 893 2807 iul
918 2776 998 2806 ulios
1016 2776 1242 2811 coniuratores,
1258 2775 1282 2806 κί
1303 2776 1527 2816 provocatiom·

855 2824 1040 2854 commen-nt,
1072 2829 1132 2849 non
1170 2819 1381 2850 absolvendos
1415 2821 1526 2849 confir-

856 2862 963 2893 umvit.
989 2861 1122 2893 Nicbhr.
1139 2861 1156 2893 ἰ.
1172 2872 1200 2902 p.
1215 2864 1285 2901 488.
1313 2862 1477 2893 iVncbmn.
1498 2874 1526 2903 p.

858 2909 925 2943 24⁸.
