1934 3211
585 212 592 219 .
641 181 766 224 LIB.
802 182 854 222 V.
904 182 1049 223 CAP.
1084 185 1122 222 3.
1506 183 1585 221 291

187 275 198 293 ‘
214 271 426 328 plebeium
449 285 706 327 quemquam
725 287 734 312 ε
769 271 856 326 qui,
878 271 912 311 si
934 269 1040 310 nihil
1062 269 1191 318 aliud,
1215 267 1441 309 admoneat
1461 269 1588 310 colle·
1605 280 1647 312 U.
1665 282 1702 313 C.
1721 290 1792 322 35²·

185 333 308 383 ‘gasz
342 327 509 378 liberos,
543 336 586 369 et
615 328 727 370 cives
758 342 919 376 eorum,
951 342 1036 367 non
1069 340 1221 375 servos,
1254 324 1449 373 militare,
1483 340 1588 380 quos
1602 325 1640 355 A.
1665 325 1793 363 (ζ’-400-

185 383 348 426 ‘hieme
371 384 518 426 saltem
539 385 584 426 in
606 385 753 426 domos
774 400 822 426 ac
844 392 956 425 tecta
971 383 1117 425 reduci
1134 390 1348 439 oporteat:
1382 389 1425 422 et
1446 381 1588 437 aliquo

183 444 196 463 ‘
209 448 397 497 tempore
426 442 524 482 anni
547 450 743 498 parentes
763 441 1001 497 liberosque
1031 456 1078 482 ac
1100 440 1301 496 coniuges
1328 438 1522 488 invisere,
1545 448 1588 480 et

183 502 196 521 ‘
210 512 409 554 usurpare
426 499 677 548 libertatem,
695 507 738 540 et
751 513 891 540 creare
908 497 1200 554 magistratus.’
1260 495 1381 536 Haec
1403 495 1586 550 taliaque

181 554 457 596 vociferantes
496 556 779 597 adversarium
817 555 931 596 haud
966 555 1171 611 imparem
1212 553 1325 595 nacti
1360 561 1459 593 sunt
1499 553 1582 608 Ap.

183 609 427 662 Claudium,
469 613 664 654 relictum
700 629 725 654 a
765 612 936 669 collegis
976 612 1031 653 ad
1071 611 1316 653 tribunicias
1355 609 1584 650 seditiones

180 669 540 725 comprimendas3
573 671 710 711 virum
732 670 941 711 imbutum
968 669 1052 710 iam
1074 669 1125 710 ab
1153 668 1324 709 iuventa
1344 667 1584 708 certamini-

147 724 256 769 9bus
295 726 494 782 plebeiis:
539 742 667 784 quern
708 736 923 768 auctorem
963 726 1125 782 aliquot
1160 725 1281 766 annis
1321 732 1419 765 ante
1455 723 1581 764 fuisse

179 792 458 825 memoratum
480 794 555 834 est,
578 799 654 841 per
674 784 929 839 collegarum
952 782 1309 832 intercessionem,
1332 780 1581 822 tribuniciae

177 841 396 895 potestatis
416 841 717 883 dissolvendae.
781 841 822 882 Is
844 850 934 882 tum
955 841 1051 889 iam,
1067 855 1153 881 non
1174 847 1395 896 promptus
1408 838 1581 893 ingenio
1676 847 1715 884 3,

178 903 358 947 tantum,
380 898 455 939 sed
476 914 554 940 usu
575 899 703 940 etiam
724 898 990 947 exercitatus,
1013 897 1140 939 talem
1157 897 1390 938 orationem
1411 895 1578 936 habuit:
1596 901 1788 941 Respondet

181 957 194 976 ‘
211 953 255 996 Si
278 969 465 1010 unquam
494 955 734 997 dubitatum
763 964 837 1005 est,
864 955 1068 1004 Quirites,
1092 963 1235 995 utrum
1266 952 1425 994 tribuni
1446 952 1581 1008 plebis
1594 944 1770 1017 ffifigclau·

180 1014 192 1032 ‘
209 1020 358 1061 vestra,
382 1028 435 1053 an
463 1028 550 1062 sua,
573 1028 695 1053 causa
724 1013 980 1054 seditionum
1009 1026 1175 1068 semper
1196 1018 1388 1052 auctores
1407 1009 1579 1058 fuerint,
1668 1011 1675 1018 '

179 1068 252 1109 ‘id
273 1084 352 1124 ego
373 1069 453 1110 hoc
474 1085 585 1111 anno
607 1069 760 1110 desisse
777 1069 959 1111 dubitari
981 1077 1142 1111 certum
1156 1068 1303 1109 habeo.
1368 1066 1425 1108 Et
1446 1081 1580 1122 quum

179 1124 347 1175 ‘laetor,
371 1126 542 1167 tandem
567 1126 683 1182 longi
705 1126 854 1167 erroris
881 1126 998 1167 vobis
1019 1126 1148 1166 finem
1169 1125 1326 1166 factum
1348 1138 1450 1172 esse,
1474 1132 1577 1172 tum,

177 1185 191 1203 ‘
206 1182 321 1237 quod
342 1183 539 1224 secundis
566 1184 829 1239 potissimum
855 1183 1001 1224 vestris
1022 1183 1146 1223 rebus
1167 1182 1236 1222 hic
1258 1196 1372 1222 error
1397 1188 1461 1221 cst
1481 1180 1579 1220 sub-

178 1239 324 1289 ‘latus,
356 1250 399 1281 et
427 1241 557 1290 vobis,
585 1249 627 1282 ct
652 1249 826 1297 propter
855 1255 927 1280 vos
958 1239 1214 1295 reipublicae
1245 1237 1441 1294 gratulor.
1506 1238 1578 1278 An

178 1299 269 1337 ‘est
300 1298 538 1353 quisquam,
565 1298 638 1353 qui
668 1298 847 1346 dubitet,
881 1296 1007 1338 nullis
1031 1296 1195 1337 iniuriis
1222 1295 1382 1344 vestris,
1408 1295 1443 1335 si
1468 1309 1576 1350 quae

177 1353 311 1394 ‘forte
345 1354 574 1410 aliquando
611 1355 794 1403 fuerunt,
828 1368 1014 1410 unquam
1052 1368 1200 1408 aeque,
1239 1367 1367 1408 quam
1402 1366 1578 1392 munere

177 1413 188 1430 ‘
204 1410 377 1451 Patrum
401 1412 443 1451 in
497 1411 647 1461 lcbem,
666 1426 797 1467 quum
819 1426 915 1452 aera
928 1410 1206 1451 militantibus
1223 1409 1451 1450 constituta
1467 1416 1577 1457 sunt,

177 1468 396 1509 ‘tribunos
437 1427 570 1524 plebis
604 1469 783 1509 offensos
816 1483 863 1509 ac
905 1467 1134 1509 concitatos
1167 1467 1287 1507 esse?
1331 1465 1450 1513 Quid
1485 1464 1578 1506 illos

177 1524 317 1566 ‘aliud
343 1533 415 1566 aut
447 1535 535 1566 tum
568 1526 755 1567 timuisse
787 1525 970 1574 creditis,
997 1532 1071 1565 aut
1097 1523 1224 1564 hodie
1256 1523 1424 1564 turbare
1455 1521 1576 1571 velle,

176 1582 279 1623 ‘nisi
302 1583 568 1624 concordiam
595 1583 805 1631 ordinum,
828 1596 956 1638 quam
977 1580 1269 1622 dissolvendae
1299 1580 1482 1621 maxime
1507 1579 1579 1620 tri-

177 1640 394 1681 ‘buniciae
431 1640 648 1696 potestatis
683 1647 829 1681 rentur
861 1640 984 1680 csse?
1028 1638 1111 1688 Sic,
1148 1637 1334 1687 hercule,
1373 1646 1577 1693 tanquam

147 1714 157 1734 ι
176 1697 379 1738 ‘artifices
404 1697 596 1753 improbi,
620 1712 725 1753 opus
750 1705 984 1752 quaerunt:
1019 1695 1092 1752 qui
1115 1703 1158 1737 et
1181 1710 1348 1751 semper
1367 1695 1482 1750 aegri
1503 1694 1579 1734 ali-

176 1753 306 1810 ‘quid
327 1769 415 1795 esse
438 1755 482 1795 in
505 1754 720 1810 republica
748 1754 908 1804 volunt,
931 1762 979 1794 ut
999 1754 1064 1803 sit,
1089 1753 1144 1794 ad
1172 1753 1291 1793 cuius
1316 1752 1578 1794 curationem

175 1813 188 1832 ‘
202 1826 226 1852 a
246 1811 363 1852 vobis
391 1811 682 1853 adhibeantur.
747 1811 904 1852 Utrum
933 1811 1048 1852 enim
1070 1810 1312 1860 defenditis,
1335 1825 1390 1850 an
1411 1809 1578 1865 impug-

176 1868 309 1909 ‘natis
355 1869 554 1925 plebem?
605 1878 747 1910 utrum
790 1869 1061 1909 militantium
1109 1867 1334 1909 adversarii
1375 1867 1486 1916 estis,
1523 1881 1577 1907 an

175 1928 370 1967 ‘causam
406 1927 558 1981 agitis?
601 1926 695 1967 Nisi
732 1926 836 1967 forte
870 1926 950 1967 hoc
987 1925 1138 1974 dicitis,
1176 1924 1396 1980 Quicquid
1430 1923 1578 1965 Patres

175 1985 187 2003 ‘
202 1983 374 2032 faciunt,
397 1983 611 2039 displicet3
645 1983 730 2024 sive
754 1982 858 2023 illud
880 1998 955 2038 pro
976 1982 1115 2037 plebe,
1133 1982 1218 2023 sive
1241 1990 1388 2022 contra
1408 1981 1576 2036 plebem

175 2043 275 2080 ‘est
342 2040 410 2088 Et,
442 2039 802 2095 quemadmodum
831 2039 958 2080 servis
986 2039 1070 2078 suis
1101 2047 1243 2078 vetant
1270 2038 1432 2078 domini
1458 2038 1577 2092 quic-

175 2099 330 2152 ‘quam
365 2098 425 2138 rei
456 2112 553 2137 cum
585 2096 732 2137 alicnis
763 2096 1005 2136 hominibus
1036 2110 1138 2143 esse,
1171 2094 1412 2150 pariterque
1449 2095 1493 2134 in
1527 2094 1577 2133 iis

177 2154 408 2194 ‘beneficio
437 2169 483 2194 ac
516 2153 722 2194 maleficio
751 2153 947 2193 abstineri
975 2166 1158 2207 aequum
1188 2160 1383 2192 censent:
1417 2150 1476 2191 sic
1505 2165 1578 2191 vos

176 2210 451 2251 ‘interdicitis
484 2210 678 2251 Patribus
706 2209 958 2250 commercio
989 2209 1150 2265 plebis3
1190 2223 1243 2249 nc
1273 2223 1348 2248 nos
1379 2208 1576 2248 comitate

176 2271 187 2288 ‘
204 2283 251 2308 ac
289 2268 579 2308 munificentia
621 2276 760 2308 nostra
800 2282 1074 2323 provocemus
1116 2266 1297 2322 plebem,
1340 2280 1418 2305 nce.
1460 2264 1578 2320 plebs

176 2328 187 2346 ‘
205 2325 324 2365 nobis
345 2325 459 2365 dicto
481 2325 657 2365 audiens
686 2334 812 2380 atque
835 2324 1037 2366 obediens
1063 2324 1126 2364 sit.
1194 2323 1368 2370 Quanto
1390 2322 1575 2370 tandem,

175 2382 231 2422 ‘si
263 2383 490 2438 quiequam
519 2383 560 2422 in
587 2382 716 2430 vobis,
744 2398 828 2422 non
857 2382 952 2422 (lieo
978 2381 1122 2429 civilis,
1153 2380 1225 2421 sed
1252 2379 1424 2420 humani
1454 2388 1576 2427 esset,

176 2439 340 2480 ‘favere
376 2456 446 2480 vos
479 2440 621 2493 inagis,
654 2449 709 2488 et,
742 2448 947 2495 qnantum
982 2439 1022 2478 in
1057 2438 1172 2478 vobis
1203 2446 1324 2485 esset,
1358 2435 1577 2490 indulgere

177 2497 340 2550 ‘potius
370 2492 763 2538 comitati‘l'atrum
797 2506 924 2552 atque
963 2495 1165 2551 obsequio
1197 2494 1330 2550 plebis
1361 2492 1578 2549 oportuit?

178 2557 187 2573 ‘
205 2568 312 2607 quae
340 2554 371 2593 si
401 2563 606 2610 perpetua
637 2554 861 2595 concordia
892 2554 956 2603 sit,
984 2553 1078 2609 quis
1108 2567 1191 2592 non
1222 2550 1430 2607 spondere
1456 2550 1577 2599 ausit,

218 2705 238 2734 c)
262 2696 432 2725 Auctorem
450 2718 456 2724 .
475 2719 480 2725 .
500 2719 506 2725 .
523 2706 582 2735 per
597 2697 787 2734 colleyarnm
807 2697 853 2724 ιἰι-
902 2694 997 2728 vium,
1020 2705 1082 2733 qna
1110 2705 1174 2723 uno
1200 2703 1239 2722 ex
1269 2692 1406 2722 tribunis
1435 2693 1578 2733 patribus

176 2738 412 2774 trrressirmmnl
456 2738 528 2767 linc
560 2738 728 2767 commum
762 2737 856 2767 huius
901 2737 1085 2770 conciliatu,
1113 2735 1296 2765 intercessio
1327 2735 1416 2766 illius
1443 2736 1492 2765 vel
1523 2737 1577 2766 ad-

179 2779 277 2818 Appii
301 2780 408 2814 suisw,
428 2791 469 2809 ne.
488 2786 521 2809 ut
547 2782 665 2810 maiore
687 2784 780 2819 parte·
804 2779 854 2809 tri·
903 2790 1010 2808 vernus
1037 2789 1149 2808 ‹unm-⁴
1175 2778 1320 2808 tribunum
1353 2778 1483 2815 valeret,
1513 2778 1578 2809 nni-

178 2823 336 2851 bunormn
358 2822 387 2851 in
407 2827 533 2861 patrum
554 2827 659 2862 purten
673 2822 857 2857 conciliatu,
903 2821 1074 2851 uiuulvertit
1094 2821 1229 2851 Niebbr.
1248 2820 1278 2851 ii.
1296 2831 1326 2850 n.
1344 2819 1417 2861 965.

177 2864 349 2894 tribunicia
368 2870 509 2904 pou-sem·
525 2864 767 2894 aimoin-retur:
788 2875 854 2903 pro-
951 2874 960 2893 ι
982 2865 1149 2902 Artificem]
1167 2864 1228 2894 l‘ro
1240 2864 1469 2903 medici.ap.ut
1484 2863 1580 2904 Prop.

178 2917 274 2936 nvum
307 2912 416 2938 nutem
449 2918 534 2947 supr.
563 2907 592 2939 ii.
618 2920 668 2945 ⁴⁴·
701 2907 858 2938 invenisse
903 2907 935 2938 ii.
958 2916 981 2937 ι.
1001 2908 1050 2946 58.
1082 2908 1146 2944 Qun·
1163 2907 1371 2946 expungebat
1388 2906 1549 2938 Muretus.

1284 2951 1357 2988 152
