<?xml version="1.0" encoding="UTF-8"?>
<!DOCTYPE html PUBLIC "-//W3C//DTD XHTML 1.0 Transitional//EN"
    "http://www.w3.org/TR/xhtml1/DTD/xhtml1-transitional.dtd">
<html xmlns="http://www.w3.org/1999/xhtml" xml:lang="en" lang="en">
 <head>
  <title>
</title>
<meta http-equiv="Content-Type" content="text/html;charset=utf-8" />
  <meta name='ocr-system' content='tesseract 3.04.00' />
  <meta name='ocr-capabilities' content='ocr_page ocr_carea ocr_par ocr_line ocrx_word'/>
</head>
<body>
  <div class='ocr_page' id='page_1' title='image "./historiarumli01livyuoft_0549.png"; bbox 0 0 1934 3211; ppageno 0'>
   <div class='ocr_carea' id='block_1_1' title="bbox 576 131 1539 188">
    <p class='ocr_par' dir='ltr' id='par_1_1' title="bbox 576 131 1539 188">
     <span class='ocr_line' id='line_1_1' title="bbox 576 131 1539 188; baseline 0.005 -14"><span class='ocrx_word' id='word_1_1' title='bbox 576 131 703 174; x_wconf 87' lang='lat' dir='ltr'><strong>LIB.</strong></span> <span class='ocrx_word' id='word_1_2' title='bbox 737 131 818 173; x_wconf 84' lang='lat' dir='ltr'><strong>IX.</strong></span> <span class='ocrx_word' id='word_1_3' title='bbox 864 132 1011 188; x_wconf 56' lang='lat'>0412.</span> <span class='ocrx_word' id='word_1_4' title='bbox 1045 137 1112 176; x_wconf 82' lang='lat'><strong>31.</strong></span> <span class='ocrx_word' id='word_1_5' title='bbox 1456 139 1539 179; x_wconf 86' lang='lat'><strong>535</strong></span> 
     </span>
    </p>
   </div>
   <div class='ocr_carea' id='block_1_2' title="bbox 97 220 1748 2690">
    <p class='ocr_par' dir='ltr' id='par_1_2' title="bbox 97 220 1748 2690">
     <span class='ocr_line' id='line_1_2' title="bbox 139 220 1744 278; baseline 0.002 -14"><span class='ocrx_word' id='word_1_6' title='bbox 139 220 377 264; x_wconf 87' lang='lat' dir='ltr'><strong>Bovianum</strong></span> <span class='ocrx_word' id='word_1_7' title='bbox 398 221 562 263; x_wconf 85' lang='lat' dir='ltr'><strong>duetus.</strong></span> <span class='ocrx_word' id='word_1_8' title='bbox 613 221 757 278; x_wconf 90' lang='lat' dir='ltr'><strong>Caput</strong></span> <span class='ocrx_word' id='word_1_9' title='bbox 777 221 858 264; x_wconf 91' lang='lat' dir='ltr'><strong>hoe</strong></span> <span class='ocrx_word' id='word_1_10' title='bbox 879 232 970 264; x_wconf 89' lang='lat' dir='ltr'><strong>erat</strong></span> <span class='ocrx_word' id='word_1_11' title='bbox 990 223 1245 265; x_wconf 87' lang='lat' dir='ltr'><strong>Pentrorum</strong></span> <span class='ocrx_word' id='word_1_12' title='bbox 1271 225 1536 278; x_wconf 75' lang='lat' dir='ltr'><strong>Samnitium,</strong></span> <span class='ocrx_word' id='word_1_13' title='bbox 1554 235 1598 267; x_wconf 92' lang='lat' dir='ltr'><strong>U.</strong></span> <span class='ocrx_word' id='word_1_14' title='bbox 1614 235 1652 268; x_wconf 86' lang='lat' dir='ltr'><strong>C.</strong></span> <span class='ocrx_word' id='word_1_15' title='bbox 1670 244 1744 275; x_wconf 80' lang='lat'><strong>443·</strong></span> 
     </span>
     <span class='ocr_line' id='line_1_3' title="bbox 136 278 1748 338; baseline 0.005 -18"><span class='ocrx_word' id='word_1_16' title='bbox 136 278 262 335; x_wconf 87' lang='lat' dir='ltr'><strong>longe</strong></span> <span class='ocrx_word' id='word_1_17' title='bbox 278 278 531 320; x_wconf 90' lang='lat' dir='ltr'><strong>ditissimum</strong></span> <span class='ocrx_word' id='word_1_18' title='bbox 553 287 681 334; x_wconf 91' lang='lat' dir='ltr'><strong>atque</strong></span> <span class='ocrx_word' id='word_1_19' title='bbox 703 279 1069 335; x_wconf 90' lang='lat' dir='ltr'><strong>opulentissimum</strong></span> <span class='ocrx_word' id='word_1_20' title='bbox 1090 281 1215 322; x_wconf 91' lang='lat' dir='ltr'><strong>armis</strong></span> <span class='ocrx_word' id='word_1_21' title='bbox 1231 282 1425 338; x_wconf 88' lang='lat' dir='ltr'><strong>virisque.</strong></span> <span class='ocrx_word' id='word_1_22' title='bbox 1470 285 1537 327; x_wconf 93' lang='lat' dir='ltr'><strong>Ibi</strong></span> <span class='ocrx_word' id='word_1_23' title='bbox 1550 278 1590 309; x_wconf 81' lang='lat' dir='ltr'><strong>A.</strong></span> <span class='ocrx_word' id='word_1_24' title='bbox 1615 279 1652 310; x_wconf 71' lang='grc' dir='ltr'><strong>Ο·</strong></span> <span class='ocrx_word' id='word_1_25' title='bbox 1671 287 1748 320; x_wconf 87' lang='lat'><strong>309·</strong></span> 
     </span>
     <span class='ocr_line' id='line_1_4' title="bbox 135 335 1535 394; baseline 0.006 -19"><span class='ocrx_word' id='word_1_26' title='bbox 135 335 237 392; x_wconf 86' lang='lat' dir='ltr'><strong>quia</strong></span> <span class='ocrx_word' id='word_1_27' title='bbox 256 335 371 376; x_wconf 86' lang='lat' dir='ltr'><strong>haud</strong></span> <span class='ocrx_word' id='word_1_28' title='bbox 393 343 558 377; x_wconf 92' lang='lat' dir='ltr'><strong>tantum</strong></span> <span class='ocrx_word' id='word_1_29' title='bbox 578 336 734 377; x_wconf 87' lang='lat' dir='ltr'><strong>irarum</strong></span> <span class='ocrx_word' id='word_1_30' title='bbox 756 346 856 386; x_wconf 89' lang='lat' dir='ltr'><strong>erat,</strong></span> <span class='ocrx_word' id='word_1_31' title='bbox 879 351 952 393; x_wconf 89' lang='lat' dir='ltr'><strong>spe</strong></span> <span class='ocrx_word' id='word_1_32' title='bbox 973 337 1153 394; x_wconf 84' lang='lat' dir='ltr'>praedae</span> <span class='ocrx_word' id='word_1_33' title='bbox 1179 338 1334 380; x_wconf 85' lang='lat' dir='ltr'><strong>milites</strong></span> <span class='ocrx_word' id='word_1_34' title='bbox 1358 343 1535 392; x_wconf 85' lang='lat' dir='ltr'><strong>accensi,</strong></span> 
     </span>
     <span class='ocr_line' id='line_1_5' title="bbox 134 391 1535 450; baseline 0.004 -16"><span class='ocrx_word' id='word_1_35' title='bbox 134 391 292 448; x_wconf 90' lang='lat' dir='ltr'><strong>oppido</strong></span> <span class='ocrx_word' id='word_1_36' title='bbox 322 392 555 449; x_wconf 90' lang='lat' dir='ltr'><strong>potiuntur.</strong></span> <span class='ocrx_word' id='word_1_37' title='bbox 619 392 767 434; x_wconf 90' lang='lat' dir='ltr'><strong>Minus</strong></span> <span class='ocrx_word' id='word_1_38' title='bbox 797 394 940 450; x_wconf 87' lang='lat' dir='ltr'><strong>itaque</strong></span> <span class='ocrx_word' id='word_1_39' title='bbox 972 395 1176 436; x_wconf 77' lang='lat' dir='ltr'><strong>saevitum</strong></span> <span class='ocrx_word' id='word_1_40' title='bbox 1204 396 1250 436; x_wconf 91' lang='lat' dir='ltr'><strong>in</strong></span> <span class='ocrx_word' id='word_1_41' title='bbox 1277 395 1417 438; x_wconf 91' lang='lat' dir='ltr'><strong>hostes</strong></span> <span class='ocrx_word' id='word_1_42' title='bbox 1448 408 1535 440; x_wconf 89' lang='lat' dir='ltr'><strong>est:</strong></span> 
     </span>
     <span class='ocr_line' id='line_1_6' title="bbox 133 448 1535 510; baseline 0.004 -20"><span class='ocrx_word' id='word_1_43' title='bbox 133 448 313 506; x_wconf 86' lang='lat' dir='ltr'><strong>praedae</strong></span> <span class='ocrx_word' id='word_1_44' title='bbox 358 449 454 506; x_wconf 90' lang='lat' dir='ltr'><strong>plus</strong></span> <span class='ocrx_word' id='word_1_45' title='bbox 498 465 647 507; x_wconf 88' lang='lat' dir='ltr'><strong>paene,</strong></span> <span class='ocrx_word' id='word_1_46' title='bbox 691 466 819 507; x_wconf 92' lang='lat' dir='ltr'><strong>quam</strong></span> <span class='ocrx_word' id='word_1_47' title='bbox 860 467 913 492; x_wconf 78' lang='lat' dir='ltr'><strong>ex</strong></span> <span class='ocrx_word' id='word_1_48' title='bbox 955 452 1071 493; x_wconf 91' lang='lat' dir='ltr'><strong>omni</strong></span> <span class='ocrx_word' id='word_1_49' title='bbox 1117 452 1288 494; x_wconf 89' lang='lat' dir='ltr'><strong>Samnio</strong></span> <span class='ocrx_word' id='word_1_50' title='bbox 1334 469 1535 510; x_wconf 87' lang='lat' dir='ltr'><strong>unquam,</strong></span> 
     </span>
     <span class='ocr_line' id='line_1_7' title="bbox 133 507 1536 568; baseline 0.004 -20"><span class='ocrx_word' id='word_1_51' title='bbox 133 515 336 563; x_wconf 86' lang='lat' dir='ltr'><strong>egestum,</strong></span> <span class='ocrx_word' id='word_1_52' title='bbox 358 507 628 564; x_wconf 85' lang='lat' dir='ltr'><strong>benigneque</strong></span> <span class='ocrx_word' id='word_1_53' title='bbox 650 508 786 549; x_wconf 91' lang='lat' dir='ltr'><strong>omnis</strong></span> <span class='ocrx_word' id='word_1_54' title='bbox 812 508 935 549; x_wconf 91' lang='lat' dir='ltr'><strong>militi</strong></span> <span class='ocrx_word' id='word_1_55' title='bbox 961 524 1168 551; x_wconf 86' lang='lat' dir='ltr'><strong>concessa.</strong></span> <span class='ocrx_word' id='word_1_56' title='bbox 1233 510 1289 551; x_wconf 89' lang='lat' dir='ltr'><strong>Et</strong></span> <span class='ocrx_word' id='word_1_57' title='bbox 1313 521 1536 568; x_wconf 87' lang='lat' dir='ltr'><strong>postquam</strong></span> 
     </span>
     <span class='ocr_line' id='line_1_8' title="bbox 131 565 1535 621; baseline 0.004 -16"><span class='ocrx_word' id='word_1_58' title='bbox 131 573 451 621; x_wconf 84' lang='lat' dir='ltr'><strong>praepotentem</strong></span> <span class='ocrx_word' id='word_1_59' title='bbox 483 566 608 606; x_wconf 91' lang='lat' dir='ltr'><strong>armis</strong></span> <span class='ocrx_word' id='word_1_60' title='bbox 635 565 877 606; x_wconf 88' lang='lat' dir='ltr'><strong>Romanum</strong></span> <span class='ocrx_word' id='word_1_61' title='bbox 908 581 987 608; x_wconf 90' lang='lat' dir='ltr'><strong>nec</strong></span> <span class='ocrx_word' id='word_1_62' title='bbox 1019 567 1128 608; x_wconf 88' lang='lat' dir='ltr'><strong>acies</strong></span> <span class='ocrx_word' id='word_1_63' title='bbox 1158 568 1380 610; x_wconf 85' lang='lat' dir='ltr'><strong>subsistere</strong></span> <span class='ocrx_word' id='word_1_64' title='bbox 1412 569 1535 620; x_wconf 88' lang='lat' dir='ltr'><strong>ullae,</strong></span> 
     </span>
     <span class='ocr_line' id='line_1_9' title="bbox 131 623 1536 682; baseline 0.004 -20"><span class='ocrx_word' id='word_1_65' title='bbox 131 635 212 662; x_wconf 91' lang='lat' dir='ltr'><strong>nec</strong></span> <span class='ocrx_word' id='word_1_66' title='bbox 252 631 396 672; x_wconf 88' lang='lat' dir='ltr'><strong>castra,</strong></span> <span class='ocrx_word' id='word_1_67' title='bbox 433 637 513 663; x_wconf 90' lang='lat' dir='ltr'><strong>nec</strong></span> <span class='ocrx_word' id='word_1_68' title='bbox 555 623 678 664; x_wconf 87' lang='lat' dir='ltr'><strong>urbes</strong></span> <span class='ocrx_word' id='word_1_69' title='bbox 713 633 935 679; x_wconf 82' lang='lat' dir='ltr'><strong>poterant3</strong></span> <span class='ocrx_word' id='word_1_70' title='bbox 979 624 1169 665; x_wconf 89' lang='lat' dir='ltr'><strong>omnium</strong></span> <span class='ocrx_word' id='word_1_71' title='bbox 1210 625 1451 682; x_wconf 88' lang='lat' dir='ltr'><strong>principum</strong></span> <span class='ocrx_word' id='word_1_72' title='bbox 1492 628 1536 668; x_wconf 90' lang='lat' dir='ltr'><strong>in</strong></span> 
     </span>
     <span class='ocr_line' id='line_1_10' title="bbox 135 677 1538 739; baseline 0.005 -20"><span class='ocrx_word' id='word_1_73' title='bbox 135 677 308 721; x_wconf 91' lang='lat' dir='ltr'><strong>Samnio</strong></span> <span class='ocrx_word' id='word_1_74' title='bbox 344 694 395 721; x_wconf 94' lang='lat' dir='ltr'><strong>eo</strong></span> <span class='ocrx_word' id='word_1_75' title='bbox 431 694 555 721; x_wconf 89' lang='lat' dir='ltr'><strong>curae</strong></span> <span class='ocrx_word' id='word_1_76' title='bbox 597 690 695 721; x_wconf 89' lang='lat' dir='ltr'><strong>sunt</strong></span> <span class='ocrx_word' id='word_1_77' title='bbox 737 682 937 730; x_wconf 87' lang='lat' dir='ltr'><strong>intentae,</strong></span> <span class='ocrx_word' id='word_1_78' title='bbox 975 690 1022 722; x_wconf 91' lang='lat' dir='ltr'><strong>ut</strong></span> <span class='ocrx_word' id='word_1_79' title='bbox 1062 682 1225 723; x_wconf 88' lang='lat' dir='ltr'><strong>insidiis</strong></span> <span class='ocrx_word' id='word_1_80' title='bbox 1265 693 1538 739; x_wconf 86' lang='lat' dir='ltr'><strong>quaereretur</strong></span> 
     </span>
     <span class='ocr_line' id='line_1_11' title="bbox 131 734 1536 798; baseline 0.004 -21"><span class='ocrx_word' id='word_1_81' title='bbox 131 734 262 786; x_wconf 90' lang='lat' dir='ltr'><strong>locus,</strong></span> <span class='ocrx_word' id='word_1_82' title='bbox 284 737 317 777; x_wconf 92' lang='lat' dir='ltr'><strong>si</strong></span> <span class='ocrx_word' id='word_1_83' title='bbox 339 752 423 793; x_wconf 90' lang='lat' dir='ltr'><strong>qua</strong></span> <span class='ocrx_word' id='word_1_84' title='bbox 442 736 614 778; x_wconf 88' lang='lat' dir='ltr'><strong>licentia</strong></span> <span class='ocrx_word' id='word_1_85' title='bbox 635 738 878 794; x_wconf 88' lang='lat' dir='ltr'><strong>populando</strong></span> <span class='ocrx_word' id='word_1_86' title='bbox 907 739 1063 780; x_wconf 86' lang='lat' dir='ltr'><strong>effusus</strong></span> <span class='ocrx_word' id='word_1_87' title='bbox 1091 739 1300 781; x_wconf 78' lang='lat' dir='ltr'><strong>exercitus</strong></span> <span class='ocrx_word' id='word_1_88' title='bbox 1328 742 1467 798; x_wconf 87' lang='lat' dir='ltr'><strong>excipi</strong></span> <span class='ocrx_word' id='word_1_89' title='bbox 1488 757 1536 784; x_wconf 90' lang='lat' dir='ltr'><strong>ac</strong></span> 
     </span>
     <span class='ocr_line' id='line_1_12' title="bbox 131 793 1534 854; baseline 0.005 -20"><span class='ocrx_word' id='word_1_90' title='bbox 131 793 426 836; x_wconf 81' lang='lat' dir='ltr'><strong>circumveniri</strong></span> <span class='ocrx_word' id='word_1_91' title='bbox 443 805 594 850; x_wconf 90' lang='lat' dir='ltr'><strong>posset.</strong></span> <span class='ocrx_word' id='word_1_92' title='bbox 641 795 902 851; x_wconf 82' lang='lat' dir='ltr'><strong>Transfugae</strong></span> <span class='ocrx_word' id='word_1_93' title='bbox 920 805 1101 852; x_wconf 83' lang='lat' dir='ltr'><strong>agrestes</strong></span> <span class='ocrx_word' id='word_1_94' title='bbox 1117 806 1159 838; x_wconf 91' lang='lat' dir='ltr'><strong>et</strong></span> <span class='ocrx_word' id='word_1_95' title='bbox 1176 798 1330 854; x_wconf 89' lang='lat' dir='ltr'><strong>captivi</strong></span> <span class='ocrx_word' id='word_1_96' title='bbox 1347 799 1534 854; x_wconf 90' lang='lat' dir='ltr'><strong>quidam,</strong></span> 
     </span>
     <span class='ocr_line' id='line_1_13' title="bbox 130 851 1535 910; baseline 0.004 -18"><span class='ocrx_word' id='word_1_97' title='bbox 130 865 226 906; x_wconf 86' lang='lat' dir='ltr'><strong>pars</strong></span> <span class='ocrx_word' id='word_1_98' title='bbox 259 851 379 902; x_wconf 87' lang='lat' dir='ltr'><strong>forte,</strong></span> <span class='ocrx_word' id='word_1_99' title='bbox 411 867 507 908; x_wconf 88' lang='lat' dir='ltr'><strong>pars</strong></span> <span class='ocrx_word' id='word_1_100' title='bbox 539 852 713 894; x_wconf 89' lang='lat' dir='ltr'><strong>consilio</strong></span> <span class='ocrx_word' id='word_1_101' title='bbox 746 853 887 903; x_wconf 90' lang='lat' dir='ltr'><strong>oblati,</strong></span> <span class='ocrx_word' id='word_1_102' title='bbox 922 855 1199 910; x_wconf 82' lang='lat' dir='ltr'><strong>congruentia</strong></span> <span class='ocrx_word' id='word_1_103' title='bbox 1234 855 1288 896; x_wconf 88' lang='lat' dir='ltr'><strong>ad</strong></span> <span class='ocrx_word' id='word_1_104' title='bbox 1319 856 1535 898; x_wconf 91' lang='lat' dir='ltr'><strong>consulem</strong></span> 
     </span>
     <span class='ocr_line' id='line_1_14' title="bbox 131 908 1536 969; baseline 0.004 -20"><span class='ocrx_word' id='word_1_105' title='bbox 131 908 365 959; x_wconf 86' lang='lat' dir='ltr'><strong>afferentes,</strong></span> <span class='ocrx_word' id='word_1_106' title='bbox 400 924 508 965; x_wconf 90' lang='lat' dir='ltr'><strong>quae</strong></span> <span class='ocrx_word' id='word_1_107' title='bbox 545 919 588 950; x_wconf 93' lang='lat' dir='ltr'><strong>et</strong></span> <span class='ocrx_word' id='word_1_108' title='bbox 620 925 718 951; x_wconf 82' lang='lat' dir='ltr'><strong>vera</strong></span> <span class='ocrx_word' id='word_1_109' title='bbox 753 919 885 960; x_wconf 89' lang='lat' dir='ltr'><strong>erant,</strong></span> <span class='ocrx_word' id='word_1_110' title='bbox 920 912 1082 967; x_wconf 90' lang='lat' dir='ltr'><strong>pecoris</strong></span> <span class='ocrx_word' id='word_1_111' title='bbox 1114 912 1200 953; x_wconf 88' lang='lat' dir='ltr'><strong>vim</strong></span> <span class='ocrx_word' id='word_1_112' title='bbox 1235 913 1454 969; x_wconf 88' lang='lat' dir='ltr'><strong>ingentem</strong></span> <span class='ocrx_word' id='word_1_113' title='bbox 1490 914 1536 955; x_wconf 93' lang='lat' dir='ltr'><strong>in</strong></span> 
     </span>
     <span class='ocr_line' id='line_1_15' title="bbox 130 964 1535 1026; baseline 0.005 -20"><span class='ocrx_word' id='word_1_114' title='bbox 130 964 285 1007; x_wconf 87' lang='lat' dir='ltr'><strong>saltum</strong></span> <span class='ocrx_word' id='word_1_115' title='bbox 313 966 453 1007; x_wconf 91' lang='lat' dir='ltr'><strong>avium</strong></span> <span class='ocrx_word' id='word_1_116' title='bbox 481 966 741 1023; x_wconf 87' lang='lat' dir='ltr'><strong>compulsam</strong></span> <span class='ocrx_word' id='word_1_117' title='bbox 770 983 872 1017; x_wconf 85' lang='lat' dir='ltr'><strong>esse,</strong></span> <span class='ocrx_word' id='word_1_118' title='bbox 899 968 1188 1024; x_wconf 86' lang='lat' dir='ltr'><strong>perpulerunt,</strong></span> <span class='ocrx_word' id='word_1_119' title='bbox 1212 979 1259 1010; x_wconf 89' lang='lat' dir='ltr'><strong>ut</strong></span> <span class='ocrx_word' id='word_1_120' title='bbox 1286 971 1535 1026; x_wconf 89' lang='lat' dir='ltr'><strong>praedatum</strong></span> 
     </span>
     <span class='ocr_line' id='line_1_16' title="bbox 98 1023 1535 1083; baseline 0.003 -18"><span class='ocrx_word' id='word_1_121' title='bbox 98 1037 182 1066; x_wconf 86' lang='lat' dir='ltr'><strong>4eo</strong></span> <span class='ocrx_word' id='word_1_122' title='bbox 222 1023 445 1080; x_wconf 84' lang='lat' dir='ltr'><strong>expeditae</strong></span> <span class='ocrx_word' id='word_1_123' title='bbox 486 1023 743 1066; x_wconf 90' lang='lat' dir='ltr'><strong>ducerentur</strong></span> <span class='ocrx_word' id='word_1_124' title='bbox 781 1025 979 1081; x_wconf 90' lang='lat' dir='ltr'><strong>legiones.</strong></span> <span class='ocrx_word' id='word_1_125' title='bbox 1055 1025 1121 1067; x_wconf 93' lang='lat' dir='ltr'><strong>Ibi</strong></span> <span class='ocrx_word' id='word_1_126' title='bbox 1163 1027 1311 1083; x_wconf 89' lang='lat' dir='ltr'><strong>ingens</strong></span> <span class='ocrx_word' id='word_1_127' title='bbox 1350 1028 1535 1070; x_wconf 89' lang='lat' dir='ltr'><strong>hostium</strong></span> 
     </span>
     <span class='ocr_line' id='line_1_17' title="bbox 131 1080 1534 1140; baseline 0.005 -19"><span class='ocrx_word' id='word_1_128' title='bbox 131 1080 341 1122; x_wconf 86' lang='lat' dir='ltr'><strong>exercitus</strong></span> <span class='ocrx_word' id='word_1_129' title='bbox 371 1081 524 1123; x_wconf 89' lang='lat' dir='ltr'><strong>itinera</strong></span> <span class='ocrx_word' id='word_1_130' title='bbox 553 1081 743 1123; x_wconf 90' lang='lat' dir='ltr'><strong>occultus</strong></span> <span class='ocrx_word' id='word_1_131' title='bbox 773 1082 996 1132; x_wconf 88' lang='lat' dir='ltr'><strong>insederat,</strong></span> <span class='ocrx_word' id='word_1_132' title='bbox 1024 1092 1079 1133; x_wconf 91' lang='lat' dir='ltr'><strong>et,</strong></span> <span class='ocrx_word' id='word_1_133' title='bbox 1106 1093 1328 1140; x_wconf 88' lang='lat' dir='ltr'><strong>postquam</strong></span> <span class='ocrx_word' id='word_1_134' title='bbox 1359 1086 1534 1128; x_wconf 86' lang='lat' dir='ltr'><strong>intrasse</strong></span> 
     </span>
     <span class='ocr_line' id='line_1_18' title="bbox 133 1136 1535 1196; baseline 0.004 -17"><span class='ocrx_word' id='word_1_135' title='bbox 133 1136 350 1180; x_wconf 87' lang='lat' dir='ltr'><strong>Romanos</strong></span> <span class='ocrx_word' id='word_1_136' title='bbox 380 1138 487 1180; x_wconf 87' lang='lat' dir='ltr'><strong>vidit</strong></span> <span class='ocrx_word' id='word_1_137' title='bbox 519 1139 684 1189; x_wconf 91' lang='lat' dir='ltr'><strong>saltum,</strong></span> <span class='ocrx_word' id='word_1_138' title='bbox 718 1149 893 1196; x_wconf 87' lang='lat' dir='ltr'><strong>repente</strong></span> <span class='ocrx_word' id='word_1_139' title='bbox 931 1150 1101 1182; x_wconf 84' lang='lat' dir='ltr'><strong>exortus</strong></span> <span class='ocrx_word' id='word_1_140' title='bbox 1137 1157 1234 1183; x_wconf 90' lang='lat' dir='ltr'><strong>eum</strong></span> <span class='ocrx_word' id='word_1_141' title='bbox 1270 1142 1450 1185; x_wconf 87' lang='lat' dir='ltr'><strong>elamore</strong></span> <span class='ocrx_word' id='word_1_142' title='bbox 1487 1159 1535 1186; x_wconf 91' lang='lat' dir='ltr'><strong>ac</strong></span> 
     </span>
     <span class='ocr_line' id='line_1_19' title="bbox 130 1195 1536 1256; baseline 0.004 -20"><span class='ocrx_word' id='word_1_143' title='bbox 130 1195 317 1238; x_wconf 88' lang='lat' dir='ltr'><strong>tumultu</strong></span> <span class='ocrx_word' id='word_1_144' title='bbox 337 1196 528 1238; x_wconf 87' lang='lat' dir='ltr'><strong>incautos</strong></span> <span class='ocrx_word' id='word_1_145' title='bbox 548 1197 721 1238; x_wconf 85' lang='lat' dir='ltr'><strong>invadit.</strong></span> <span class='ocrx_word' id='word_1_146' title='bbox 766 1197 823 1238; x_wconf 87' lang='lat' dir='ltr'><strong>Et</strong></span> <span class='ocrx_word' id='word_1_147' title='bbox 843 1198 980 1254; x_wconf 90' lang='lat' dir='ltr'><strong>primo</strong></span> <span class='ocrx_word' id='word_1_148' title='bbox 1001 1214 1109 1240; x_wconf 79' lang='lat' dir='ltr'><strong>nova</strong></span> <span class='ocrx_word' id='word_1_149' title='bbox 1129 1214 1195 1240; x_wconf 89' lang='lat' dir='ltr'><strong>res</strong></span> <span class='ocrx_word' id='word_1_150' title='bbox 1212 1200 1536 1256; x_wconf 87' lang='lat' dir='ltr'><strong>trepidationem</strong></span> 
     </span>
     <span class='ocr_line' id='line_1_20' title="bbox 129 1252 1532 1312; baseline 0.004 -18"><span class='ocrx_word' id='word_1_151' title='bbox 129 1252 243 1303; x_wconf 87' lang='lat' dir='ltr'><strong>fecit,</strong></span> <span class='ocrx_word' id='word_1_152' title='bbox 272 1253 375 1295; x_wconf 91' lang='lat' dir='ltr'><strong>dum</strong></span> <span class='ocrx_word' id='word_1_153' title='bbox 408 1269 523 1295; x_wconf 88' lang='lat' dir='ltr'><strong>arma</strong></span> <span class='ocrx_word' id='word_1_154' title='bbox 555 1255 742 1311; x_wconf 89' lang='lat' dir='ltr'><strong>capiunt,</strong></span> <span class='ocrx_word' id='word_1_155' title='bbox 772 1256 952 1296; x_wconf 87' lang='lat' dir='ltr'><strong>sarcinas</strong></span> <span class='ocrx_word' id='word_1_156' title='bbox 980 1266 1217 1312; x_wconf 88' lang='lat' dir='ltr'><strong>congerunt</strong></span> <span class='ocrx_word' id='word_1_157' title='bbox 1244 1258 1288 1298; x_wconf 90' lang='lat' dir='ltr'><strong>in</strong></span> <span class='ocrx_word' id='word_1_158' title='bbox 1318 1258 1532 1300; x_wconf 91' lang='lat' dir='ltr'><strong>medium:</strong></span> 
     </span>
     <span class='ocr_line' id='line_1_21' title="bbox 130 1309 1535 1371; baseline 0.004 -20"><span class='ocrx_word' id='word_1_159' title='bbox 130 1309 244 1360; x_wconf 87' lang='lat' dir='ltr'><strong>dein,</strong></span> <span class='ocrx_word' id='word_1_160' title='bbox 266 1321 503 1368; x_wconf 88' lang='lat' dir='ltr'><strong>postquam,</strong></span> <span class='ocrx_word' id='word_1_161' title='bbox 526 1320 573 1353; x_wconf 90' lang='lat' dir='ltr'><strong>ut</strong></span> <span class='ocrx_word' id='word_1_162' title='bbox 594 1312 773 1368; x_wconf 86' lang='lat' dir='ltr'><strong>quisque</strong></span> <span class='ocrx_word' id='word_1_163' title='bbox 796 1312 1042 1354; x_wconf 85' lang='lat' dir='ltr'><strong>liberaverat</strong></span> <span class='ocrx_word' id='word_1_164' title='bbox 1067 1329 1109 1355; x_wconf 90' lang='lat' dir='ltr'><strong>se</strong></span> <span class='ocrx_word' id='word_1_165' title='bbox 1136 1329 1277 1364; x_wconf 79' lang='lat' dir='ltr'><strong>onere,</strong></span> <span class='ocrx_word' id='word_1_166' title='bbox 1301 1324 1535 1371; x_wconf 83' lang='lat' dir='ltr'><strong>aptaverat-</strong></span> 
     </span>
     <span class='ocr_line' id='line_1_22' title="bbox 131 1369 1535 1426; baseline 0.004 -17"><span class='ocrx_word' id='word_1_167' title='bbox 131 1382 214 1424; x_wconf 94' lang='lat' dir='ltr'><strong>que</strong></span> <span class='ocrx_word' id='word_1_168' title='bbox 236 1369 374 1419; x_wconf 89' lang='lat' dir='ltr'><strong>armis,</strong></span> <span class='ocrx_word' id='word_1_169' title='bbox 397 1369 450 1410; x_wconf 89' lang='lat' dir='ltr'><strong>ad</strong></span> <span class='ocrx_word' id='word_1_170' title='bbox 478 1369 597 1425; x_wconf 85' lang='lat' dir='ltr'><strong>signa</strong></span> <span class='ocrx_word' id='word_1_171' title='bbox 626 1369 814 1426; x_wconf 88' lang='lat' dir='ltr'><strong>undique</strong></span> <span class='ocrx_word' id='word_1_172' title='bbox 837 1371 1018 1420; x_wconf 85' lang='lat' dir='ltr'><strong>coibant,</strong></span> <span class='ocrx_word' id='word_1_173' title='bbox 1041 1380 1084 1412; x_wconf 93' lang='lat' dir='ltr'><strong>et</strong></span> <span class='ocrx_word' id='word_1_174' title='bbox 1113 1372 1222 1413; x_wconf 91' lang='lat' dir='ltr'><strong>notis</strong></span> <span class='ocrx_word' id='word_1_175' title='bbox 1248 1372 1465 1414; x_wconf 90' lang='lat' dir='ltr'><strong>ordinibus</strong></span> <span class='ocrx_word' id='word_1_176' title='bbox 1490 1374 1535 1414; x_wconf 92' lang='lat' dir='ltr'><strong>in</strong></span> 
     </span>
     <span class='ocr_line' id='line_1_23' title="bbox 129 1426 1536 1485; baseline 0.004 -19"><span class='ocrx_word' id='word_1_177' title='bbox 129 1434 270 1467; x_wconf 88' lang='lat' dir='ltr'><strong>vetere</strong></span> <span class='ocrx_word' id='word_1_178' title='bbox 307 1426 529 1482; x_wconf 86' lang='lat' dir='ltr'><strong>disciplina</strong></span> <span class='ocrx_word' id='word_1_179' title='bbox 564 1426 752 1477; x_wconf 87' lang='lat' dir='ltr'><strong>militiae,</strong></span> <span class='ocrx_word' id='word_1_180' title='bbox 791 1428 874 1468; x_wconf 87' lang='lat' dir='ltr'><strong>iam</strong></span> <span class='ocrx_word' id='word_1_181' title='bbox 911 1428 1000 1469; x_wconf 90' lang='lat' dir='ltr'><strong>sine</strong></span> <span class='ocrx_word' id='word_1_182' title='bbox 1037 1438 1262 1485; x_wconf 89' lang='lat' dir='ltr'><strong>praecepto</strong></span> <span class='ocrx_word' id='word_1_183' title='bbox 1299 1429 1425 1471; x_wconf 89' lang='lat' dir='ltr'><strong>ullius</strong></span> <span class='ocrx_word' id='word_1_184' title='bbox 1461 1446 1536 1472; x_wconf 88' lang='lat' dir='ltr'><strong>sua</strong></span> 
     </span>
     <span class='ocr_line' id='line_1_24' title="bbox 129 1484 1536 1545; baseline 0.003 -21"><span class='ocrx_word' id='word_1_185' title='bbox 129 1492 279 1539; x_wconf 86' lang='lat' dir='ltr'><strong>sponte</strong></span> <span class='ocrx_word' id='word_1_186' title='bbox 300 1485 538 1525; x_wconf 88' lang='lat' dir='ltr'><strong>struebatur</strong></span> <span class='ocrx_word' id='word_1_187' title='bbox 558 1484 679 1534; x_wconf 85' lang='lat' dir='ltr'><strong>acies,</strong></span> <span class='ocrx_word' id='word_1_188' title='bbox 703 1484 862 1534; x_wconf 90' lang='lat' dir='ltr'><strong>consul,</strong></span> <span class='ocrx_word' id='word_1_189' title='bbox 885 1485 935 1526; x_wconf 90' lang='lat' dir='ltr'><strong>ad</strong></span> <span class='ocrx_word' id='word_1_190' title='bbox 964 1486 1192 1542; x_wconf 86' lang='lat' dir='ltr'><strong>ancipitem</strong></span> <span class='ocrx_word' id='word_1_191' title='bbox 1219 1487 1401 1528; x_wconf 81' lang='lat' dir='ltr'><strong>maxime</strong></span> <span class='ocrx_word' id='word_1_192' title='bbox 1427 1503 1536 1545; x_wconf 55' lang='lat' dir='ltr'><strong>pug-</strong></span> 
     </span>
     <span class='ocr_line' id='line_1_25' title="bbox 129 1541 1535 1601; baseline 0.004 -20"><span class='ocrx_word' id='word_1_193' title='bbox 129 1554 229 1581; x_wconf 92' lang='lat' dir='ltr'><strong>nam</strong></span> <span class='ocrx_word' id='word_1_194' title='bbox 251 1541 463 1591; x_wconf 86' lang='lat' dir='ltr'><strong>advectus,</strong></span> <span class='ocrx_word' id='word_1_195' title='bbox 486 1541 625 1582; x_wconf 90' lang='lat' dir='ltr'><strong>desilit</strong></span> <span class='ocrx_word' id='word_1_196' title='bbox 650 1557 704 1583; x_wconf 84' lang='lat' dir='ltr'><strong>ex</strong></span> <span class='ocrx_word' id='word_1_197' title='bbox 729 1557 853 1598; x_wconf 86' lang='lat' dir='ltr'><strong>equo,</strong></span> <span class='ocrx_word' id='word_1_198' title='bbox 876 1552 918 1584; x_wconf 92' lang='lat' dir='ltr'><strong>et</strong></span> <span class='ocrx_word' id='word_1_199' title='bbox 941 1542 1084 1584; x_wconf 88' lang='lat' dir='ltr'><strong>Iovem</strong></span> <span class='ocrx_word' id='word_1_200' title='bbox 1107 1542 1379 1600; x_wconf 87' lang='lat' dir='ltr'><strong>Martemque</strong></span> <span class='ocrx_word' id='word_1_201' title='bbox 1406 1555 1535 1601; x_wconf 87' lang='lat' dir='ltr'><strong>atque</strong></span> 
     </span>
     <span class='ocr_line' id='line_1_26' title="bbox 129 1597 1535 1656; baseline 0.004 -17"><span class='ocrx_word' id='word_1_202' title='bbox 129 1597 231 1639; x_wconf 86' lang='lat' dir='ltr'><strong>alios</strong></span> <span class='ocrx_word' id='word_1_203' title='bbox 267 1607 444 1640; x_wconf 88' lang='lat' dir='ltr'><strong>testatur</strong></span> <span class='ocrx_word' id='word_1_204' title='bbox 475 1598 590 1649; x_wconf 89' lang='lat' dir='ltr'><strong>deos,</strong></span> <span class='ocrx_word' id='word_1_205' title='bbox 629 1605 712 1649; x_wconf 88' lang='lat' dir='ltr'><strong>‘se,</strong></span> <span class='ocrx_word' id='word_1_206' title='bbox 748 1599 907 1640; x_wconf 90' lang='lat' dir='ltr'><strong>nullam</strong></span> <span class='ocrx_word' id='word_1_207' title='bbox 944 1615 1065 1641; x_wconf 89' lang='lat' dir='ltr'><strong>suam</strong></span> <span class='ocrx_word' id='word_1_208' title='bbox 1100 1600 1277 1656; x_wconf 85' lang='lat' dir='ltr'><strong>gloriam</strong></span> <span class='ocrx_word' id='word_1_209' title='bbox 1312 1601 1426 1652; x_wconf 90' lang='lat' dir='ltr'><strong>inde,</strong></span> <span class='ocrx_word' id='word_1_210' title='bbox 1460 1603 1535 1644; x_wconf 89' lang='lat' dir='ltr'><strong>sed</strong></span> 
     </span>
     <span class='ocr_line' id='line_1_27' title="bbox 130 1655 1531 1712; baseline 0.004 -16"><span class='ocrx_word' id='word_1_211' title='bbox 130 1655 356 1712; x_wconf 88' lang='lat' dir='ltr'><strong>‘praedam</strong></span> <span class='ocrx_word' id='word_1_212' title='bbox 397 1655 521 1697; x_wconf 83' lang='lat' dir='ltr'><strong>militi</strong></span> <span class='ocrx_word' id='word_1_213' title='bbox 556 1666 842 1712; x_wconf 86' lang='lat' dir='ltr'><strong>quaerentem,</strong></span> <span class='ocrx_word' id='word_1_214' title='bbox 880 1657 924 1698; x_wconf 92' lang='lat' dir='ltr'><strong>in</strong></span> <span class='ocrx_word' id='word_1_215' title='bbox 965 1672 1063 1698; x_wconf 92' lang='lat' dir='ltr'><strong>eum</strong></span> <span class='ocrx_word' id='word_1_216' title='bbox 1104 1657 1244 1700; x_wconf 91' lang='lat' dir='ltr'><strong>locum</strong></span> <span class='ocrx_word' id='word_1_217' title='bbox 1285 1659 1531 1702; x_wconf 89' lang='lat' dir='ltr'><strong>devenisse:</strong></span> 
     </span>
     <span class='ocr_line' id='line_1_28' title="bbox 129 1713 1534 1770; baseline 0.004 -16"><span class='ocrx_word' id='word_1_218' title='bbox 129 1717 297 1769; x_wconf 89' lang='lat' dir='ltr'><strong>‘neque</strong></span> <span class='ocrx_word' id='word_1_219' title='bbox 323 1713 367 1754; x_wconf 90' lang='lat' dir='ltr'><strong>in</strong></span> <span class='ocrx_word' id='word_1_220' title='bbox 393 1728 436 1755; x_wconf 91' lang='lat' dir='ltr'><strong>se</strong></span> <span class='ocrx_word' id='word_1_221' title='bbox 459 1713 586 1763; x_wconf 88' lang='lat' dir='ltr'><strong>aliud,</strong></span> <span class='ocrx_word' id='word_1_222' title='bbox 609 1729 737 1770; x_wconf 89' lang='lat' dir='ltr'><strong>quam</strong></span> <span class='ocrx_word' id='word_1_223' title='bbox 765 1715 938 1755; x_wconf 88' lang='lat' dir='ltr'><strong>nimiam</strong></span> <span class='ocrx_word' id='word_1_224' title='bbox 966 1715 1131 1756; x_wconf 89' lang='lat' dir='ltr'><strong>ditandi</strong></span> <span class='ocrx_word' id='word_1_225' title='bbox 1160 1731 1213 1757; x_wconf 87' lang='lat' dir='ltr'><strong>ex</strong></span> <span class='ocrx_word' id='word_1_226' title='bbox 1241 1716 1361 1758; x_wconf 92' lang='lat' dir='ltr'><strong>hoste</strong></span> <span class='ocrx_word' id='word_1_227' title='bbox 1391 1717 1534 1760; x_wconf 89' lang='lat' dir='ltr'><strong>militis</strong></span> 
     </span>
     <span class='ocr_line' id='line_1_29' title="bbox 130 1771 1534 1828; baseline 0.004 -16"><span class='ocrx_word' id='word_1_228' title='bbox 130 1775 142 1794; x_wconf 93' lang='lat'>‘</span> <span class='ocrx_word' id='word_1_229' title='bbox 156 1785 313 1820; x_wconf 89' lang='lat' dir='ltr'><strong>curam,</strong></span> <span class='ocrx_word' id='word_1_230' title='bbox 335 1771 588 1828; x_wconf 88' lang='lat' dir='ltr'><strong>reprehendi</strong></span> <span class='ocrx_word' id='word_1_231' title='bbox 611 1787 743 1827; x_wconf 90' lang='lat' dir='ltr'><strong>posse.</strong></span> <span class='ocrx_word' id='word_1_232' title='bbox 803 1772 873 1813; x_wconf 88' lang='lat' dir='ltr'><strong>Ab</strong></span> <span class='ocrx_word' id='word_1_233' title='bbox 895 1788 946 1814; x_wconf 91' lang='lat' dir='ltr'><strong>co</strong></span> <span class='ocrx_word' id='word_1_234' title='bbox 967 1787 1010 1814; x_wconf 91' lang='lat' dir='ltr'><strong>sc</strong></span> <span class='ocrx_word' id='word_1_235' title='bbox 1033 1772 1240 1815; x_wconf 87' lang='lat' dir='ltr'><strong>dedecore</strong></span> <span class='ocrx_word' id='word_1_236' title='bbox 1263 1774 1422 1816; x_wconf 91' lang='lat' dir='ltr'><strong>nullam</strong></span> <span class='ocrx_word' id='word_1_237' title='bbox 1444 1790 1534 1817; x_wconf 91' lang='lat' dir='ltr'><strong>rem</strong></span> 
     </span>
     <span class='ocr_line' id='line_1_30' title="bbox 129 1827 1534 1885; baseline 0.004 -16"><span class='ocrx_word' id='word_1_238' title='bbox 129 1827 294 1878; x_wconf 89' lang='lat' dir='ltr'><strong>‘aliam,</strong></span> <span class='ocrx_word' id='word_1_239' title='bbox 330 1844 459 1885; x_wconf 90' lang='lat' dir='ltr'><strong>quam</strong></span> <span class='ocrx_word' id='word_1_240' title='bbox 493 1829 693 1870; x_wconf 86' lang='lat' dir='ltr'><strong>virtutem</strong></span> <span class='ocrx_word' id='word_1_241' title='bbox 730 1829 926 1880; x_wconf 90' lang='lat' dir='ltr'><strong>militum,</strong></span> <span class='ocrx_word' id='word_1_242' title='bbox 963 1830 1295 1873; x_wconf 79' lang='lat' dir='ltr'><strong>vindicaturam:</strong></span> <span class='ocrx_word' id='word_1_243' title='bbox 1341 1833 1534 1874; x_wconf 90' lang='lat' dir='ltr'><strong>connite-</strong></span> 
     </span>
     <span class='ocr_line' id='line_1_31' title="bbox 129 1886 1533 1939; baseline 0.004 -13"><span class='ocrx_word' id='word_1_244' title='bbox 129 1890 304 1927; x_wconf 90' lang='lat' dir='ltr'><strong>‘rentur</strong></span> <span class='ocrx_word' id='word_1_245' title='bbox 330 1886 458 1928; x_wconf 84' lang='lat' dir='ltr'><strong>modo</strong></span> <span class='ocrx_word' id='word_1_246' title='bbox 487 1902 572 1927; x_wconf 91' lang='lat' dir='ltr'><strong>uno</strong></span> <span class='ocrx_word' id='word_1_247' title='bbox 600 1887 740 1928; x_wconf 86' lang='lat' dir='ltr'><strong>animo</strong></span> <span class='ocrx_word' id='word_1_248' title='bbox 772 1902 918 1928; x_wconf 89' lang='lat' dir='ltr'><strong>omncs</strong></span> <span class='ocrx_word' id='word_1_249' title='bbox 947 1887 1143 1929; x_wconf 85' lang='lat' dir='ltr'><strong>invadere</strong></span> <span class='ocrx_word' id='word_1_250' title='bbox 1173 1888 1351 1939; x_wconf 88' lang='lat' dir='ltr'><strong>hostem,</strong></span> <span class='ocrx_word' id='word_1_251' title='bbox 1373 1890 1533 1931; x_wconf 84' lang='lat' dir='ltr'><strong>victum</strong></span> 
     </span>
     <span class='ocr_line' id='line_1_32' title="bbox 129 1943 1532 2003; baseline 0.003 -19"><span class='ocrx_word' id='word_1_252' title='bbox 129 1943 261 1993; x_wconf 86' lang='lat' dir='ltr'><strong>‘acie‚</strong></span> <span class='ocrx_word' id='word_1_253' title='bbox 298 1944 443 1985; x_wconf 86' lang='lat' dir='ltr'><strong>castris</strong></span> <span class='ocrx_word' id='word_1_254' title='bbox 483 1953 674 1992; x_wconf 88' lang='lat' dir='ltr'><strong>exutum,</strong></span> <span class='ocrx_word' id='word_1_255' title='bbox 713 1943 919 1984; x_wconf 88' lang='lat' dir='ltr'><strong>nudatum</strong></span> <span class='ocrx_word' id='word_1_256' title='bbox 962 1945 1148 1994; x_wconf 86' lang='lat' dir='ltr'><strong>urbibus,</strong></span> <span class='ocrx_word' id='word_1_257' title='bbox 1187 1945 1378 1987; x_wconf 90' lang='lat' dir='ltr'><strong>ultimam</strong></span> <span class='ocrx_word' id='word_1_258' title='bbox 1415 1963 1532 2003; x_wconf 84' lang='lat' dir='ltr'><strong>spem</strong></span> 
     </span>
     <span class='ocr_line' id='line_1_33' title="bbox 129 2000 1533 2050; baseline 0.004 -10"><span class='ocrx_word' id='word_1_259' title='bbox 129 2005 141 2023; x_wconf 88' lang='lat'>‘</span> <span class='ocrx_word' id='word_1_260' title='bbox 158 2000 268 2041; x_wconf 86' lang='lat' dir='ltr'><strong>furto</strong></span> <span class='ocrx_word' id='word_1_261' title='bbox 282 2000 525 2041; x_wconf 90' lang='lat' dir='ltr'><strong>insidiarum</strong></span> <span class='ocrx_word' id='word_1_262' title='bbox 543 2010 790 2049; x_wconf 83' lang='lat' dir='ltr'><strong>tentantem,</strong></span> <span class='ocrx_word' id='word_1_263' title='bbox 809 2011 851 2041; x_wconf 89' lang='lat' dir='ltr'><strong>et</strong></span> <span class='ocrx_word' id='word_1_264' title='bbox 868 2001 972 2049; x_wconf 84' lang='lat' dir='ltr'><strong>loco,</strong></span> <span class='ocrx_word' id='word_1_265' title='bbox 988 2016 1073 2041; x_wconf 91' lang='lat' dir='ltr'><strong>non</strong></span> <span class='ocrx_word' id='word_1_266' title='bbox 1091 2002 1228 2050; x_wconf 85' lang='lat' dir='ltr'><strong>armis,</strong></span> <span class='ocrx_word' id='word_1_267' title='bbox 1244 2003 1409 2044; x_wconf 88' lang='lat' dir='ltr'><strong>fretum.</strong></span> <span class='ocrx_word' id='word_1_268' title='bbox 1447 2004 1533 2046; x_wconf 86' lang='lat' dir='ltr'><strong>Sed</strong></span> 
     </span>
     <span class='ocr_line' id='line_1_34' title="bbox 130 2058 1531 2114; baseline 0.003 -16"><span class='ocrx_word' id='word_1_269' title='bbox 130 2064 141 2081; x_wconf 91' lang='lat'>‘</span> <span class='ocrx_word' id='word_1_270' title='bbox 159 2072 286 2113; x_wconf 90' lang='lat' dir='ltr'><strong>quem</strong></span> <span class='ocrx_word' id='word_1_271' title='bbox 309 2073 398 2098; x_wconf 85' lang='lat' dir='ltr'><strong>esse</strong></span> <span class='ocrx_word' id='word_1_272' title='bbox 427 2058 509 2098; x_wconf 89' lang='lat' dir='ltr'><strong>iam</strong></span> <span class='ocrx_word' id='word_1_273' title='bbox 533 2058 675 2098; x_wconf 80' lang='lat' dir='ltr'><strong>virtuti</strong></span> <span class='ocrx_word' id='word_1_274' title='bbox 703 2058 919 2098; x_wconf 82' lang='lat' dir='ltr'><strong>Romanae</strong></span> <span class='ocrx_word' id='word_1_275' title='bbox 944 2058 1316 2114; x_wconf 83' lang='lat' dir='ltr'><strong>inexpugnabilem</strong></span> <span class='ocrx_word' id='word_1_276' title='bbox 1342 2060 1531 2103; x_wconf 73' lang='lat' dir='ltr'><strong>locumP&#39;</strong></span> 
     </span>
     <span class='ocr_line' id='line_1_35' title="bbox 129 2113 1531 2172; baseline 0.003 -16"><span class='ocrx_word' id='word_1_277' title='bbox 129 2113 375 2171; x_wconf 82' lang='lat' dir='ltr'><strong>Fregellana</strong></span> <span class='ocrx_word' id='word_1_278' title='bbox 396 2130 482 2164; x_wconf 87' lang='lat' dir='ltr'><strong>arx,</strong></span> <span class='ocrx_word' id='word_1_279' title='bbox 509 2115 765 2171; x_wconf 84' lang='lat' dir='ltr'><strong>Soranaque,</strong></span> <span class='ocrx_word' id='word_1_280' title='bbox 788 2124 830 2156; x_wconf 87' lang='lat' dir='ltr'><strong>et</strong></span> <span class='ocrx_word' id='word_1_281' title='bbox 853 2115 1094 2171; x_wconf 84' lang='lat' dir='ltr'><strong>ubicunque</strong></span> <span class='ocrx_word' id='word_1_282' title='bbox 1118 2116 1264 2172; x_wconf 84' lang='lat' dir='ltr'><strong>iniquo</strong></span> <span class='ocrx_word' id='word_1_283' title='bbox 1293 2132 1531 2160; x_wconf 84' lang='lat' dir='ltr'><strong>successum</strong></span> 
     </span>
     <span class='ocr_line' id='line_1_36' title="bbox 127 2171 1532 2222; baseline 0.003 -9"><span class='ocrx_word' id='word_1_284' title='bbox 127 2182 217 2213; x_wconf 88' lang='lat' dir='ltr'><strong>erat</strong></span> <span class='ocrx_word' id='word_1_285' title='bbox 234 2172 339 2221; x_wconf 89' lang='lat' dir='ltr'><strong>loco,</strong></span> <span class='ocrx_word' id='word_1_286' title='bbox 363 2173 713 2213; x_wconf 84' lang='lat' dir='ltr'><strong>memorabantur.</strong></span> <span class='ocrx_word' id='word_1_287' title='bbox 766 2171 846 2213; x_wconf 87' lang='lat' dir='ltr'><strong>His</strong></span> <span class='ocrx_word' id='word_1_288' title='bbox 866 2188 1066 2214; x_wconf 81' lang='lat' dir='ltr'><strong>aecensus</strong></span> <span class='ocrx_word' id='word_1_289' title='bbox 1087 2173 1217 2222; x_wconf 89' lang='lat' dir='ltr'><strong>miles,</strong></span> <span class='ocrx_word' id='word_1_290' title='bbox 1240 2175 1430 2216; x_wconf 90' lang='lat' dir='ltr'><strong>omnium</strong></span> <span class='ocrx_word' id='word_1_291' title='bbox 1453 2176 1532 2217; x_wconf 88' lang='lat' dir='ltr'><strong>im-</strong></span> 
     </span>
     <span class='ocr_line' id='line_1_37' title="bbox 128 2229 1530 2277; baseline 0.003 -7"><span class='ocrx_word' id='word_1_292' title='bbox 128 2244 289 2271; x_wconf 90' lang='lat' dir='ltr'><strong>memor</strong></span> <span class='ocrx_word' id='word_1_293' title='bbox 309 2229 634 2277; x_wconf 88' lang='lat' dir='ltr'><strong>difficultatium,</strong></span> <span class='ocrx_word' id='word_1_294' title='bbox 659 2229 770 2270; x_wconf 82' lang='lat' dir='ltr'><strong>vadit</strong></span> <span class='ocrx_word' id='word_1_295' title='bbox 799 2230 996 2271; x_wconf 75' lang='lat' dir='ltr'><strong>adversus</strong></span> <span class='ocrx_word' id='word_1_296' title='bbox 1025 2230 1315 2272; x_wconf 86' lang='lat' dir='ltr'><strong>imminentem</strong></span> <span class='ocrx_word' id='word_1_297' title='bbox 1346 2232 1530 2275; x_wconf 87' lang='lat' dir='ltr'><strong>hostium</strong></span> 
     </span>
     <span class='ocr_line' id='line_1_38' title="bbox 123 2287 1529 2344; baseline 0.002 -16"><span class='ocrx_word' id='word_1_298' title='bbox 123 2287 272 2329; x_wconf 80' lang='lat' dir='ltr'><strong>aciem.</strong></span> <span class='ocrx_word' id='word_1_299' title='bbox 337 2287 401 2328; x_wconf 91' lang='lat' dir='ltr'><strong>Ibi</strong></span> <span class='ocrx_word' id='word_1_300' title='bbox 423 2287 609 2344; x_wconf 90' lang='lat' dir='ltr'><strong>paullum</strong></span> <span class='ocrx_word' id='word_1_301' title='bbox 637 2287 787 2327; x_wconf 73' lang='lat' dir='ltr'><strong>laboris</strong></span> <span class='ocrx_word' id='word_1_302' title='bbox 807 2288 898 2336; x_wconf 85' lang='lat' dir='ltr'><strong>fuit,</strong></span> <span class='ocrx_word' id='word_1_303' title='bbox 922 2287 1023 2328; x_wconf 90' lang='lat' dir='ltr'><strong>dum</strong></span> <span class='ocrx_word' id='word_1_304' title='bbox 1054 2288 1095 2328; x_wconf 89' lang='lat' dir='ltr'><strong>in</strong></span> <span class='ocrx_word' id='word_1_305' title='bbox 1125 2288 1345 2330; x_wconf 78' lang='lat' dir='ltr'><strong>adversum</strong></span> <span class='ocrx_word' id='word_1_306' title='bbox 1374 2289 1529 2332; x_wconf 82' lang='lat' dir='ltr'><strong>clivum</strong></span> 
     </span>
     <span class='ocr_line' id='line_1_39' title="bbox 127 2344 1529 2402; baseline 0.003 -17"><span class='ocrx_word' id='word_1_307' title='bbox 127 2344 304 2400; x_wconf 82' lang='lat' dir='ltr'><strong>erigitur</strong></span> <span class='ocrx_word' id='word_1_308' title='bbox 324 2360 503 2401; x_wconf 85' lang='lat' dir='ltr'><strong>agmen:</strong></span> <span class='ocrx_word' id='word_1_309' title='bbox 537 2354 739 2393; x_wconf 78' lang='lat' dir='ltr'><strong>ceterum,</strong></span> <span class='ocrx_word' id='word_1_310' title='bbox 764 2354 985 2400; x_wconf 79' lang='lat' dir='ltr'><strong>postquam</strong></span> <span class='ocrx_word' id='word_1_311' title='bbox 1009 2345 1143 2401; x_wconf 86' lang='lat' dir='ltr'><strong>prima</strong></span> <span class='ocrx_word' id='word_1_312' title='bbox 1167 2346 1285 2399; x_wconf 71' lang='lat' dir='ltr'><strong>signa</strong></span> <span class='ocrx_word' id='word_1_313' title='bbox 1312 2347 1529 2402; x_wconf 84' lang='lat' dir='ltr'><strong>planitiem</strong></span> 
     </span>
     <span class='ocr_line' id='line_1_40' title="bbox 127 2402 1530 2459; baseline 0.004 -17"><span class='ocrx_word' id='word_1_314' title='bbox 127 2416 334 2443; x_wconf 88' lang='lat' dir='ltr'><strong>summam</strong></span> <span class='ocrx_word' id='word_1_315' title='bbox 362 2412 579 2459; x_wconf 86' lang='lat' dir='ltr'><strong>ceperunt,</strong></span> <span class='ocrx_word' id='word_1_316' title='bbox 602 2402 816 2458; x_wconf 82' lang='lat' dir='ltr'><strong>sensitque</strong></span> <span class='ocrx_word' id='word_1_317' title='bbox 847 2403 955 2443; x_wconf 77' lang='lat' dir='ltr'><strong>acies</strong></span> <span class='ocrx_word' id='word_1_318' title='bbox 984 2418 1119 2458; x_wconf 85' lang='lat' dir='ltr'><strong>aequo</strong></span> <span class='ocrx_word' id='word_1_319' title='bbox 1148 2418 1190 2443; x_wconf 86' lang='lat' dir='ltr'><strong>sc</strong></span> <span class='ocrx_word' id='word_1_320' title='bbox 1221 2403 1301 2444; x_wconf 87' lang='lat' dir='ltr'><strong>iam</strong></span> <span class='ocrx_word' id='word_1_321' title='bbox 1332 2404 1530 2447; x_wconf 81' lang='lat' dir='ltr'><strong>institisse</strong></span> 
     </span>
     <span class='ocr_line' id='line_1_41' title="bbox 128 2458 1529 2527; baseline 0.003 -27"><span class='ocrx_word' id='word_1_322' title='bbox 128 2458 233 2509; x_wconf 94' lang='lat' dir='ltr'><strong>loco,</strong></span> <span class='ocrx_word' id='word_1_323' title='bbox 255 2474 398 2500; x_wconf 86' lang='lat' dir='ltr'><strong>versus</strong></span> <span class='ocrx_word' id='word_1_324' title='bbox 419 2459 633 2516; x_wconf 85' lang='lat' dir='ltr'><strong>extemplo</strong></span> <span class='ocrx_word' id='word_1_325' title='bbox 655 2469 716 2501; x_wconf 77' lang='lat' dir='ltr'><strong>cst</strong></span> <span class='ocrx_word' id='word_1_326' title='bbox 745 2469 877 2500; x_wconf 86' lang='lat' dir='ltr'><strong>terror</strong></span> <span class='ocrx_word' id='word_1_327' title='bbox 906 2460 948 2500; x_wconf 87' lang='lat' dir='ltr'><strong>in</strong></span> <span class='ocrx_word' id='word_1_328' title='bbox 978 2460 1252 2509; x_wconf 73' lang='lat' dir='ltr'><strong>insidiatores,</strong></span> <span class='ocrx_word' id='word_1_329' title='bbox 1276 2461 1529 2527; x_wconf 80' lang='lat' dir='ltr'><strong>easdemque</strong></span> 
     </span>
     <span class='ocr_line' id='line_1_42' title="bbox 127 2515 1532 2574; baseline 0.002 -16"><span class='ocrx_word' id='word_1_330' title='bbox 127 2515 318 2566; x_wconf 82' lang='lat' dir='ltr'><strong>latebras,</strong></span> <span class='ocrx_word' id='word_1_331' title='bbox 341 2517 495 2573; x_wconf 87' lang='lat' dir='ltr'><strong>quibus</strong></span> <span class='ocrx_word' id='word_1_332' title='bbox 527 2533 570 2558; x_wconf 90' lang='lat' dir='ltr'><strong>sc</strong></span> <span class='ocrx_word' id='word_1_333' title='bbox 604 2516 745 2573; x_wconf 85' lang='lat' dir='ltr'><strong>paullo</strong></span> <span class='ocrx_word' id='word_1_334' title='bbox 778 2526 875 2558; x_wconf 88' lang='lat' dir='ltr'><strong>ante</strong></span> <span class='ocrx_word' id='word_1_335' title='bbox 912 2527 1115 2565; x_wconf 80' lang='lat' dir='ltr'><strong>texerant,</strong></span> <span class='ocrx_word' id='word_1_336' title='bbox 1146 2517 1271 2573; x_wconf 86' lang='lat' dir='ltr'><strong>palati</strong></span> <span class='ocrx_word' id='word_1_337' title='bbox 1306 2528 1432 2574; x_wconf 83' lang='lat' dir='ltr'><strong>atque</strong></span> <span class='ocrx_word' id='word_1_338' title='bbox 1467 2535 1532 2561; x_wconf 87' lang='lat' dir='ltr'><strong>m-</strong></span> 
     </span>
     <span class='ocr_line' id='line_1_43' title="bbox 128 2574 1529 2632; baseline 0.003 -18"><span class='ocrx_word' id='word_1_339' title='bbox 128 2588 265 2615; x_wconf 81' lang='lat' dir='ltr'><strong>ermes</strong></span> <span class='ocrx_word' id='word_1_340' title='bbox 297 2574 396 2629; x_wconf 79' lang='lat' dir='ltr'><strong>fuga</strong></span> <span class='ocrx_word' id='word_1_341' title='bbox 428 2589 471 2616; x_wconf 91' lang='lat' dir='ltr'><strong>re</strong></span> <span class='ocrx_word' id='word_1_342' title='bbox 504 2575 700 2615; x_wconf 86' lang='lat' dir='ltr'><strong>ctcbaut:</strong></span> <span class='ocrx_word' id='word_1_343' title='bbox 735 2575 808 2615; x_wconf 76' lang='lat' dir='ltr'><strong>sed</strong></span> <span class='ocrx_word' id='word_1_344' title='bbox 841 2574 931 2615; x_wconf 81' lang='lat' dir='ltr'><strong>loca</strong></span> <span class='ocrx_word' id='word_1_345' title='bbox 958 2574 1155 2620; x_wconf 78' lang='lat' dir='ltr'><strong>difficilia,</strong></span> <span class='ocrx_word' id='word_1_346' title='bbox 1189 2574 1295 2616; x_wconf 83' lang='lat' dir='ltr'><strong>hosti</strong></span> <span class='ocrx_word' id='word_1_347' title='bbox 1329 2577 1529 2632; x_wconf 55' lang='lat' dir='ltr'><strong>‹piaesitm</strong></span> 
     </span>
     <span class='ocr_line' id='line_1_44' title="bbox 97 2590 1531 2690; baseline 0.003 -18"><span class='ocrx_word' id='word_1_348' title='bbox 97 2630 240 2687; x_wconf 78' lang='lat' dir='ltr'><strong>sipsos</strong></span> <span class='ocrx_word' id='word_1_349' title='bbox 266 2628 355 2672; x_wconf 78' lang='lat' dir='ltr'><strong>tum</strong></span> <span class='ocrx_word' id='word_1_350' title='bbox 381 2647 456 2672; x_wconf 88' lang='lat' dir='ltr'><strong>sua</strong></span> <span class='ocrx_word' id='word_1_351' title='bbox 475 2590 621 2672; x_wconf 73' lang='lat' dir='ltr'><strong>ii‘aude</strong></span> <span class='ocrx_word' id='word_1_352' title='bbox 647 2631 947 2688; x_wconf 85' lang='lat' dir='ltr'><strong>impediebant.</strong></span> <span class='ocrx_word' id='word_1_353' title='bbox 1013 2631 1160 2688; x_wconf 85' lang='lat' dir='ltr'><strong>Itaque</strong></span> <span class='ocrx_word' id='word_1_354' title='bbox 1187 2647 1286 2688; x_wconf 80' lang='lat' dir='ltr'><strong>ergo</strong></span> <span class='ocrx_word' id='word_1_355' title='bbox 1312 2635 1531 2690; x_wconf 82' lang='lat' dir='ltr'><strong>perpaucis</strong></span> 
     </span>
    </p>
   </div>
   <div class='ocr_carea' id='block_1_3' title="bbox 133 2781 1334 2867">
    <p class='ocr_par' dir='ltr' id='par_1_3' title="bbox 133 2781 1334 2867">
     <span class='ocr_line' id='line_1_45' title="bbox 183 2781 1226 2820; baseline 0.001 -9"><span class='ocrx_word' id='word_1_356' title='bbox 183 2792 201 2817; x_wconf 75' lang='lat'>⁴</span> <span class='ocrx_word' id='word_1_357' title='bbox 233 2781 283 2811; x_wconf 74' lang='lat' dir='ltr'><strong>lm</strong></span> <span class='ocrx_word' id='word_1_358' title='bbox 314 2781 427 2820; x_wconf 68' lang='lat' dir='ltr'><strong>ingleru</strong></span> <span class='ocrx_word' id='word_1_359' title='bbox 457 2781 592 2810; x_wconf 74' lang='lat' dir='ltr'><strong>hostium</strong></span> <span class='ocrx_word' id='word_1_360' title='bbox 629 2781 806 2818; x_wconf 53' lang='grc' dir='ltr'><strong>(κτενί-ἰωή</strong></span> <span class='ocrx_word' id='word_1_361' title='bbox 853 2782 1058 2811; x_wconf 74' lang='lat' dir='ltr'><strong>allicerentur</strong></span> <span class='ocrx_word' id='word_1_362' title='bbox 1076 2781 1226 2813; x_wconf 75' lang='lat' dir='ltr'><strong>Romani.</strong></span> 
     </span>
     <span class='ocr_line' id='line_1_46' title="bbox 133 2822 1334 2867; baseline 0.002 -13"><span class='ocrx_word' id='word_1_363' title='bbox 133 2823 240 2863; x_wconf 83' lang='lat' dir='ltr'><strong>Prope</strong></span> <span class='ocrx_word' id='word_1_364' title='bbox 257 2822 352 2861; x_wconf 71' lang='lat' dir='ltr'><strong>afuit,</strong></span> <span class='ocrx_word' id='word_1_365' title='bbox 369 2827 402 2854; x_wconf 86' lang='lat' dir='ltr'><strong>ut</strong></span> <span class='ocrx_word' id='word_1_366' title='bbox 424 2823 518 2856; x_wconf 76' lang='lat' dir='ltr'><strong>clade</strong></span> <span class='ocrx_word' id='word_1_367' title='bbox 540 2824 643 2854; x_wconf 75' lang='lat' dir='ltr'><strong>alteru</strong></span> <span class='ocrx_word' id='word_1_368' title='bbox 660 2824 809 2854; x_wconf 74' lang='lat' dir='ltr'><strong>Caudina</strong></span> <span class='ocrx_word' id='word_1_369' title='bbox 898 2833 914 2862; x_wconf 68' lang='lat'><em>5</em></span> <span class='ocrx_word' id='word_1_370' title='bbox 941 2825 1056 2864; x_wconf 79' lang='lat' dir='ltr'><strong>Itaque</strong></span> <span class='ocrx_word' id='word_1_371' title='bbox 1071 2826 1163 2864; x_wconf 70' lang='lat' dir='ltr'><strong>crya]</strong></span> <span class='ocrx_word' id='word_1_372' title='bbox 1189 2824 1228 2857; x_wconf 79' lang='lat' dir='ltr'><strong>cf.</strong></span> <span class='ocrx_word' id='word_1_373' title='bbox 1246 2825 1265 2856; x_wconf 87' lang='lat' dir='ltr'><strong>i.</strong></span> <span class='ocrx_word' id='word_1_374' title='bbox 1287 2835 1334 2867; x_wconf 67' lang='lat'><strong>²5.</strong></span> 
     </span>
    </p>
   </div>
  </div>
 </body>
</html>
