1934 3211
603 149 728 191 LIB.
763 149 818 191 X.
861 150 1007 193 CAP.
1041 155 1107 193 32.
1459 156 1541 195 593

158 247 203 280 et
232 247 384 281 terram
415 238 681 280 multifariam
712 239 878 294 pluisse,
910 248 953 281 et
984 240 1026 280 in
1056 241 1243 282 exercitu
1269 242 1350 297 Ap.
1372 241 1743 291 Claud11UC.457.

157 296 379 354 plerosque
418 295 661 337 fulminibus
700 296 816 345 ictos,
858 297 1097 338 nuntiatum
1136 306 1222 338 est:
1270 297 1448 355 librique
1488 295 1594 341 obA.
1618 294 1655 325 C.
1673 303 1745 335 295·

158 347 261 396 liaeo
296 354 408 396 aditi.
471 353 536 394 Eo
571 368 682 395 anno
721 353 774 402 Q.
799 353 950 396 Fabius
988 354 1166 410 Gurges,
1203 356 1383 396 consulis
1417 356 1539 406 filius,

243 420 317 453 uot
356 419 564 452 matronas
603 410 656 452 ad
693 411 895 468 populum
936 413 1070 469 stupri
1109 411 1325 453 damnatas
1364 414 1542 468 pecunia

202 469 373 511 utavit.
421 484 473 510 ex
510 484 594 525 quo
629 469 860 511 multaticio
895 485 987 511 aere
1023 469 1202 511 Veneris
1236 469 1396 519 aedem,
1434 486 1539 526 quae

155 541 285 583 prope
306 526 463 568 circum
486 536 560 576 est,
580 526 814 568 faciendam
835 528 1004 569 curavit.

216 583 448 641 Supersunt
478 584 604 626 etiam
635 600 748 626 nunc
781 584 1030 626 Samnitium
1061 584 1182 635 bella,
1204 600 1311 641 quae
1341 585 1540 626 continua
1554 591 1639 623 Belli
1651 593 1739 623 Sam-

125 635 231 699 2per
256 651 452 699 quartum
483 642 564 683 iam
596 642 791 684 volumen
822 658 1063 700 annumque
1094 652 1258 684 sextum
1289 652 1332 684 et
1362 642 1539 707 quadra·
1551 634 1724 707 piticidm-

154 700 372 755 gesimum,
405 715 430 741 a
457 699 518 741 Μ.
535 699 716 750 Valerio,
740 700 792 742 A.
815 700 1014 742 Cornelio
1039 700 1290 761 consulibus,
1312 700 1385 757 qui
1415 682 1708 756 Ρτίιιιίἃῗῖἓζξῗὲε
1710 682 1741 708 et

158 756 328 799 Samnio
349 773 463 799 arma
483 757 727 807 intulerunt,
750 758 932 815 agimus·
957 768 999 800 et
1019 774 1072 800 ne
1094 767 1155 800 tot
1176 773 1378 799 annorum
1400 757 1538 800 clades

154 816 372 881 utriusque
393 817 529 872 gentis
550 815 792 872 laboresque
818 826 930 858 actos
950 832 1063 858 nunc
1083 816 1269 866 referam,
1293 816 1444 882 quibus
1465 831 1538 857 ne—

155 874 366 928 quiverint
400 884 539 915 tamen
574 873 680 915 dura
714 873 784 915 illa
818 884 987 931 pectora
1019 875 1157 923 vinci3
1201 875 1392 930 proximo
1427 889 1538 915 anno

157 930 403 973 Samnites
393 947 437 972 1n
467 930 675 973 Sentinati
703 947 814 987 agro,
836 931 1033 988 Pelignis,
1059 932 1113 973 ad
1134 932 1366 981 Tifernum,
1392 930 1538 972 Stella-

154 989 266 1030 tibus
281 989 454 1054 campis,
476 989 560 1030 suis
580 989 658 1045 ipsi
678 967 954 1045 legionibus?
947 990 1067 1031 mixti
1088 989 1245 1040 alienis,
1268 990 1318 1031 ab
1340 998 1537 1046 quattuor

153 1046 417 1097 exercitibus,
440 1055 637 1103 quattuor
660 1047 837 1088 ducibus
869 1047 1071 1089 Romanis
1099 1048 1207 1089 caesi
1236 1047 1537 1096 fuerant31m-

183 1114 385 1146 eratorem
416 1105 686 1146 clarissimum
707 1105 844 1161 gentis
869 1120 966 1147 suae
993 1106 1241 1154 amiserant3
1273 1105 1404 1147 socios
1424 1104 1535 1153 belli,

195 1170 365 1213 truscos
385 1162 579 1213 Umbros,
604 1162 793 1213 Gallos,
783 1178 825 1203 in
853 1163 1000 1204 eadem
1030 1163 1196 1204 fortuna
1221 1163 1431 1211 videbant,
1454 1178 1537 1218 qua

154 1220 232 1277 ipsi
262 1229 405 1262 erant:
449 1236 527 1262 nec
563 1221 658 1271 suis,
690 1236 768 1262 nec
801 1221 984 1262 externis
1016 1221 1170 1262 viribus
1202 1221 1284 1262 iam
1319 1230 1426 1262 stare
1463 1235 1536 1276 po-

153 1287 315 1328 terant3
348 1287 488 1320 tamen
519 1278 628 1320 bello
656 1293 741 1320 non
774 1279 1062 1320 abstinebant:
1096 1278 1200 1320 adeo
1232 1293 1286 1320 ne
1318 1277 1537 1319 infeliciter

152 1335 325 1392 quidem
357 1336 551 1378 defensae
580 1336 780 1378 libertatis
816 1336 1034 1385 taedebat3
1078 1347 1120 1378 et
1147 1336 1270 1386 vinci,
1297 1351 1421 1392 quam
1451 1351 1536 1376 non

152 1402 314 1436 tentare
335 1394 562 1444 victoriam,
584 1394 804 1436 malebant.
869 1395 1056 1443 Quinam
1077 1394 1129 1435 sit
1151 1394 1232 1443 ille,
1250 1409 1376 1450 quem
1397 1393 1537 1449 pigeat

152 1450 469 1508 longinquitatis
503 1452 708 1494 bellorum
747 1452 966 1494 scribendo
1004 1452 1280 1509 legendoque,
1317 1466 1424 1508 quae
1464 1466 1536 1507 ge—

153 1519 291 1552 rentes
311 1525 394 1552 non
416 1510 722 1566 fatigaverunt?

213 1565 267 1616 Q.
292 1567 479 1618 Fabium,
513 1568 560 1609 P.
586 1568 779 1618 Decium,
815 1568 863 1609 L.
884 1568 1122 1610 Postumius
1155 1566 1363 1622 Meo-ellus
1394 1575 1437 1607 et
1470 1565 1531 1607 M.
1617 1573 1684 1611 32.

155 1625 311 1667 Atilius
333 1625 522 1682 Regulus
542 1626 733 1668 consules
759 1627 890 1668 secuti
917 1635 1025 1667 sunt.
1091 1625 1307 1666 Samnium
1334 1624 1535 1665 ambobus
1552 1627 1592 1658 U
1611 1628 1648 1659 C
1666 1630 1736 1668 458-

151 1682 320 1724 decreta
339 1684 553 1740 provincia
573 1693 660 1733 est3
694 1684 793 1740 quia
813 1692 895 1725 tres
915 1683 1089 1740 scriptos
1109 1682 1292 1724 hostium
1313 1672 1737 1747 exereitus’ii⁸1}0'st²3⁴'

152 1755 237 1782 uno
270 1740 492 1792 Etruriam,
524 1741 653 1783 altero
683 1741 972 1798 populationes
995 1740 1252 1797 Campaniae
1283 1739 1427 1796 repeti,
1454 1749 1535 1780 ter·
1549 1757 1675 1787 nuoll
1693 1758 1740 1788 M

150 1799 256 1841 tium
289 1799 456 1841 tuendis
517 1815 621 1841 arari
649 1800 814 1849 finibus,
840 1799 948 1841 fama
979 1808 1078 1841 erat.
1140 1798 1404 1840 Postumium
1425 1797 1535 1839 vale·
1550 1799 1649 1830 Atilio
1662 1800 1750 1831 Cos-*-

152 1856 254 1899 tudo
285 1856 457 1899 adversa
487 1800 651 1899 liornae
684 1858 844 1898 tenuit:
880 1857 1036 1898 Atilius
1068 1855 1280 1912 extemplo
1312 1855 1534 1912 profectus

151 1924 198 1956 ut
218 1915 261 1956 in
286 1914 456 1956 Samnio
477 1915 616 1956 hostes
636 1915 714 1970 (ita
740 1915 852 1955 enim
881 1914 1092 1970 placuerat
1112 1913 1326 1965 Patribus)
1347 1913 1534 1954 nondum

121 1986 335 2029 3egressos
358 1973 623 2028 opprimeret.
688 1971 815 2013 Velut
842 1987 894 2012 ex
923 1971 1153 2027 composito
1181 1971 1237 2011 ibi
1267 1970 1435 2011 obvium
1463 1970 1536 2011 ha-

151 2030 278 2071 buere
306 2029 496 2074 hostem·
530 2030 600 2070 ubi
629 2039 671 2070 ct
702 2029 868 2078 intrare,
890 2029 1047 2070 nedum
1069 2038 1239 2077 vastare,
1262 2027 1338 2083 ipsi
1371 2026 1535 2068 Samni-

152 2087 257 2129 tium
279 2101 422 2143 agrum
444 2086 788 2143 prohiberentur:
822 2097 863 2127 et
884 2086 1026 2142 egredi
1052 2085 1184 2127 inde
1176 2101 1217 2126 m
1238 2094 1384 2141 pacata
1402 2085 1534 2125 socio-

152 2159 328 2201 rumque
346 2144 488 2210 populi
507 2144 686 2185 Romani
701 2145 806 2185 fines
825 2144 1052 2185 Samnitem
1071 2143 1350 2207 prohiberent.
1388 2142 1531 2190 Quum
1546 2150 1705 2180 Samnites

151 2212 284 2244 castra
303 2203 445 2244 castris
465 2201 612 2243 collata
631 2212 781 2252 essent,
800 2201 913 2257 quod
935 2202 1004 2242 vix
1028 2201 1242 2242 Romanus
1263 2200 1384 2241 toties
1404 2215 1426 2239 v
1432 2200 1534 2241 ictor
1546 2198 1646 2223 cantra
1666 2194 1726 2223 ¹³⁰

151 2260 337 2311 auderet,
360 2261 445 2302 ausi
479 2260 686 2302 Samnites
712 2269 809 2301 sunt
829 2261 1010 2308 (tantum
1039 2258 1272 2315 desperatio
1300 2257 1445 2299 ultima
1474 2268 1534 2298 te-

157 411 211 453 ali

1547 2246 1586 2265 uu
1589 2247 1629 2266 ιιι.
1631 2248 1640 2265 ι
1657 2247 1706 2273 ag—

1545 2278 1739 2317 grediuntnr.

867 2410 925 2430 nus
940 2404 1048 2429 autem
1066 2409 1129 2438 quo
1147 2398 1182 2429 1..
1201 2397 1392 2430 Postumius.
1410 2398 1455 2429 M.
1470 2398 1533 2427 Ati-

868 2443 928 2472 lius
938 2443 1025 2472 Cosa.
1043 2441 1196 2475 fuerumt
1209 2442 1335 2481 quidem
1353 2451 1392 2471 cx
1410 2441 1536 2471 calculo

866 2495 960 2524 quem
985 2484 1155 2523 sequimur.
1171 2485 1326 2524 septimun
1348 2488 1378 2513 et
1401 2483 1533 2523 quadra-

199 2412 210 2433 ῐ
239 2404 305 2435 Per
319 2407 468 2451 quartum
487 2403 547 2431 inm
567 2402 726 2438 volumen]
759 2400 819 2430 lm-

154 2455 207 2476 mo
233 2456 289 2486 per
312 2446 471 2486 quintum
497 2444 617 2484 quippe
644 2454 691 2473 reu
716 2447 822 2490 aestuo

153 2487 241 2527 anni,
256 2489 296 2520 de
312 2499 375 2528 quo
397 2499 482 2518 nunc
505 2487 618 2528 agitur
636 2487 664 2516 in
684 2486 751 2516 libr.
771 2485 820 2516 sii.

156 2540 205 2570 30.
222 2537 399 2562 narrantur.

198 2583 214 2604 ἰ
232 2576 364 2605 Annum
390 2585 428 2605 uer
439 2585 494 2605 em·
496 2578 561 2603 tum
574 2577 604 2603 e!
619 2572 820 2612 quadr-aymi-

153 2618 256 2656 mum]
284 2617 368 2648 Intel
385 2617 439 2656 igit
464 2616 572 2647 Lixiun
593 2625 712 2645 unuurn
737 2623 823 2649 cum,

154 2670 218 2699 quo
235 2659 271 2691 L.
290 2660 474 2691 Postumius
494 2665 523 2689 et
549 2659 593 2689 M.
613 2657 729 2688 Atilius
751 2667 821 2686 con-

154 2702 240 2733 sulen
254 2703 395 2740 fuerunt,
408 2707 442 2733 ut
460 2706 545 2742 patet
563 2712 580 2730 c
585 2712 601 2730 x
619 2711 656 2730 (ιι
672 2700 755 2739 quod
770 2710 822 2729 .ιιι-

156 2755 232 2776 num
252 2756 315 2785 quo
338 2744 499 2777 Samnite-s
515 2746 547 2774 ιή
564 2743 725 2773 Sentinati
742 2765 748 2772 .
766 2766 772 2772 .
790 2766 796 2772 .
815 2766 821 2772 .

155 2789 238 2819 caeni
257 2789 410 2827 fuerant,
437 2788 465 2817 id
491 2792 550 2820 cut.
577 2797 648 2816 vum
674 2796 737 2824 quo
767 2785 822 2816 Fa-

156 2830 227 2861 bius
238 2840 267 2862 V.
286 2831 406 2862 Decius
419 2840 460 2860 ιν.
475 2830 675 2860 consulatum
692 2838 825 2866 fflwtcrc,

157 2877 247 2904 vocet
285 2874 395 2913 paullo
426 2873 504 2903 infru
540 2873 731 2911 prm-imum,
760 2870 825 2900 aiv(-

158 2915 301 2955 proxime
322 2916 564 2956 praecedentem
582 2925 714 2945 annum.
763 2914 822 2944 Λη-

215 2971 311 2999 vot..
337 2973 361 2999 1.

867 2528 1003 2566 gesimun
1018 2526 1184 2557 Samnitici
1206 2526 1294 2562 belli,
1309 2527 1350 2555 ob
1365 2536 1464 2556 unum
1490 2527 1533 2555 ni-

867 2570 981 2601 mirum
998 2579 1233 2609 annum,quem
1253 2569 1358 2600 Livius
1374 2579 1435 2599 non
1451 2569 1533 2599 vide·

868 2618 920 2643 tur
940 2622 1121 2651 agnoscere,
1140 2612 1312 2649 adit-ctum,
1332 2612 1372 2642 dc
1387 2622 1450 2651 quo
1472 2611 1533 2642 vid.

869 2660 932 2686 not.
948 2656 987 2685 ad
1008 2655 1070 2686 viii.
1091 2665 1135 2696 19.
1181 2655 1242 2685 Sed
1264 2654 1449 2694 1.iviun,qui
1467 2654 1535 2684 eiua

869 2698 1021 2729 rationem
1048 2708 1109 2728 non
1137 2697 1260 2733 habuit,
1279 2697 1389 2727 debuit
1413 2707 1532 2727 annum

867 2742 907 2772 «10
923 2752 986 2780 quo
1002 2740 1052 2771 hic
1071 2740 1204 2778 agimus.
1221 2750 1386 2770 numer-ure
1409 2746 1533 2770 sextum

869 2789 898 2814 ot
916 2783 1203 2823 quadragesimum.
1227 2785 1331 2813 (ἓιιεν.

913 2837 929 2865 3
956 2828 1002 2857 lln'
1018 2827 1141 2856 nlwn'um
1157 2826 1296 2856 habrum·
1311 2826 1443 2864 bouem]
1474 2825 1523 2855 Ro

871 2870 953 2900 mani
982 2869 1116 2905 scilicet,
1139 2869 1190 2909 qui
1215 2869 1297 2899 duce
1323 2868 1422 2899 Atilio
1447 2878 1532 2898 vene-

871 2917 948 2943 mm.

1235 2970 1308 3008 Qq
