1934 3211
273 394 340 432 50.

209 570 396 601 Conventus

210 612 408 643 Latinorum.

209 748 337 778 Turnus

210 789 396 820 Herdonius

207 832 239 862 in
260 832 413 872 Tarquin.

208 875 377 906 invehitur.

425 183 477 221 58
943 179 1090 221 TITI
1127 179 1305 221 LIVII

426 279 515 311 tum
543 269 637 319 dat3
669 285 828 326 perque
854 285 921 311 eas
942 271 1107 327 nuptias
1135 271 1287 312 multos
1308 270 1388 312 sibi
1415 279 1610 326 cognatos
1638 270 1809 312 amicos-

427 343 509 384 que
531 328 620 369 eius
641 329 845 369 conciliat.

484 385 571 426 Iam
591 401 741 442 magna
759 386 979 442 Tarquinii
995 386 1215 427 auctoritas
1232 386 1340 426 inter
1356 385 1604 427 Latinorum
1619 399 1809 442 proceres

426 452 536 493 erat3
568 459 710 499 quum,
740 444 784 484 in
805 444 918 484 diem
939 452 1093 484 certam
1122 452 1167 484 ut
1195 443 1248 484 ad
1273 443 1414 484 lucum
1442 443 1690 484 Ferentinae
1711 448 1842 484 con-7

425 502 608 551 veniant,
644 501 815 542 indicit:
849 516 949 550 esse,
985 516 1091 557 quae
1128 516 1249 556 agere
1281 501 1333 541 de
1364 503 1488 542 rebus
1519 500 1811 541 communibus

425 559 536 600 velit.
583 558 855 600 Conveniunt
873 559 1112 614 frequentes
1132 558 1266 614 prima
1285 558 1389 599 luce.
1440 557 1534 614 Ipse
1557 557 1812 613 Tarquinius

427 616 539 658 diem
557 617 729 672 quidem
749 616 948 665 servavit3
981 616 1054 657 sed
1074 615 1213 671 paullo
1236 625 1345 664 ante,
1368 630 1493 671 quam
1514 615 1575 655 sol
1590 615 1810 663 occideret,

427 675 551 715 venit.
615 674 753 715 Multa
786 674 846 716 ibi
876 682 965 715 tota
999 674 1067 714 die
1102 673 1147 713 in
1177 672 1353 714 concilio
1390 673 1511 713 variis
1544 672 1694 712 iactata
1727 686 1812 712 ser-

426 732 622 773 monibus
650 741 778 772 erant.
841 731 1010 772 Turnus
1040 730 1280 771 Herdonius
1306 732 1358 771 ab
1390 729 1535 771 Aricia
1554 729 1747 770 ferociter
1765 729 1843 769 in8

427 790 641 830 absentem
673 789 952 844 Tarquinium
983 798 1071 829 erat
1101 789 1311 828 invectus:
1348 793 1359 811 ‘
1382 786 1511 828 Haud
1532 787 1683 827 mirum
1708 801 1810 836 esse,

428 853 439 870 ‘
455 846 647 902 Superbo
668 846 849 887 inditum
871 845 1032 887 Romae
1049 843 1307 901 cognomen.7
1367 844 1477 901 (Iam
1494 844 1607 885 enim
1627 844 1686 884 ita
1705 843 1812 885 clam

427 905 599 960 quidem
624 904 900 953 mussitantes,
921 903 1045 959 vulgo
1067 912 1219 952 tamen,
1242 918 1339 943 eum
1360 901 1661 958 appellabant.)
1711 907 1723 925 ‘
1739 901 1812 942 An

428 968 439 985 ‘
453 962 678 1017 quicquam
699 961 916 1017 superbius
937 976 1037 1010 esse,
1061 976 1186 1017 quam
1208 960 1412 1001 ludificari
1433 959 1490 1001 sic
1512 975 1635 1001 omne
1656 974 1813 1000 nomen

429 1019 684 1059 ‘Latinum‘?
743 1018 1010 1074 Principibus
1048 1018 1172 1074 longe
1213 1019 1263 1058 ab
1299 1017 1425 1058 domo
1465 1017 1624 1067 excitis,
1661 1017 1810 1072 ipsum,

428 1077 526 1132 ‘qui
547 1076 771 1117 concilium
799 1075 1012 1125 indixerit,
1041 1091 1126 1116 non
1154 1075 1319 1116 adesse:
1355 1076 1506 1116 tentari
1533 1075 1720 1131 profecto
1740 1089 1814 1130 pa-

429 1140 439 1157 ‘
454 1134 656 1183 tientiam,
679 1141 738 1183 ut,
762 1134 795 1174 si
822 1133 967 1189 iugum
988 1133 1237 1188 acceperint,
1260 1133 1464 1174 obnoxios
1490 1140 1663 1188 premat.
1729 1131 1814 1173 Cui

429 1191 566 1233 ‘enim
597 1206 683 1232 non
707 1205 919 1247 apparere,
942 1190 1134 1231 affectare
1163 1205 1260 1230 eum
1288 1190 1510 1245 imperium
1537 1190 1581 1230 in
1609 1189 1813 1230 Latinos?

429 1255 440 1273 ⁶
457 1249 586 1297 Quod
606 1249 639 1289 si
660 1249 723 1289 sui
751 1249 857 1289 bene
880 1247 1134 1288 crediderint
1162 1247 1284 1296 cives,
1310 1257 1382 1287 aut
1406 1247 1439 1287 si
1461 1247 1666 1288 creditum
1693 1246 1811 1297 illud,
1825 1259 1845 1290 9

429 1313 495 1348 ‘et
525 1322 610 1348 non
641 1315 807 1362 raptum
836 1305 1057 1362 parricidio
1088 1305 1151 1354 sit,
1183 1304 1352 1345 credere
1384 1312 1426 1345 et
1456 1304 1630 1345 Latinos
1661 1303 1815 1360 (quan-

429 1371 578 1421 ‘quam
603 1380 656 1405 ne
685 1365 742 1405 sic
764 1363 936 1419 quidem
957 1361 1236 1418 alienigenae)
1267 1362 1431 1403 debere.
1496 1361 1571 1403 Sin
1601 1376 1696 1403 suos
1726 1361 1814 1403 eius

429 1429 440 1446 ‘
453 1423 679 1478 poeniteat,
702 1421 879 1477 (quippe
903 1421 976 1476 qui
996 1420 1065 1461 alii
1086 1435 1210 1476 super
1235 1420 1335 1461 alios
1356 1419 1629 1469 trucidentur,
1651 1418 1815 1460 exsula-

429 1486 543 1521 ‘tum
565 1489 674 1529 eant,
692 1480 803 1520 bona
830 1477 1058 1533 amittant,)
1079 1477 1182 1533 quid
1210 1477 1298 1533 spei
1329 1477 1510 1518 melioris
1538 1477 1700 1518 Latinis
1719 1491 1815 1533 por-

430 1537 601 1578 ‘tendiP
664 1536 708 1578 Si
739 1552 780 1577 se
803 1536 986 1584 audiant,
1013 1535 1185 1576 domum
1213 1550 1328 1575 suam
1359 1550 1570 1590 quemque
1598 1534 1697 1576 inde
1728 1534 1815 1575 abi-

430 1601 442 1619 ‘
455 1604 590 1636 turos:
625 1610 762 1650 neque
780 1593 910 1649 magis
927 1593 1212 1634 observaturos
1234 1591 1346 1633 diem
1368 1592 1546 1642 concilii,
1565 1607 1692 1648 quam
1712 1591 1814 1648 ipse,

430 1653 528 1709 ‘qui
564 1652 775 1701 indixerit,
809 1651 1024 1692 observet?
1084 1649 1202 1691 Haec
1235 1658 1359 1705 atque
1393 1649 1473 1690 alia
1504 1650 1652 1691 eodem
1687 1650 1816 1705 perti-

428 1711 572 1752 nentia
596 1710 814 1751 seditiosus
838 1709 1175 1763 facinorosusque
1196 1707 1335 1756 homo,
1358 1706 1505 1762 hisque
1533 1707 1689 1748 artibus
1717 1722 1816 1763 opes

428 1768 542 1809 domi
563 1777 722 1816 nactus,
755 1782 886 1823 quum
907 1766 1086 1806 maxime
1118 1765 1349 1814 dissereret,
1378 1764 1604 1805 intervenit
1636 1764 1817 1820 Tarqui-

428 1827 533 1867 nius.
597 1826 637 1866 Is
658 1825 752 1865 finis
774 1824 950 1866 orationi
971 1823 1060 1864 fuit.
1123 1822 1272 1863 Aversi
1294 1837 1437 1862 omnes
1462 1821 1516 1862 ad
1537 1822 1817 1878 Tarquinium

428 1883 716 1924 salutandum:
761 1882 846 1938 qui,
880 1881 1044 1922 silentio
1080 1880 1202 1929 facto,
1240 1879 1422 1920 monitus
1457 1895 1481 1920 a
1519 1879 1733 1935 proximis,
1770 1888 1818 1921 ut

428 1950 626 1997 purgaret
646 1955 702 1990 se,
726 1939 839 1996 quod
860 1938 904 1979 id
924 1938 1121 1994 temporis
1136 1937 1329 1986 venisset,
1355 1943 1365 1960 ‘
1378 1936 1725 1993 disceptatorem,’
1745 1937 1815 1987 ait,

431 2005 501 2039 ‘se
534 2007 748 2054 sumptum
781 1997 889 2038 inter
919 2005 1080 2052 patrem
1116 2004 1159 2036 et
1193 1994 1352 2034 filium:
1391 2009 1490 2035 cura
1518 1994 1817 2036 reconciliandi

432 2062 527 2097 ‘eos
556 2056 600 2096 in
630 2055 805 2111 gratiam
834 2062 1037 2095 moratum
1069 2068 1179 2094 esse:
1213 2060 1267 2101 et,
1299 2052 1398 2107 quia
1427 2067 1477 2092 ea
1506 2067 1570 2093 res
1595 2051 1818 2093 exemisset

432 2113 572 2154 ‘illum
599 2113 723 2162 diem,
746 2121 912 2168 postero
933 2111 1000 2151 die
1029 2119 1232 2159 acturum,
1251 2124 1356 2165 quae
1383 2109 1688 2150 constituisset?
1747 2108 1817 2150 Ne

430 2171 473 2212 id
502 2171 674 2227 quidem
699 2171 750 2212 ab
780 2170 926 2211 Turno
954 2168 1095 2209 tulisse
1128 2167 1299 2208 tacitum
1320 2167 1481 2208 ferunt:
1515 2167 1668 2208 dixisse
1690 2166 1816 2217 enim,
1834 2185 1846 2207 1

431 2355 483 2375 ces
498 2349 529 2374 et
549 2344 663 2375 Ulixes
679 2343 754 2374 filio.
801 2342 954 2374 Octavius
970 2352 1100 2381 praeno·
1145 2351 1352 2381 praenomen,
1388 2340 1564 2370 admodum
1605 2339 1818 2370 dubitandum

431 2398 515 2417 men.
539 2397 623 2426 supr.
642 2396 690 2425 23-

477 2438 492 2469 7
515 2431 635 2459 Lucum
657 2429 868 2465 Ferentinae]
910 2427 1017 2457 Lucus
1046 2426 1101 2457 ille

431 2472 490 2502 fuit
503 2473 543 2502 ad
554 2476 652 2511 caput
661 2482 764 2511 aquae
774 2471 978 2507 Ferentinae,
989 2470 1028 2499 de
1039 2480 1101 2508 qno

431 2515 552 2545 mentio
582 2515 617 2544 fit
647 2515 729 2543 infra
757 2523 805 2552 51.
835 2512 911 2548 sive,
942 2512 1102 2551 quomodo

431 2558 615 2597 appellatur
637 2556 668 2587 ii.
694 2557 742 2596 38.
766 2560 863 2594 caput
880 2556 1099 2585 Ferentinum.

434 2601 532 2630 Hunc
549 2604 581 2629 et
596 2600 718 2629 fontem
735 2602 766 2628 et
783 2598 891 2627 lucum
916 2598 974 2627 sub
990 2596 1100 2626 radici-

431 2644 490 2672 bus
512 2642 630 2672 montis
647 2640 764 2671 Albani
780 2640 886 2677 fuisse,
903 2649 1014 2679 eoque,
1031 2642 1102 2678 post

433 2685 549 2714 Albam
567 2684 716 2721 dirutam,
732 2693 831 2722 nsque
849 2683 890 2713 ad
908 2683 944 2713 P.
962 2682 1101 2712 Decium

433 2727 560 2757 Murem
599 2727 774 2761 consulem,
805 2726 941 2765 populos
971 2724 1103 2755 Latinos

432 2769 599 2799 convenire
623 2769 742 2805 solitos,
765 2772 800 2798 ut
823 2768 992 2807 imperinm
1017 2777 1100 2797 com-

433 2810 520 2839 muni
534 2811 665 2841 consilio
677 2810 945 2847 administrarent,
956 2820 994 2840 ex
1008 2810 1102 2840 Festo

433 2853 583 2882 discimus
598 2854 628 2882 in
648 2864 723 2883 voce
742 2855 885 2884 Praetor.
912 2853 1017 2883 (ἷκεν.

475 2897 493 2923 8
518 2896 662 2932 Turnus]
692 2896 781 2925 Idem
797 2906 910 2925 nomen
925 2895 1008 2933 qnod
1026 2897 1099 2934 Tyr-

433 2938 564 2973 rhenus,
590 2937 723 2968 Niebhr.
751 2938 804 2975 qni
834 2948 874 2967 an
906 2937 1033 2967 Turnus
1062 2936 1099 2966 sit

1145 2388 1264 2419 censet,
1277 2393 1375 2422 quum
1392 2386 1516 2412 mature
1532 2382 1564 2411 in
1581 2392 1672 2412 usum
1689 2386 1818 2413 venerat

1145 2427 1231 2465 apud
1258 2427 1422 2456 Romanos
1451 2426 1635 2463 eoynomz'na
1666 2423 1818 2455 inusitata

1145 2469 1325 2499 nominibus
1333 2468 1514 2507 praefigere.
1528 2477 1554 2497 e.
1562 2477 1590 2506 g.
1601 2468 1816 2504 Siculus‚Au-

1146 2522 1277 2541 rancus.

1186 2563 1206 2594 9
1230 2553 1321 2590 (Quod
1334 2554 1361 2582 εἰ
1377 2553 1445 2589 sni]
1474 2551 1506 2582 Si
1530 2552 1612 2581 bene
1635 2551 1727 2581 cessit
1750 2551 1817 2582 Ro—

1144 2595 1258 2632 manis,
1288 2595 1373 2634 quod
1404 2594 1433 2624 ei
1463 2593 1680 2624 commiserint
1716 2594 1816 2633 impe-

1143 2638 1238 2674 rium,
1251 2642 1306 2668 aut
1321 2637 1346 2667 si
1364 2636 1493 2666 omnino
1506 2636 1732 2667 commiserunt
1744 2660 1752 2667 .
1765 2659 1772 2666 .
1786 2659 1794 2667 .
1807 2659 1816 2667 .

1145 2681 1261 2710 debere
1290 2679 1422 2709 Latinos
1448 2689 1574 2718 quoque
1603 2678 1685 2709 illud
1712 2678 1817 2709 eidem

1146 2722 1345 2754 committere
1359 2733 1366 2752 ς
1390 2721 1455 2751 imo
1472 2732 1535 2751 non
1551 2722 1677 2756 debere,
1693 2720 1817 2751 etiamsi

1144 2776 1193 2796 res
1208 2765 1253 2795 ita
1265 2775 1297 2795 se
1309 2765 1452 2801 haberet,
1464 2774 1562 2803 quum
1576 2763 1616 2794 sit
1627 2763 1816 2803 alienigena.

1146 2809 1251 2839 CREv.

1194 2861 1203 2880 1
1231 2852 1282 2881 Ne
1300 2850 1332 2879 id
1346 2851 1471 2889 quidem
1484 2849 1522 2879 ab
1538 2848 1661 2886 Turno]
1689 2847 1741 2877 Ne
1754 2846 1815 2878 hac

1144 2893 1274 2932 quidem
1306 2891 1512 2922 excusatione
1535 2902 1555 2920 a
1579 2890 1688 2920 Turno
1714 2889 1814 2928 impe—

1145 2941 1253 2970 trasse,
1277 2939 1309 2964 ut
1334 2938 1464 2969 taceret,
1481 2934 1609 2963 tacitum
1624 2932 1728 2969 serre,
1745 2942 1814 2971 per-
