1934 3211
386 196 425 236 vi
873 192 1292 234 PRAEFATIO.

385 300 505 348 Livii
547 299 745 348 editioni
793 300 1029 363 syllabum
1067 299 1288 346 codicum
1333 297 1628 360 optimorum
1669 296 1779 344 sub-

382 378 510 434 iecit,
558 393 766 441 quorum
813 377 1060 440 praesidiis
1108 377 1372 422 instructus
1419 375 1522 438 ipse
1568 375 1630 421 ad
1675 389 1780 420 rem

384 455 623 517 agendam
664 460 951 509 accesserat,
988 453 1123 500 cuius
1165 452 1204 499 si
1239 452 1300 499 ad
1338 451 1521 499 calcem
1557 451 1780 498 editionis

384 547 520 578 meae
546 530 816 593 legentibus
841 530 1030 592 copiam
1055 529 1232 584 fecero,
1258 528 1373 575 satis
1400 544 1476 574 me
1505 544 1593 591 pro
1623 527 1781 574 officio

385 623 494 654 meo
536 606 705 654 fecisse
753 606 1035 653 arbitrabor.
1109 606 1366 653 Editiones
1409 621 1621 668 quoque,
1659 620 1783 667 quae

385 684 622 731 hactenus
668 684 717 729 in
764 682 1012 746 publicum
1058 698 1341 745 provenere,
1390 682 1561 728 melius
1606 697 1786 744 cogno-

386 766 599 816 scentur,
641 760 678 806 si
724 759 1094 822 praecipuarum
1136 758 1404 805 editionum
1446 758 1683 821 syllabum
1724 758 1784 804 ab

387 838 561 884 eodem
581 836 844 883 clarissimo
864 835 964 883 viro
982 834 1276 891 confectum,
1293 840 1439 897 atque
1460 851 1571 881 eum
1587 834 1784 897 quidem

388 913 727 977 supplemento
776 930 801 959 e
849 911 1147 975 praefatione
1197 911 1541 974 Kreyssigiana
1587 915 1787 958 auctum

387 990 529 1037 simul
553 989 836 1044 adiunxero,
863 1004 1008 1051 quam
1038 988 1076 1035 si
1104 987 1281 1034 iudicio
1311 988 1470 1034 minus
1501 992 1712 1043 maturo,
1738 992 1787 1033 et

389 1067 605 1114 oratione
641 1065 804 1112 forsan
844 1065 1094 1120 ieiuniore,
1130 1064 1190 1111 ad
1226 1055 1418 1110 illarum
1450 1063 1787 1111 recensionem

387 1145 488 1206 ipse
512 1158 780 1190 accessero.

461 1220 558 1267 Sed
595 1219 654 1266 de
698 1218 944 1282 proposito
982 1234 1091 1264 meo
1129 1234 1300 1282 pauca,
1336 1218 1466 1265 bona
1510 1225 1596 1264 tua
1629 1218 1785 1273 venia,

391 1297 690 1344 subiecerim.
759 1294 1153 1342 Vetustissimam
1168 1295 1300 1342 illam
1317 1295 1652 1342 Romanorum
1667 1310 1790 1342 rem-

391 1373 635 1437 publicam
680 1371 902 1419 acumine
939 1388 1026 1418 suo
1068 1371 1297 1434 singulari
1333 1379 1481 1435 atque
1518 1371 1789 1419 eruditione

391 1449 641 1497 recondita
674 1448 971 1495 Niebuhrius
1004 1448 1250 1495 hodiernis
1273 1448 1395 1495 adeo
1429 1448 1527 1496 iam
1550 1448 1792 1496 notiorem

392 1526 521 1582 fecit,
548 1533 619 1582 ut,
643 1526 758 1573 licet
783 1525 905 1574 Livii
940 1525 1170 1573 historiae
1195 1541 1295 1573 non
1327 1525 1524 1573 omnino
1554 1541 1642 1589 pro
1667 1525 1791 1573 veris

394 1604 703 1667 accipiendae
759 1603 869 1659 sint,
917 1619 1016 1650 non
1065 1603 1174 1650 ideo
1229 1609 1412 1659 tamen,
1460 1602 1592 1666 quod
1637 1602 1792 1650 voluit

395 1681 719 1737 Beaufortius,
743 1697 830 1744 pro
858 1680 981 1727 fictis
1012 1697 1207 1744 prorsus
1232 1680 1536 1737 reiiciendae,
1561 1696 1652 1728 nec
1678 1697 1791 1728 cum

396 1758 695 1822 Fergusonio
725 1757 912 1805 lubrica
946 1758 1109 1804 omnia
1133 1763 1279 1821 atque
1321 1758 1508 1805 incerta
1543 1773 1694 1820 usque
1731 1757 1792 1804 ad

394 1836 577 1883 bellum
614 1835 853 1882 Punicum
885 1835 1153 1882 secundum
1185 1835 1410 1882 habenda
1442 1835 1550 1882 sint.
1624 1834 1792 1882 Critici

396 1913 540 1968 enim,
578 1913 661 1975 qui
693 1928 765 1968 ea,
798 1927 922 1975 quae
960 1912 1058 1960 sive
1094 1911 1279 1959 incuria
1304 1911 1485 1967 Livius,
1510 1927 1596 1959 seu
1631 1911 1790 1959 studio

393 1990 620 2053 partium,
646 1994 729 2036 aut
754 1988 979 2036 simulata
1003 1989 1280 2051 aliquando,
1306 1994 1390 2036 aut
1414 1994 1545 2036 certe
1570 2004 1670 2035 non
1696 1988 1790 2035 sin-

395 2082 505 2113 cera
522 2065 788 2121 tradiderit,
808 2064 1073 2112 odorentur
1093 2071 1141 2112 et
1158 2065 1511 2121 demonstrent,
1527 2065 1689 2129 plures
1709 2081 1793 2112 ex-

396 2143 624 2190 stiterunt
642 2160 653 2197 ;
681 2142 763 2205 qui
779 2158 894 2189 vero
915 2142 1078 2189 abdita
1097 2148 1145 2189 et
1165 2148 1351 2189 retrusa
1368 2142 1417 2189 in
1436 2142 1597 2189 lucem
1618 2141 1793 2198 eliciat,

397 2219 637 2282 exquisita
660 2219 822 2266 iudicii
853 2219 1119 2265 subtilitate
1144 2235 1257 2266 vera
1288 2236 1316 2265 a
1339 2218 1469 2266 falsis
1505 2225 1553 2266 et
1577 2218 1795 2283 supposi-

396 2295 512 2342 titiis
545 2295 803 2351 discernat,
827 2294 947 2341 locis
977 2295 1291 2342 conclamatis
1316 2295 1464 2342 vitam
1496 2295 1686 2352 reddat,
1709 2295 1793 2343 de-

395 2377 597 2435 pravata
631 2371 856 2433 corrigat,
893 2387 1168 2418 sermonem
1200 2371 1348 2434 ipsius
1386 2372 1508 2419 Livii
1538 2372 1794 2419 titubantis

395 2449 756 2512 interpretetur,
773 2447 853 2495 vix
871 2463 1014 2504 unus,
1033 2448 1110 2495 vel
1134 2448 1379 2495 neminem
1399 2465 1551 2512 prope
1571 2448 1793 2505 dixerim,

396 2530 508 2572 ante
557 2524 880 2571 Niebuhrium
920 2524 1146 2572 inventus
1194 2531 1280 2572 est.
1353 2525 1528 2588 Neque
1567 2525 1697 2572 enim
1742 2526 1793 2572 in

397 2600 493 2655 illa,
528 2617 652 2664 quae
690 2602 819 2664 apud
855 2601 1047 2664 plebem
1086 2601 1347 2649 literariam
1383 2602 1529 2665 viget,
1567 2602 1793 2666 opinione

397 2677 803 2738 acquiescendum
845 2683 933 2735 est,
973 2694 1068 2741 qua
1110 2678 1406 2726 Niebuhrius
1447 2679 1658 2742 speciem
1699 2678 1794 2726 his-

397 2753 550 2800 toriae
605 2754 855 2802 Romanae
909 2754 1153 2819 popularis
1207 2755 1418 2804 fucatam
1471 2756 1696 2813 nudasse,
1743 2761 1793 2802 et

399 2829 708 2877 simulacrum
754 2848 915 2879 rerum
974 2849 1035 2879 ne
1092 2833 1385 2881 levissimum
1433 2833 1646 2896 quidem,
1693 2847 1791 2895 quo
