1934 3211
601 161 840 230 L'IB.V1.

136 286 182 326 4‘
197 279 331 321 deam.
337 279 347 297 '

884 188 920 230 C
933 189 1030 231 ΑΡ.
1069 195 1132 232 14.
1487 196 1570 235 363

406 277 513 319 Inde
534 292 623 318 rern
644 277 842 319 creditori
871 277 1009 334 palam
1040 278 1198 334 populo
1223 279 1357 329 solvit,
1379 280 1569 338 libraque
1586 287 1628 319 U.
1646 288 1684 319 C.

136 299 210 378 4et
230 350 324 376 aere
345 335 567 376 liberatum
589 335 758 384 emittit,
781 335 882 376 deos
903 344 1029 391 atque
1061 336 1254 377 homines
1275 337 1568 389 obtestantem,
1584 331 1623 361 A.
1647 331 1685 362 C.

169 400 180 417 ⁶
193 400 240 433 ut
257 391 319 433 M.
340 392 518 442 Manlio,
540 392 753 434 liberatori
774 407 862 442 suo,
885 407 960 449 pai
961 402 1049 434 enti
1070 392 1205 458 plebis
1227 393 1460 444 Romanae,
1478 410 1571 450 gra-

168 455 181 473 ‘
195 449 296 491 tiam
316 449 526 491 referant?

586 451 803 506 Acceptus
830 450 1045 506 extemplo
1076 451 1120 490 in
1151 450 1453 493 tumultuosam
1485 461 1571 493 tur-

165 506 262 548 bam
303 516 347 548 et
382 507 470 563 ipse
505 507 734 549 tumultum
768 508 960 563 augebat,
995 508 1209 549 cicatrices
1244 517 1436 564 acceptas
1469 508 1573 551 Vei-

166 563 268 614 enti,
317 563 497 614 Gallico,
544 564 720 621 aliisque
771 565 973 621 deinceps
1022 565 1143 607 bellis
1188 575 1415 608 ostentans.

1485 567 1570 609 ‘Se

135 628 153 661 5
167 627 180 645 ‘
195 621 460 671 militantem,
483 637 526 663 se
542 622 835 663 restituentem
858 637 907 663 ev
911 638 956 663 el
957 637 1023 664 sos
1038 631 1226 679 penates,
1245 623 1496 680 multiplici
1485 639 1569 665 lam

168 683 181 703 ‘
196 687 306 720 sorte
328 679 531 729 exsoluta,
549 680 838 735 mergentibus
851 695 1016 736 semper
1036 689 1190 721 sortem
1205 681 1352 731 usuris,
1371 682 1570 723 obrutum

167 741 181 760 ‘
194 735 338 778 fenore
364 751 480 778 esse:

514 737 658 778 videre
690 736 842 786 lucem,
864 737 1016 787 forum,
1040 738 1196 778 civium
1224 753 1308 787 ora,
1333 738 1395 780 M.
1417 738 1571 781 Manlii

167 798 344 850 ‘operaz
379 794 522 836 omnia
550 803 776 850 parentum
806 795 1014 836 beneficia
1033 792 1085 836 ab
1117 795 1189 836 illo
1213 811 1256 837 se
1288 795 1466 838 habere:

1510 796 1571 837 illi

168 851 399 893 ‘devovere
432 851 617 908 corporis
648 851 844 908 vitaeque
882 867 929 893 ac
965 853 1180 909 sanguinis
1216 853 1332 909 quod
1364 854 1567 919 supersit:

169 908 483 965 ‘quodcunque
505 909 583 950 sibi
605 924 701 950 cum
723 910 869 965 patria,
891 910 1116 965 penatibus
1137 910 1315 966 publicis
1332 925 1379 951 ac
1400 911 1570 967 privatis

169 966 298 1007 ‘iuris
337 966 475 1016 fuerit,
517 966 561 1007 id
603 982 700 1008 cum
742 982 828 1008 uno
874 967 1046 1008 homine
1088 968 1204 1008 esse.'

1276 967 1357 1008 His
1399 984 1422 1009 v
1425 969 1570 1010 ocibus

167 1023 366 1065 instincta
389 1024 534 1080 plebes
555 1039 688 1080 quum
709 1024 793 1065 iam
821 1024 946 1065 unius
974 1025 1156 1066 hominis
1184 1035 1304 1074 essct,
1328 1025 1472 1067 addita
1491 1026 1572 1068 alia

136 1081 453 1123 6commotioris
478 1081 531 1122 ad
562 1081 704 1123 omnia
729 1082 937 1123 turbanda
964 1083 1127 1123 consilii
1157 1098 1232 1123 ies.

169 1137 356 1188 Veienti,
388 1148 515 1195 caput
544 1139 800 1195 patrimonii,
832 1139 1011 1180 subiecit
1042 1141 1261 1196 praeconi.

1298 1083 1494 1124 Fundum
1526 1084 1571 1125 in

1307 1146 1318 1164 ‘
1342 1140 1409 1182 Ne
1442 1156 1569 1197 quem

169 1201 182 1220 ‘
200 1197 409 1246 vestrum,'
440 1197 591 1252 inquit,
627 1203 637 1220 ‘
658 1197 860 1246 Quirites,
893 1197 1030 1238 donec
1062 1197 1289 1254 quicquam
1327 1198 1370 1238 in
1402 1213 1445 1239 re
1478 1214 1572 1240 mea

171 1258 182 1278 ‘
197 1254 417 1310 supererit,
442 1254 673 1295 iudicatum
691 1254 959 1295 addictumve
981 1254 1079 1295 duci
1100 1256 1259 1311 patiar.'

1320 1255 1371 1296 Id
1392 1270 1491 1297 vero
1513 1257 1573 1297 ita

169 1311 363 1352 accendit
384 1311 558 1361 animos,
581 1320 627 1352 ut
644 1326 720 1367 per
735 1327 860 1352 omne
882 1312 941 1352 fas
963 1327 1010 1352 ac
1032 1313 1147 1353 nefas
1161 1313 1343 1353 secuturi
1360 1313 1572 1355 vindicem

169 1367 373 1410 libertatis
386 1368 641 1410 viderentur.

697 1369 768 1409 Ad
786 1369 865 1410 hoc
882 1368 1011 1418 domi,
1022 1370 1310 1411 concionantis
1325 1371 1367 1410 in
1383 1370 1571 1421 modum,

169 1440 383 1467 sermones
423 1425 539 1482 pleni
580 1426 804 1467 criminum
841 1427 886 1467 in
922 1426 1094 1468 Patres:

1138 1427 1249 1468 inter
1288 1442 1406 1483 quos,
1439 1443 1572 1483 quum

170 1483 323 1524 omisso
344 1483 599 1533 discrimine,
622 1498 720 1524 vera
744 1499 798 1524 an
819 1498 926 1524 vana
947 1484 1113 1533 iaceret,
1139 1484 1384 1526 ‘thesauros
1418 1484 1572 1527 Gallici

171 1621 281 1657 dabat,
297 1624 354 1651 aut
375 1624 462 1651 trans
480 1620 624 1651 Tiberim
647 1630 778 1660 peregre
797 1630 846 1651 ve-

170 1673 247 1694 num
268 1663 345 1694 ibat.
392 1663 483 1699 Quin
505 1664 615 1700 etiam,
631 1663 656 1693 si
677 1664 786 1703 plures
802 1663 847 1693 fo-

170 1709 253 1743 rent,
276 1706 393 1745 quibus
416 1716 489 1736 reus
512 1706 660 1737 addictus
686 1710 780 1742 esset,
801 1717 847 1736 se-

169 1759 256 1786 care,
271 1748 297 1778 si
315 1749 447 1785 vellent,
468 1754 566 1787 atque
586 1750 708 1788 partiri
731 1759 848 1788 corpus

169 1790 291 1822 addicti
317 1791 375 1821 sibi
402 1791 542 1822 hominis
563 1791 771 1831 permittebat
796 1792 848 1822 lex

170 1833 341 1864 duodecim
355 1834 551 1864 tabularum.
585 1834 724 1865 Disseeti
738 1839 848 1864 tamen

170 1875 232 1907 hoc
248 1877 345 1906 modo
362 1876 503 1907 hominis
517 1877 645 1907 nullum
659 1877 848 1916 exemplum

170 1924 376 1950 memoratur.
430 1919 523 1949 llaec
550 1919 659 1949 omnia
687 1919 783 1949 habet
810 1920 848 1950 A.

171 1961 260 1992 Gell.
289 1962 360 1991 loco
391 1972 488 2001 supra
514 1962 625 1992 allato.
655 1962 762 1993 (ἷκεν.
808 1962 847 1991 cf.

172 2003 306 2035 Gravia.
337 2004 402 2034 lur.
430 2003 501 2034 Civ.
530 2013 593 2034 xil.
620 2004 701 2034 Tab.
741 2004 848 2043 Hugo.

173 2045 292 2077 Gesch.
312 2046 388 2076 Dexi.
409 2046 502 2076 Rtim.
522 2046 654 2076 Rechts.
673 2046 691 2075 i.
711 2046 726 2082 ἓ
749 2055 816 2086 149.

216 2100 235 2126 4
259 2089 421 2128 Libraque
442 2093 471 2118 et
487 2099 561 2118 nere
577 2089 745 2118 liberatum
763 2089 850 2118 emit-

174 2131 229 2168 eit]
258 2130 309 2160 Ex
332 2130 369 2159 iis
389 2141 472 2169 quae
495 2140 592 2169 supra
614 2129 852 2164 annotavimus,

176 2177 265 2212 patet
290 2182 438 2212 magnam
463 2172 495 2202 in
521 2183 620 2202 nexos
643 2172 852 2202 creditoribus

175 2215 271 2245 fuisse
295 2220 501 2254 potestatem,
524 2225 583 2245 nce
607 2215 699 2245 herili
724 2214 850 2244 absimi-

176 2258 251 2289 lem.
293 2258 339 2288 Ut
356 2257 451 2295 igitur
467 2258 655 2288 liberaretur
670 2257 725 2287 ille
742 2261 850 2287 centu-

175 2299 221 2330 rio
235 2299 391 2340 pecuniae
402 2299 571 2332 iudicatus.
579 2299 849 2339 mancipationem

175 2343 337 2383 quandam
367 2343 433 2373 ticri
459 2343 641 2382 oportebat,
668 2353 732 2381 qua
757 2352 850 2372 suuni

176 2385 208 2416 in
233 2385 386 2416 debitoris
411 2396 527 2425 corpus
548 2385 726 2415 dominium
752 2384 850 2414 credi-

176 2431 226 2458 tor
247 2428 279 2458 in
301 2428 462 2459 Manlium
488 2429 683 2463 transferret,
699 2427 752 2466 qui
777 2438 851 2457 cuin

177 2470 294 2500 deinde
316 2472 484 2507 emitteret,
508 2470 573 2500 sive
599 2470 853 2500 manumitteret.

178 2512 314 2551 Optimo
337 2518 445 2543 autem
463 2519 493 2543 et
512 2513 699 2552 plenia-iuno
715 2513 782 2543 iure
798 2513 851 2542 do-

177 2554 314 2584 minium
343 2555 374 2585 in
402 2555 615 2595 accipientem
645 2556 851 2585 transit-roha-

179 2601 242 2632 tur,
258 2607 356 2636 quum
378 2608 438 2636 per
455 2608 510 2627 acu
529 2603 560 2629 et
580 2599 693 2628 libram
714 2597 854 2628 venditio

180 2640 281 2674 tieret,
301 2639 362 2669 boc
381 2639 529 2669 nimirum
556 2640 627 2670 ritu.
675 2641 794 2671 Aderat
819 2640 852 2669 11-

179 2681 320 2721 bripens,
345 2682 398 2720 qui
432 2681 543 2711 librum
571 2683 702 2712 tenebat
734 2692 852 2712 manu:

179 2724 311 2754 aderunt
329 2723 470 2763 quinque
486 2728 593 2760 testea„
604 2724 689 2753 cin-s
705 2724 855 2760 Romani,

181 2767 324 2806 puberes.
362 2766 511 2806 Emptum
527 2771 607 2796 tonu-
624 2766 713 2797 noct.
728 2766 758 2796 in
771 2766 853 2806 Tap.

179 2808 247 2840 Cic.
266 2819 434 2839 numinum
456 2819 585 2839 nereum
611 2814 733 2843 tenena,
750 2809 794 2839 itu
810 2809 853 2838 ‹li-

180 2852 291 2882 cebat:
324 2852 422 2882 llunc
449 2862 507 2889 ego
533 2850 694 2881 hominem
721 2861 759 2880 cx
789 2851 855 2881 iure

181 2894 358 2930 Quiritium
384 2904 490 2924 mcum
508 2904 575 2923 esse
591 2894 654 2929 1110,
671 2894 759 2933 impie
775 2894 852 2924 mihi

180 2942 310 2977 emptus
330 2942 376 2967 est
402 2936 462 2967 boc
485 2947 559 2968 aere
579 2947 744 2976 aeneaque
765 2937 852 2967 libm.

895 1619 1024 1650 Deinde
1045 1630 1139 1650 aereo
1162 1630 1296 1651 nummo
1316 1620 1517 1660 percutiebat
1537 1621 1573 1653 li—

892 1663 995 1699 bram,
1022 1662 1162 1702 indeque
1188 1673 1243 1693 aes
1271 1663 1299 1694 ei
1326 1664 1436 1701 dabat,
1463 1675 1482 1695 a
1508 1674 1572 1704 quo

892 1705 1057 1745 mancipio
1070 1705 1262 1745 accipiebat,
1273 1706 1363 1745 quasi
1381 1707 1474 1746 pretii
1489 1707 1570 1739 loco.

894 1748 988 1779 Ilaec
1013 1752 1123 1778 autem
1149 1749 1348 1779 consuetudo
1374 1749 1450 1780 inde
1474 1750 1572 1780 ducta.

894 1795 973 1828 erat,
986 1791 1071 1829 quod
1090 1795 1211 1821 veteres
1225 1792 1378 1829 Romani,
1389 1802 1489 1831 quum
1506 1803 1571 1822 non

893 1844 948 1864 aes
988 1833 1147 1873 signatum
1190 1834 1357 1871 baberent,
1396 1839 1572 1874 posteaque

894 1877 991 1907 etiam
1009 1886 1108 1915 quum
1126 1876 1248 1906 assibus
1264 1877 1430 1907 libralibus
1446 1882 1570 1908 uteren-

894 1924 958 1956 tur,
982 1919 1214 1958 appendebant
1240 1930 1305 1957 affl,
1332 1930 1395 1950 non
1423 1930 1571 1952 numera-

895 1962 982 1991 bant.
1007 1963 1113 1992 Ciuw.

938 2011 955 2042 5
979 2005 1161 2042 Multiplici
1178 2005 1240 2033 iam
1256 2005 1355 2042 sorte]
1383 2004 1493 2040 Quam
1507 2006 1572 2036 An-

894 2045 977 2083 glicc
999 2046 1050 2075 the
1071 2047 1240 2085 principat
1259 2056 1420 2083 vocamus,
1439 2058 1572 2078 usuram

899 2097 971 2116 vcro
987 2088 1039 2117 the
1056 2088 1198 2124 interest,
1214 2087 1245 2117 id
1262 2089 1348 2126 quod
1367 2098 1423 2127 pro
1441 2099 1498 2119 usu
1519 2099 1571 2128 pe-

897 2128 1011 2159 cuniae
1036 2129 1188 2160 solvitur:
1211 2131 1316 2167 fimus
1340 2135 1462 2167 autem,
1486 2132 1572 2170 quod

898 2171 992 2202 unico
1015 2172 1096 2207 loco,
1113 2171 1191 2202 'l‘ae.
1211 2173 1294 2202 Anu.
1314 2172 1351 2202 vi.
1374 2172 1419 2203 16.
1438 2184 1573 2204 versura

896 2214 1093 2253 appellatur,
1120 2214 1171 2244 bic
1198 2219 1315 2244 sortem
1343 2220 1374 2245 et
1406 2225 1572 2246 usurarum

896 2266 1055 2286 summam
1084 2256 1330 2296 complectitur:
1365 2257 1460 2287 moris
1487 2258 1573 2289 cniin

897 2303 965 2328 erat
980 2300 1067 2338 apud
1089 2299 1254 2329 Romanos
1274 2309 1399 2329 usuram
1422 2300 1497 2330 sorti
1519 2302 1573 2331 ud-

897 2342 983 2378 dere‚
999 2347 1097 2381 atquc
1122 2341 1165 2371 itu
1190 2342 1350 2372 ‹lebitorcs
1372 2343 1454 2372 ueris
1476 2343 1573 2374 alieni

898 2394 1023 2414 sununa
1066 2384 1219 2414 continuo
1259 2384 1288 2413 111
1332 2384 1437 2415 maius
1478 2391 1575 2416 aucta

898 2427 1124 2457 (111Γ110111.1111111·
1157 2428 1195 2456 e'.t
1229 2426 1362 2457 Nieblir.
1391 2427 1409 2456 1.
1443 2438 1472 2466 p.
1502 2427 1573 2469 569.

901 2478 970 2509 572.
1008 2470 1083 2506 1111·
1076 2480 1114 2499 0.
1133 2468 1351 2500 t'ixilitiwzs-ht
1368 2469 1527 2508 Mngzwin.
1546 2482 1574 2502 v.

899 2523 929 2552 p.
952 2514 1018 2542 ¹:⁴⁴0.

940 2554 960 2583 6
984 2555 1171 2584 (11111111011111
1175 2555 1217 2593 is]
1239 2557 1253 2583 (
1262 2555 1474 2590 'mnnn›‹liori.‹,
1490 2556 1575 2595 quod

900 2597 1045 2627 nonnulli
1062 2597 1202 2629 edidere.
1220 2597 1249 2627 111
1271 2602 1395 2627 textum
1420 2608 1574 2637 reponen-

899 2641 975 2669 dum
997 2644 1105 2669 ceinwt
1122 2639 1242 2670 stroth.
1289 2640 1350 2669 Sed
1368 2642 1575 2673 commotior-Is

899 2683 938 2712 1111
953 2681 1111 2712 Manilium
1128 2682 1327 2711 referendum
1344 2682 1463 2713 iudicat
1477 2683 1574 2715 Doer.

900 2730 1053 2762 tanquam
1071 2725 1162 2753 alim!
1177 2726 1342 2754 eonsilium
1359 2726 1480 2755 Manlii
1495 2737 1574 2757 com-

901 2768 1040 2796 morioris
1055 2767 1098 2795 m!
1116 2768 1222 2796 omnin
1242 2768 1403 2797 turbanda
1420 2768 1573 2808 scriptum

900 2814 992 2839 esu-et.
1044 2809 1140 2839 llnnd
1175 2809 1240 2839 acio
1268 2820 1308 2840 1111
1340 2820 1451 2840 1101151111
1481 2811 1576 2842 buius

903 2851 962 2881 loci
977 2851 1020 2881 ita
1031 2852 1243 2891 exponendus
1253 2852 1304 2887 nit.
1320 2855 1340 2868 ‘⁸
1351 2852 1415 2883 ulia
1429 2863 1478 2883 res
1491 2864 1575 2893 quae

899 2905 917 2924 a
942 2894 1076 2924 consilio
1102 2895 1312 2925 commotiore
1339 2900 1370 2926 et
1397 2896 1436 2926 tul
1466 2896 1575 2928 omnia

900 2937 1059 2968 turbanda
1075 2937 1176 2976 magis
1191 2942 1269 2977 apto
1286 2938 1529 2978 proveniebat.''
