1934 3211
682 443 940 499 EPITO
961 444 1085 498 ME
1142 444 1391 498 LIBRI
1451 444 1554 498 IV.

414 771 554 811 LEX
577 771 624 810 de
654 771 844 810 connubio
876 771 1049 809 Patrum
1081 776 1118 808 et
1142 769 1269 823 plebis
1300 783 1326 808 a
1363 770 1530 810 tribunis
1554 769 1683 823 plebis
1714 783 1805 809 con-

413 830 578 867 tentione
598 843 759 882 mayna,
777 828 972 867 Patribus
993 827 1317 881 repuqnantibus,
1334 827 1495 880 perlata
1516 833 1581 866 est.
1634 827 1807 866 Tribuni

411 885 613 924 militares.
676 885 844 938 Aliquot
863 886 981 924 annis
1001 898 1063 923 res
1077 884 1225 937 populi
1244 884 1422 924 Romani
1444 885 1550 923 domi
1568 884 1806 937 militiaeque

405 956 481 994 per
501 942 573 980 lzoc
588 956 715 995 {senus
731 943 992 995 mayistratus
1012 941 1316 980 administratae
1340 948 1442 981 sunt.
1506 941 1606 980 Item
1631 955 1806 980 censores

411 1005 504 1037 tunc
526 1001 707 1051 primum
737 1000 863 1038 creati
890 1004 992 1038 sunt.
1055 997 1167 1052 Ayer
1193 998 1438 1038 Ardeatibus
1460 998 1606 1052 populi
1630 998 1808 1038 Romani

410 1056 555 1094 iudicio
584 1056 755 1104 ablatus,
778 1057 906 1095 missis
933 1057 975 1095 in
1002 1069 1089 1094 eum
1120 1055 1277 1103 colonis,
1299 1057 1503 1095 restitutus
1533 1061 1599 1095 est.
1670 1054 1806 1104 Quum

398 1113 518 1165 fame
544 1113 722 1166 populus
756 1113 966 1152 Romanus
1002 1112 1212 1161 laboraret,
1255 1112 1324 1166 Sp.
1349 1113 1540 1161 Maelius,
1576 1126 1690 1166 eques
1720 1111 1805 1151 Ro-

409 1184 565 1218 manus,
575 1171 832 1223 frumentum
845 1169 996 1223 populo
1017 1184 1091 1209 sua
1116 1170 1293 1222 impensa
1320 1170 1490 1223 larqitus
1514 1175 1594 1209 est:
1627 1175 1675 1217 et,
1697 1169 1743 1208 ob
1763 1168 1808 1207 id

399 1227 565 1279 factum
597 1227 808 1266 conciliata
839 1228 914 1266 sibi
937 1227 1062 1280 plebe,
1092 1241 1257 1280 reqnum
1287 1226 1483 1280 affectans
1512 1241 1539 1265 a
1571 1225 1616 1266 C.
1637 1225 1805 1265 Servilio

409 1283 562 1332 Abala,
586 1286 776 1337 maqistro
797 1286 982 1338 equitum,
1005 1285 1115 1323 iussu
1145 1283 1326 1332 Quinctii
1353 1283 1582 1324 Cincinnati
1601 1283 1806 1322 dictatoris

411 1343 559 1379 occisus
598 1347 679 1381 est:
731 1341 782 1381 L.
802 1341 1012 1381 AIinucius
1052 1341 1168 1379 index
1208 1341 1298 1380 bove
1337 1346 1487 1380 aurata
1527 1340 1697 1379 donatus
1736 1345 1803 1378 est.

410 1397 576 1450 Leyatis
597 1398 792 1438 Romanis
820 1413 845 1437 a
867 1398 1128 1438 Fidenatibus
1156 1399 1303 1446 occisis,
1333 1399 1519 1452 quoniam
1549 1397 1594 1436 ob
1624 1396 1807 1450 rempub-

411 1454 529 1492 licam
560 1456 833 1503 occubuerant,
863 1461 1019 1494 statuae
1048 1456 1091 1494 in
1119 1454 1278 1494 Rostris
1306 1456 1461 1509 positae
1489 1460 1592 1494 sunt·
1663 1453 1807 1494 Cossus

419 1510 624 1551 Cornelius
654 1512 836 1551 tribunus
866 1512 1047 1559 militum,
1070 1513 1194 1550 occiso
1224 1511 1434 1551 Tolumnio
1455 1526 1543 1566 reqe
1574 1511 1804 1559 Veientium,

410 1569 543 1621 opima
572 1567 700 1620 spolia
730 1569 902 1607 secunda
932 1569 1077 1607 retulit.
1139 1569 1271 1608 Illam.
1290 1569 1486 1608 Aemilius
1510 1569 1693 1616 dictator,
1717 1582 1807 1607 cen-

411 1639 530 1664 surae
550 1625 705 1673 lzonore,
728 1627 798 1678 qui
824 1631 942 1664 antea
963 1639 1040 1678 per
1067 1627 1378 1679 quinquennium
1401 1626 1625 1680 yerebatur,
1648 1625 1748 1665 anni
1772 1630 1812 1664 et

412 1697 478 1721 sex
497 1683 687 1720 mensium
707 1683 837 1735 spatio
842 1682 982 1733 finito,
1005 1682 1049 1720 ob
1070 1696 1155 1720 eam
1177 1696 1258 1721 rem
1277 1698 1302 1721 a
1319 1683 1540 1721 censoribus
1560 1688 1718 1722 notatus
1738 1687 1805 1721 est.

412 1739 591 1778 Fidenae
630 1740 671 1777 in
705 1744 936 1792 potestatem
979 1739 1173 1787 redactae,
1216 1753 1333 1793 eoque
1373 1739 1500 1778 coloni
1537 1740 1648 1778 missi
1684 1744 1806 1778 sunt:

413 1797 553 1849 quibus
583 1796 731 1843 occisis,
754 1796 980 1844 FidenateS,
1011 1809 1132 1849 quum
1162 1795 1402 1848 defecissent,
1432 1810 1458 1834 a
1488 1796 1620 1834 Mam.
1636 1795 1808 1835 Aemilio

413 1854 603 1892 dictatore
623 1854 717 1891 victi
741 1859 846 1900 sunt,
869 1859 904 1892 et
924 1853 1102 1892 Fidenae
1129 1858 1279 1906 captae.
1350 1852 1582 1893 coniuratio
1605 1866 1807 1892 servorum

413 1924 600 1963 oppressa
625 1915 690 1949 est.
753 1910 996 1958 Postumius,
1027 1910 1210 1949 tribunus
1236 1910 1417 1958 militum,
1440 1915 1607 1963 propter
1637 1909 1807 1949 crudeli-

413 1973 532 2006 tatem
567 1967 617 2006 ab
650 1968 819 2006 exercitu
855 1968 1003 2006 occisus
1037 1972 1103 2005 est.
1171 1966 1421 2020 Stipendium
1451 1982 1496 2006 ex
1530 1968 1688 2006 aerario
1723 1972 1806 2005 tum

406 2026 585 2077 primum
617 2024 805 2063 militibus
835 2024 974 2063 datum
1005 2029 1070 2062 est.
1134 2023 1215 2062 Res
1232 2030 1443 2077 praeterea
1463 2030 1597 2079 qestas
1617 2024 1807 2063 adversus

427 2081 593 2129 Volscos,
616 2087 653 2120 et
671 2081 898 2130 Fidenates,
921 2087 959 2120 et
977 2080 1159 2120 Faliscos
1180 2083 1358 2121 continet.
