1934 3211
611 223 736 265 LIB.
770 222 827 264 II.
874 222 1022 264 CAP.
1056 226 1122 265 64.
1470 228 1570 267 -143

180 331 331 373 magna
349 324 522 372 accepta
540 314 673 365 clade,
695 314 826 356 virtus
847 313 1028 355 militum
1057 329 1159 364 rem,
1182 314 1418 372 prolapsam
1438 317 1572 373 negli-
1587 328 1630 361 U.
1647 329 1686 361 c.
1704 329 1775 369 285.

177 374 320 432 gentia
338 373 531 424 consulis,
545 372 738 415 restituit.
801 371 958 414 Melius
974 372 1020 413 in
1041 371 1207 415 Volscis
1228 372 1480 429 imperatum
1496 383 1569 416 est.
1585 373 1625 404 A.
1649 373 1686 405 C.
1703 373 1776 413 4⁶⁷·

179 432 278 474 Fusi
308 432 444 489 primo
473 431 634 488 proelio
664 431 816 480 hostes,
844 430 1026 487 fugaque
1057 430 1103 471 in
1129 431 1277 472 urbem
1302 431 1497 481 Antium,
1527 441 1574 474 ut

179 499 270 532 tum
290 505 355 532 res
376 498 508 540 erant,
531 489 891 546 opulentissimam
915 489 1010 530 acti.
1076 488 1218 537 Quam
1246 489 1392 530 consul
1412 505 1575 547 oppug-

86 564 89 567 ·
147 563 278 595 3nare
300 563 386 590 non
403 563 537 598 ausus,
564 546 798 597 Cenonem,
821 546 935 588 aliud
956 546 1173 603 oppidum,
1196 562 1466 604 nequaquam
1488 556 1574 589 tam

178 605 439 664 opulentum,
472 607 522 647 ab
559 605 803 646 Antiatibus
833 605 955 662 cepit.
1019 605 1137 646 Dum
1168 605 1312 662 Aequi
1343 605 1573 662 Volscique

180 664 395 706 Romanos
425 663 634 705 exercitus
665 672 823 713 tenent,
859 662 1003 704 Sabini
1036 678 1168 719 usque
1201 663 1254 705 ad
1286 673 1425 720 portas
1460 664 1574 705 urbis
1588 674 1631 705 U.
1649 675 1686 706 C.
1706 674 1776 707 286.

178 722 428 779 populantes
460 722 689 764 incessere:
733 721 887 762 deinde
925 721 1003 778 ipsi
1039 721 1182 778 paucis
1217 731 1311 778 post
1342 721 1490 763 diebus
1522 722 1573 763 ab
1588 719 1625 748 A.
1650 716 1778 757 C.466.

177 780 343 822 duobus
371 780 636 829 exercitibus,
664 789 840 836 utroque
872 795 948 837 per
976 780 1080 821 iram
1111 780 1281 822 consule
1313 780 1498 836 ingresso
1529 780 1574 821 in

178 838 294 888 fines,
317 838 410 895 plus
431 838 626 888 cladium,
651 853 777 894 quam
799 838 1042 888 intulerant,
1065 847 1329 895 acceperunt.

238 896 441 938 Extremo
467 911 577 937 anno
609 896 721 952 pacis
749 896 909 952 aliquid
934 896 1036 945 fuit3
1069 896 1156 946 sed,
1189 905 1237 937 ut
1266 911 1432 953 semper
1461 895 1572 946 alias,

146 954 378 997 4sollicitae
400 954 626 996 certamine
649 955 824 996 Patrum
841 963 883 995 ct
904 954 1047 1011 plebis.
1101 953 1213 996 Irata
1233 954 1351 1011 plebs
1372 954 1572 995 interesse

178 1013 464 1054 consularibus
480 1012 658 1054 comitiis
672 1012 818 1054 noluit.
863 1012 946 1054 Per
962 1012 1108 1054 Patres
1124 1013 1380 1069 clientesque
1398 1012 1573 1053 Patrum

177 1071 369 1112 consules
400 1071 527 1113 creati
559 1070 610 1112 T.
644 1071 884 1121 Quinctius,
918 1070 970 1119 Q.
1003 1070 1212 1112 Servilius.
1278 1070 1468 1112 Similem
1500 1085 1573 1111 an-
1586 1081 1625 1113 T.
1644 1081 1767 1119 Quinc-

178 1144 281 1170 num
302 1129 431 1186 priori
460 1128 651 1171 consules
680 1129 863 1178 habent3
897 1128 1093 1170 seditiosa
1117 1129 1250 1179 initia,
1279 1128 1390 1170 bello
1419 1128 1573 1170 deinde
1586 1125 1643 1184 qo,
1660 1126 1703 1162 Q.
1721 1126 1791 1157 Ser-

177 1196 354 1229 externo
376 1186 610 1243 tranquilla.
675 1186 831 1236 Sabini,
857 1186 1153 1228 Crustuminos
1175 1202 1342 1244 campos
1356 1186 1483 1228 citato
1504 1202 1575 1243 ag-
1588 1169 1768 1243 Effluipss.

178 1245 292 1286 mine
315 1245 570 1301 transgressi,
587 1260 719 1301 quum
741 1245 889 1286 caedes
910 1253 952 1286 et
970 1244 1165 1286 incendia
1185 1245 1342 1286 circum
1360 1245 1573 1286 Anienem
1588 1255 1755 1286 Sabinum.

178 1303 339 1344 flumen
359 1303 567 1353 fecissent,
590 1319 615 1344 a
635 1313 755 1360 porta
774 1318 905 1359 prope
931 1302 1099 1344 Collina
1125 1303 1428 1359 moenibusque
1450 1302 1574 1359 pulsi,

181 1361 373 1418 ingentes
422 1370 563 1402 tamen
610 1361 784 1418 praedas
831 1361 1051 1402 bominum
1099 1375 1384 1417 pecorumque
1436 1376 1572 1417 egere.

183 1418 304 1467 Quos
343 1418 540 1460 Servilius
572 1419 717 1461 consul
750 1419 901 1460 infesto
942 1419 1132 1459 exercitu
1172 1419 1398 1468 insecutus,
1437 1418 1575 1474 ipsum

180 1476 352 1533 quidem
375 1492 525 1533 agmen
547 1477 720 1533 adipisci
743 1476 887 1532 aequis
910 1476 1009 1517 locis
1030 1491 1117 1517 non
1144 1476 1305 1532 potuit:
1338 1476 1575 1533 populatio-

181 1550 278 1576 nem
307 1535 412 1576 adeo
437 1535 565 1576 effuse
588 1535 699 1584 fecit,
730 1543 776 1575 ut
797 1534 903 1575 nihil
928 1533 1038 1576 bello
1067 1534 1272 1575 intactum
1301 1534 1573 1591 relinqueret,

181 1592 486 1649 multiplicique
509 1602 630 1649 capta
649 1592 805 1649 praeda
826 1591 992 1634 rediret.

241 1650 296 1692 Et
317 1651 360 1691 in
382 1650 547 1693 Volscis
571 1650 806 1707 respublica
825 1650 991 1707 egregie
1019 1659 1147 1707 gesta,
1170 1665 1302 1707 quum
1330 1650 1461 1701 ducis,
1484 1659 1574 1693 tum
1588 1667 1757 1700 Volscum.

180 1708 361 1749 militum
392 1723 528 1765 opera.
591 1708 780 1750 Primum
802 1724 938 1765 aequo
966 1724 1114 1765 campo
1136 1709 1266 1766 signis
1287 1709 1448 1750 collatis
1469 1725 1576 1766 pug-

179 1775 339 1816 natum,
382 1766 544 1823 ingenti
583 1767 712 1808 caede
754 1767 980 1823 utrimque,
1022 1767 1203 1823 plurimo
1252 1767 1479 1824 sanguine:
1534 1777 1576 1809 et

181 1824 377 1874 Romani,
419 1825 519 1881 quia
557 1825 744 1882 paucitas
790 1825 946 1866 damno
986 1825 1208 1867 sentiendo
1255 1825 1425 1882 propior
1473 1835 1574 1876 erat,

228 1882 354 1924 adum
391 1883 655 1933 retulissent3
698 1884 742 1924 ni
778 1883 932 1925 salubri
973 1883 1193 1925 mendacio
1234 1883 1392 1933 consul,
1430 1883 1575 1940 fugere

179 1897 318 1982 ἕξεως
334 1941 386 1982 ab
403 1956 534 1983 cornu
554 1941 684 1983 altero
700 1941 930 1991 clamitans,
949 1942 1196 1983 concitasset
1217 1942 1362 1984 aciem.
1406 1941 1577 1999 Impetu

179 1998 301 2049 facto,
324 1999 426 2040 dum
448 2014 490 2041 se
512 2008 662 2056 putant
689 2000 870 2049 vincere,
892 2000 1041 2041 vicere.
1107 1999 1282 2050 Consul,
1307 2009 1500 2042 metuens
1521 2015 1574 2042 nc

180 2057 305 2097 nimis
326 2057 521 2098 instando
547 2067 765 2099 renovaret
786 2067 1013 2107 certamen,
1036 2058 1203 2113 signum
1232 2058 1419 2114 receptui
1442 2057 1572 2099 dedit.

150 2113 459 2156 5Interccssere
500 2115 624 2171 pauci
665 2115 767 2164 dies,
811 2115 925 2156 velut
966 2115 1101 2156 tacitis
1149 2115 1323 2156 indutiis
1364 2115 1575 2171 utrimque

181 2172 323 2228 quiete
352 2182 543 2228 sumpta3
576 2188 651 2228 per
675 2188 779 2228 quos
802 2173 949 2229 ingens
971 2173 1031 2213 v1s
1059 2172 1278 2213 hominum
1307 2187 1359 2214 ex
1381 2173 1576 2214 omnibus

183 2229 347 2271 Volscis
378 2230 623 2286 Aequisque
654 2230 819 2287 populis
842 2231 884 2271 iu
911 2240 1042 2272 castra
1069 2230 1197 2280 venit,
1225 2230 1338 2271 haud
1363 2230 1572 2280 dubitans,

148 2287 214 2328 asi
245 2288 464 2337 senserint,
494 2288 706 2329 Romanos
738 2298 859 2330 nocte
892 2289 1087 2330 abituros.
1152 2288 1300 2354 Itaque
1334 2288 1457 2329 tertia
1488 2289 1573 2330 fere

180 2345 322 2401 vigilia
349 2345 401 2387 ad
434 2356 566 2387 castra
596 2346 880 2403 oppugnanda
911 2347 1097 2388 veniunt.
1164 2346 1403 2396 Qumctius,
1430 2346 1574 2388 sedato

181 2403 377 2453 tumultu,
407 2420 534 2461 quem
566 2413 697 2446 terror
726 2405 887 2446 subitus
918 2405 1141 2454 exciverat,
1169 2420 1301 2460 quum
1334 2419 1501 2446 manere
1532 2405 1574 2445 in

1657 900 1723 939 64.

226 2568 243 2597 3
266 2559 440 2597 Cenonem]
467 2559 634 2600 Oppidum
661 2560 853 2590 volscorum

183 2601 389 2633 maritimum.
417 2602 550 2634 Niebhr.
568 2603 597 2633 ii.
617 2614 646 2643 p.
665 2613 736 2642 ²4⁴·

225 2656 243 2682 4
269 2645 360 2674 Irata
373 2646 477 2684 plebs]
508 2646 580 2675 lloc
598 2647 667 2676 loco
687 2646 855 2676 manifeste

182 2692 356 2717 cernuntur
386 2687 445 2717 trin
471 2688 526 2718 illa
554 2689 754 2719 comitiorum
782 2700 853 2719 cen—

182 2729 370 2759 turiatorum
403 2731 574 2765 elementa,
589 2737 698 2770 putres
721 2732 855 2767 scilicet,

180 2778 310 2812 patrum
335 2774 474 2809 diu-ntes,
499 2779 530 2803 ct
554 2775 640 2813 pls-lm
670 2785 751 2813 (lune
782 2786 854 2804 con-

182 2816 282 2846 nult-m
323 2827 341 2845 ιι
380 2816 475 2845 curiis
513 2822 667 2851 creatum.
699 2817 751 2856 qui
784 2829 854 2847 ecun-

180 2860 234 2888 ml
256 2860 356 2888 maim·
379 2864 457 2894 orm,
480 2859 636 2896 suffragiis
659 2859 722 2889 suin
745 2861 855 2889 contir-

182 2911 270 2932 mnn-
287 2902 425 2932 noh-han.
451 2903 489 2931 cf.
507 2912 591 2941 supr.
610 2912 659 2940 ⁴3.

226 2953 243 2983 5
264 2946 379 2975 Tur-itis
393 2946 542 2982 induem}
559 2946 690 2985 cfmupr.
709 2946 752 2977 ¹8.
769 2947 854 2976 Tam·-

182 2992 245 3025 tar,
255 2998 336 3028 quae
351 2989 439 3019 nullo
454 2988 582 3028 publico
596 2988 728 3020 consilio
742 2990 855 3024 tiu-tae.

899 2561 952 2591 sed
971 2564 1085 2591 neutra
1103 2564 1193 2600 parte
1210 2561 1331 2591 bellum
1349 2564 1510 2596 movente,
1520 2570 1574 2591 ex·

899 2603 1007 2633 istunt.
1032 2604 1174 2634 Sruoru.

942 2646 961 2675 6
990 2648 1095 2676 Tertia
1124 2669 1130 2677 .
1148 2670 1154 2677 .
1173 2670 1180 2677 .
1198 2670 1205 2676 .
1229 2647 1358 2685 rviflilia]
1391 2645 1573 2684 Distingue-

900 2689 992 2718 lmtur
1016 2695 1144 2728 tempus
1168 2689 1268 2719 noctis
1285 2689 1314 2718 in
1333 2694 1484 2728 quattuor
1501 2688 1574 2727 vigi-

901 2732 968 2766 lius,
984 2742 1118 2770 quntum
1137 2742 1348 2771 uunquzwque
1371 2732 1465 2762 trium
1484 2732 1573 2762 hom-

902 2784 969 2803 ruuu
988 2780 1065 2805 erut.
1115 2775 1228 2814 Imque
1245 2775 1337 2805 ter-tin
1352 2774 1458 2813 vigilia
1475 2786 1492 2805 n
1509 2786 1573 2805 me-

901 2817 953 2846 din
971 2823 1063 2847 nucu·
1080 2816 1265 2857 incipit-but.
1279 2828 1361 2848 nonu
1379 2817 1481 2849 noctis
1496 2818 1573 2849 hora

902 2859 1083 2890 finiebatur.
1139 2860 1279 2898 Singulis
1308 2866 1416 2892 nutem
1450 2861 1575 2900 vigiliis.

900 2902 989 2940 signo
1012 2903 1145 2935 buccina
1169 2904 1258 2941 dato,
1275 2904 1384 2944 vigiles
1407 2905 1573 2936 mutaban-

900 2951 959 2976 tur.
