1934 3211
229 296 328 329 UC
348 299 418 338 06

227 341 267 371 A.
292 341 329 371 C.
346 341 419 380 446.

228 583 371 613 Conten-

228 624 332 654 tiones
347 625 387 654 de

226 667 391 706 triumpho

229 710 317 740 Coss.

227 1263 321 1293 Iussu
339 1264 404 1302 ple-

226 1305 274 1334 bis
289 1305 399 1335 trium-

227 1347 340 1386 phant.

296 1483 361 1521 64.

226 1537 361 1567 Tribuni

226 1580 277 1609 Pl.
294 1580 348 1609 reti
354 1579 380 1609 ci

225 1622 346 1652 volunt.

223 1995 324 2027 Vetat

223 2038 365 2071 Duilius.

445 201 528 239 214
963 195 1111 238 ΤΙΤΙ
1148 195 1326 238 LIVII

445 302 547 343 pum
568 302 804 329 evocavere.
869 286 956 328 Ubi
977 302 1108 342 quum
1130 287 1183 328 de
1204 288 1328 328 rebus
1348 287 1399 327 ab
1421 301 1463 327 se
1491 285 1618 342 gestis
1645 294 1831 342 agerent,

446 345 583 400 questi
603 345 804 401 primores
820 344 1007 393 Patrum,
1025 353 1217 385 senatum
1238 345 1348 384 inter
1368 343 1523 384 milites
1544 343 1688 384 dedita
1707 358 1834 408 opera

445 402 612 443 terroris
642 417 765 443 631153
794 401 949 442 haberi.
1012 401 1162 457 Itaque
1195 401 1294 442 inde
1328 400 1531 450 consules,
1553 415 1607 441 ne
1639 400 1834 441 erimina-

445 459 549 499 tioni
575 458 690 500 loeus
718 467 838 508 esset,
860 459 905 498 in
931 467 1050 514 prata
1071 458 1287 507 Flaminia,
1311 458 1382 498 ubi
1411 473 1524 498 nunc
1553 457 1676 499 aedes
1699 456 1866 512 Apol-4

444 515 540 556 linis
580 525 654 565 est,
692 516 794 571 (iam
832 524 920 556 tum
953 515 1244 579 Apollinarem
1280 514 1580 570 appellabant,)
1610 528 1832 555 avocavere

444 581 646 613 senatum.
712 573 799 613 Ubi
830 587 961 626 quum
991 572 1152 626 ingenti
1181 586 1386 611 consensu
1407 572 1580 611 Patrum
1610 579 1834 626 negaretur

444 629 693 685 triumphus,
725 629 773 669 L.
794 628 936 668 Icilius
965 628 1156 667 tribunus
1183 627 1316 682 plebis
1344 627 1441 667 tulit
1468 628 1520 668 ad
1549 628 1752 683 populum
1779 628 1832 668 de

444 686 656 740 triumpho
671 684 901 732 6011511111111,
917 684 1059 724 multis
1073 684 1302 724 dissuasum
1320 683 1636 739 prodeuntibus,
1651 684 1832 724 maxime

448 742 497 783 C.
524 741 703 782 Claudio
736 741 1001 789 vociferante,
1052 740 1147 781 ‘De
1184 741 1392 790 Patlibus,
1421 756 1506 781 non
1542 741 1594 781 de
1631 741 1832 790 hostibus,

445 805 457 822 ‘
473 798 662 839 consules
685 798 940 853 triumphare
962 797 1093 846 velle3
1123 798 1382 853 gratiamque
1404 812 1480 853 pro
1500 798 1661 853 privato
1683 798 1833 838 merito

443 856 514 894 ‘in
540 855 768 903 tribunum,
791 870 876 895 non
904 869 980 910 pro
1009 854 1161 895 virtute
1196 854 1411 904 honorem,
1438 855 1536 910 peti.
1600 854 1833 910 Nunquam

444 917 568 952 ‘ante
596 911 648 952 de
676 887 886 967 triuinpho
914 926 990 967 per
1016 911 1219 975 populum
1248 920 1413 952 aetum:
1447 926 1611 967 semper
1641 912 1833 952 aestima-

446 974 457 991 (
474 968 633 1009 tionem
661 969 962 1024 arbitriumque
991 983 1081 1008 61115
1108 969 1277 1009 honoris
1304 984 1433 1033 penes
1459 977 1650 1009 senatum
1679 969 1829 1009 fuisse:

447 1031 527 1065 ‘ne
558 1040 676 1081 reges
704 1025 877 1089 quidem
908 1025 1166 1066 maiestatem
1195 1026 1347 1065 summi
1374 1026 1531 1066 ordinis
1558 1025 1829 1066 imminuisse.

446 1087 457 1105 ⁶
474 1081 543 1122 Ne
565 1082 623 1122 ita
643 1083 784 1122 omnia
805 1082 962 1122 tribuni
982 1082 1197 1137 potestatis
1218 1098 1315 1123 suae
1341 1083 1491 1138 lmplei
1493 1091 1577 1131 ent
1601 1091 1648 1123 ut
1668 1082 1832 1123 nullum

445 1139 688 1194 ‘publicum
720 1139 940 1179 consilium
975 1139 1161 1179 sinerent
1193 1154 1293 1180 esse.
1356 1139 1422 1179 Ita
1453 1140 1625 1180 demum
1657 1139 1832 1180 liberam

444 1196 683 1237 ‘civitatem
704 1196 803 1245 fore,
822 1196 880 1236 ita
900 1204 1096 1251 aequatas
1116 1195 1243 1251 leges,
1261 1197 1294 1236 si
1315 1211 1388 1236 sua
1404 1196 1581 1251 quisque
1603 1196 1694 1236 iura
1714 1196 1830 1245 ordo,

444 1258 456 1275 (
472 1268 587 1293 5113111
614 1253 870 1293 maiestatem
896 1253 1064 1293 teneat.'
1135 1252 1188 1292 In
1215 1253 1393 1293 eandem
1422 1253 1673 1293 sententiam
1701 1252 1832 1294 multa

445 1315 456 1332 ‘
472 1318 514 1350 et
543 1325 567 1350 a
594 1310 741 1350 ceteris
768 1310 1000 1350 senioribus
1022 1310 1196 1350 Patrum
1218 1325 1350 1365 quum
1377 1318 1515 1350 essent
1540 1310 1664 1359 dicta,
1687 1324 1832 1350 omnes

445 1367 603 1406 ‘tribus
633 1382 724 1407 eam
755 1367 1016 1422 logationem
1049 1375 1312 1430 acceperunt.
1377 1367 1489 1407 Tum
1516 1366 1712 1422 primum,
1741 1366 1831 1407 sine

445 1428 457 1446 ‘
473 1431 617 1463 auctor
619 1423 717 1463 ltate
739 1432 920 1472 senatus,
942 1423 1118 1478 populi
1108 1438 1223 1464 1115511
1244 1423 1548 1487 triumphatum
1570 1431 1643 1464 est.

502 1478 621 1519 Haec
641 1480 815 1520 victoria
837 1481 1097 1520 tribunorum
1123 1480 1341 1536 plebisque
1367 1495 1496 1536 plope
1521 1495 1566 1520 111
1587 1479 1702 1520 haud
1722 1479 1831 1520 salu-

441 1536 557 1576 brem
579 1535 789 1575 luxuriam
810 1537 946 1585 vertit,
970 1537 1275 1592 conspiratione
1298 1538 1408 1577 inter
1429 1537 1618 1578 tribunos
1638 1537 1760 1586 facta,
1783 1545 1831 1578 ut

440 1592 569 1632 iidem
605 1592 762 1633 tribuni
798 1593 1081 1642 reficerentur,
1124 1602 1178 1642 et,
1221 1609 1306 1648 quo
1341 1609 1415 1634 sua
1450 1594 1589 1635 minus
1624 1593 1831 1649 cupiditas

441 1649 656 1698 emineret,
700 1648 939 1689 consulibus
980 1664 1148 1704 quoque
1195 1651 1488 1690 continuarent
1529 1651 1828 1705 magistratum.

443 1704 708 1746 Consensum
750 1705 923 1745 Patrum
964 1707 1252 1755 causabantur,
1294 1722 1378 1761 quo
1417 1721 1492 1761 per
1532 1706 1830 1747 contumeliam

440 1762 658 1803 consulum
699 1762 789 1802 iura
827 1762 960 1817 plebis
992 1762 1194 1802 labefacta
1225 1771 1372 1803 essent.
1449 1762 1595 1810 ‘Quid
1625 1763 1828 1812 futurum,

441 1819 658 1859 ‘nondum
686 1819 858 1859 firmatis
888 1818 1063 1874 legibus,
1086 1820 1119 1859 51
1150 1834 1278 1859 novos
1310 1820 1496 1860 tribunos
1527 1834 1602 1874 per
1627 1820 1829 1860 factiones

446 1881 564 1916 ‘suas
597 1875 787 1916 consules
819 1876 953 1916 adorti
985 1876 1152 1916 essent?
1182 1891 1268 1916 non
1299 1876 1412 1916 enim
1443 1891 1606 1931 semper
1637 1876 1828 1917 Valerios

442 1937 453 1955 ‘
471 1931 753 1987 H01atiosque
785 1933 975 1973 consules
1005 1933 1105 1982 1016,
1129 1933 1201 1988 qui
1232 1933 1413 1973 libertati
1443 1933 1576 1988 plebis
1603 1948 1696 1973 suas
1727 1948 1827 1997 opes

441 1989 744 2043 ‘'postfelrent.
804 1988 927 2029 Forte
955 1989 1135 2044 quadam
1164 1990 1257 2030 utili
1288 1989 1341 2029 ad
1372 1998 1548 2054 tempus,
1575 1999 1623 2029 ut
1647 1989 1828 2030 comitiis

438 2054 658 2100 praeesset,
676 2046 939 2100 potissimum
957 2045 1019 2086 M.
1037 2046 1184 2086 Duilio
1207 2055 1315 2086 sorte
1333 2047 1485 2094 evenit,
1505 2046 1592 2086 viro
1612 2046 1825 2101 prudenti,

438 2110 480 2142 et
501 2117 553 2142 ex
575 2102 890 2142 continuatione
914 2103 1177 2158 magistratus
1202 2103 1403 2143 invidiam
1424 2103 1717 2144 imminentem
1737 2117 1828 2143 eer-

437 2159 568 2199 nenti.
635 2158 722 2206 Qui
751 2173 882 2213 quum
908 2174 961 2199 ex
986 2160 1196 2200 veteribus
1222 2160 1398 2200 tribunis
1424 2168 1598 2215 negaret
1627 2159 1752 2199 ullius
1781 2174 1825 2200 se

435 2216 639 2256 rationem
685 2215 939 2264 habiturum,
981 2225 1304 2272 pugnarentque
1347 2216 1544 2271 collegae,
1585 2224 1633 2256 ut
1676 2215 1826 2257 liberas

1154 2325 1206 2361 tis,
1214 2325 1368 2363 Vulcani,
1376 2329 1475 2356 erant.
1500 2326 1552 2356 De
1563 2325 1724 2365 Apollinis
1733 2327 1824 2364 aede,

1154 2378 1235 2405 quae
1250 2372 1323 2397 vota
1337 2367 1456 2397 infr.iV.
1465 2376 1515 2406 25,
1526 2368 1675 2397 dedicata
1686 2367 1762 2398 ibid.
1772 2378 1824 2409 29,

1152 2413 1357 2445 memoratur,
1374 2409 1412 2439 ef.
1428 2410 1543 2439 Ascon.
1559 2409 1592 2439 111
1609 2409 1735 2448 Fragm.
1754 2409 1822 2441 Cic.

435 2336 461 2356 c.
471 2334 519 2364 27.
556 2325 622 2355 Hic
639 2335 766 2364 quoque
779 2335 924 2364 campum
938 2325 1108 2355 Coelimon-

435 2373 558 2404 lcmum,
579 2368 644 2397 sive
661 2368 814 2406 Campum
832 2368 1022 2397 illm-tidem
1044 2377 1108 2396 me-

435 2409 496 2439 lius
512 2409 669 2448 scripserit
687 2408 806 2438 Livius.
827 2410 866 2438 cf.
878 2409 1003 2445 Festus,
1013 2410 1106 2438 Mar-

434 2453 520 2481 tialis
536 2462 669 2489 campus
684 2453 719 2480 in
737 2452 841 2481 Coelio
859 2455 962 2480 monle
977 2451 1107 2487 dicitur,

433 2495 517 2531 quod
540 2494 576 2522 in
599 2504 634 2523 eo
656 2494 799 2532 Equiria
822 2493 1064 2531 solebantfieri,
1079 2493 1106 2522 si

432 2536 559 2573 quando
583 2545 668 2574 aqua
697 2536 819 2565 Tiberis
844 2545 990 2573 ‹rmnpum
1010 2536 1103 2563 Allar-

432 2577 510 2605 linm
537 2581 751 2615 occupassent.
801 2576 839 2605 In
865 2586 980 2614 campo
1000 2575 1104 2606 Coeli-

432 2622 585 2647 montano
607 2619 703 2647 aedes
723 2617 837 2647 Martis
860 2621 1007 2647 extructa
1028 2621 1105 2654 erat,

433 2660 471 2688 cf.
497 2660 568 2689 infr.
590 2660 628 2689 vi.
647 2668 674 2698 5.
706 2659 738 2688 111
762 2670 826 2697 qua
849 2660 996 2688 6011511165
1018 2660 1104 2688 bello

434 2701 564 2730 reduces
576 2701 702 2739 saepius
713 2704 857 2730 senatum
872 2702 1104 2737 convocabant,

432 2744 544 2779 utpote
568 2747 824 2777 extramuraueo,
845 2746 880 2771 ut
904 2742 1102 2781 triumphum

432 2783 639 2818 post11l.·=.11tnt
666 2785 705 2814 cf.
724 2784 859 2813 Niebln.
877 2783 908 2813 ii.
926 2794 956 2813 n.
974 2784 1012 2813 82
1000 2794 1045 2822 7.

474 2833 492 2859 4
519 2825 620 2853 Prata
637 2827 816 2862 Flaminia]
856 2826 985 2855 Partem
1003 2836 1102 2864 quan-

431 2863 503 2891 dam
536 2865 653 2903 011111111
685 2866 806 2903 Mutii,
837 2866 867 2895 in
899 2877 962 2905 qua
994 2868 1102 2906 plures

430 2905 536 2941 aedes,
552 2915 578 2934 c.
595 2916 623 2943 g.
642 2906 814 2944 Apollinis,
834 2907 994 2946 Neptuni,
1014 2909 1099 2939 Mar-

1153 2451 1241 2480 Orat.
1266 2450 1307 2482 vi.
1331 2461 1361 2489 p.
1387 2449 1457 2481 600.
1484 2454 1516 2480 et
1538 2451 1609 2481 infr.
1636 2450 1746 2481 xxxiv.
1771 2461 1822 2490 43.

1150 2492 1261 2522 xxxix.
1279 2504 1308 2530 4.
1356 2493 1396 2522 In
1412 2492 1462 2522 his
1477 2492 1576 2530 pratis
1599 2492 1668 2522 ludi
1692 2493 1822 2532 plebeii,

1150 2534 1203 2572 qui
1231 2538 1343 2572 postea
1366 2534 1398 2564 in
1420 2534 1514 2564 Circo
1540 2534 1714 2572 Flaminio,
1740 2534 1821 2565 cele-

1149 2576 1331 2606 brabantur.
1363 2576 1402 2606 ef.
1420 2586 1504 2614 supr.
1524 2583 1573 2615 54.

1193 2625 1209 2656 5
1233 2619 1354 2656 Populi
1378 2619 1469 2647 iussu
1493 2619 1743 2656 triumphatum]
1776 2628 1820 2649 Sc.

1150 2659 1236 2698 Lege
1265 2660 1306 2689 ad
1338 2660 1468 2689 coniitia
1497 2659 1617 2689 tributa
1646 2661 1724 2696 lata,
1752 2660 1821 2690 sine

1148 2701 1338 2731 auctoritate
1354 2706 1491 2731 senatus.
1532 2701 1663 2731 Etenim
1680 2711 1762 2739 quae
1777 2702 1819 2731 ad

1148 2743 1270 2772 bellum
1297 2747 1329 2772 et
1354 2753 1402 2773 res
1427 2747 1575 2772 externas
1603 2743 1818 2782 pertinebant,

1148 2794 1187 2813 ex
1204 2784 1264 2814 hoc
1280 2788 1425 2823 tempore
1448 2795 1467 2814 3
1489 2788 1602 2815 senatu
1625 2785 1666 2814 ad
1687 2783 1818 2814 comitia

1146 2826 1266 2856 tributa
1293 2826 1492 2866 pedetentim
1520 2827 1675 2856 translata
1698 2824 1815 2855 videbi-

1145 2876 1225 2898 mus.
