1934 3211
418 153 499 191 586
921 150 1067 192 TITI
1107 150 1284 192 LIVII

204 245 248 277 U.
265 246 303 276 C.
320 253 391 285 457·
418 248 606 297 praetore
637 248 858 281 retractum
884 240 1054 296 quidam
1073 241 1205 282 videri
1225 240 1391 289 volunt3
1425 255 1554 296 quum
1573 240 1618 281 in
1648 248 1794 281 senatu

203 289 243 320 A.
267 289 304 320 C.
322 296 392 329 295·
420 306 463 339 et
483 297 595 354 apud
615 298 815 354 populum
832 298 895 355 (id
917 298 1030 354 quod
1050 314 1124 354 per
1143 298 1280 339 literas
1300 297 1460 339 assidue
1476 296 1649 354 fecerat)
1665 306 1793 339 terro-

420 371 508 397 rem
528 355 626 397 belli
648 355 812 396 Etrusci
833 364 1023 412 augeret:
1059 362 1070 379 ‘
1083 371 1167 397 non
1188 357 1455 397 suffecturum
1476 355 1625 396 ducem
1646 369 1791 405 unum,

421 419 525 454 ‘nec
547 414 775 454 exercitum
792 429 935 462 unum,
954 413 1145 454 adversus
1167 422 1361 469 quattuor
1376 413 1560 469 populos.
1622 413 1794 454 Pericu-

421 471 581 512 ‘losum
597 486 696 520 esse,
712 471 795 511 sive
812 471 943 511 iuncti
957 486 1088 511 unum
1109 479 1310 526 premant,
1328 471 1410 512 sive
1428 470 1471 510 id
1486 470 1635 511 diversi
1648 478 1794 527 gerant

421 534 433 552 ‘
448 528 616 578 bellum,
639 543 692 568 ne
718 528 771 568 ad
792 528 931 569 omnia
951 528 1073 568 simul
1105 528 1218 568 obire
1241 543 1346 568 unus
1371 543 1456 569 non
1475 528 1613 592 possit.
1648 504 1793 569 UDuas

423 592 433 609 ‘
450 601 491 627 se
528 586 584 627 ibi
619 585 804 640 legiones
838 585 1049 625 Romanas
1081 584 1318 640 reliquisse:
1361 593 1403 625 et
1438 585 1573 625 minus
1605 586 1792 641 quinque

422 650 433 667 ‘
449 643 578 684 millia
597 643 784 698 peditum
807 642 1078 697 equitumque
1100 657 1195 682 cum
1217 641 1343 682 Fabio
1363 641 1535 683 venisse.
1599 641 1685 683 Sibi
1705 642 1793 699 pla-

422 707 433 725 ‘
449 716 553 749 cere,
590 700 637 740 P.
663 699 843 740 Decium
884 699 1095 740 consulem
1141 699 1275 755 primo
1316 714 1482 754 quoque
1523 707 1707 755 tempore
1748 700 1793 741 in

422 765 433 782 ‘
451 757 658 798 Etruriam
687 757 739 798 ad
766 756 965 812 collegam
993 756 1217 812 proficisci:
1253 756 1301 797 L.
1320 756 1547 797 Volumnio
1578 756 1793 798 Samnium

422 815 701 870 ‘piovinciam
723 814 821 855 dari.
871 790 929 855 DSi
950 814 1093 854 consul
1115 814 1255 855 malit
1245 830 1289 854 111
1310 829 1424 855 suam
1445 814 1698 870 provinciam
1718 815 1791 865 ire,

421 880 431 896 ‘
449 872 722 913 Volumnium
747 873 791 912 in
815 871 1024 912 Etruriam
1052 871 1104 912 ad
1125 871 1336 913 consulem
1360 887 1455 913 cum
1476 871 1661 912 exercitu
1685 871 1792 914 iusto

423 937 433 954 ‘
449 929 654 971 consulari
692 929 921 985 proficisci!
995 930 1139 977 Quum
1179 944 1371 985 magnam
1410 937 1569 986 partem
1609 937 1793 971 moveret

420 987 549 1029 oratio
574 987 783 1043 praetoris,
807 987 853 1027 P.
874 986 1054 1028 Decium
1085 987 1289 1028 censuisse
1314 987 1465 1037 ferunt,
1495 995 1542 1028 ut
1566 987 1705 1028 omnia
1727 987 1794 1027 in-

420 1055 534 1101 tegra
554 1061 600 1086 ac
622 1045 749 1086 libera
777 1044 829 1092 Q.
850 1044 976 1085 Fabio
1001 1053 1272 1094 servarentur,
1295 1045 1428 1086 donec
1447 1045 1513 1086 vel
1538 1045 1638 1101 ipse,
1661 1044 1695 1085 si
1718 1059 1793 1100 per

418 1102 683 1144 commodum
697 1102 946 1158 reipublicae
964 1111 1113 1158 posset,
1130 1102 1308 1143 Romam
1324 1103 1515 1152 venisset,
1529 1102 1595 1143 vel
1611 1102 1792 1158 aliquem

418 1176 470 1201 ex
502 1160 646 1216 legatis
679 1160 875 1208 misisset3
920 1176 944 1200 a
975 1176 1058 1215 quo
1091 1160 1266 1201 disceret
1301 1169 1478 1209 senatus,
1513 1168 1716 1216 quantum
1747 1160 1793 1200 in

419 1218 585 1259 Etruria
614 1217 711 1259 belli
744 1225 861 1267 esset,
894 1218 1142 1273 quantisque
1176 1217 1547 1258 administrandum
1577 1217 1718 1273 copiis,
1750 1225 1793 1258 et

273 1279 338 1317 26.
418 1284 521 1331 quot
552 1291 626 1331 per
657 1275 783 1316 duces
816 1285 932 1316 esset.
994 1275 1156 1324 Fabius,
1191 1283 1238 1316 ut
1279 1275 1456 1316 Romam
1496 1275 1632 1324 rediit,
1666 1284 1708 1315 et
1747 1275 1793 1315 in

417 1342 563 1374 senatu
584 1342 626 1374 et
641 1333 867 1389 productus
888 1333 941 1373 ad
961 1333 1162 1389 populum
1184 1333 1363 1373 mediam
1385 1333 1612 1374 orationem
1633 1332 1790 1397 habuit,

417 1401 464 1432 ut
477 1407 553 1432 nec
571 1406 733 1447 augere,
749 1405 826 1431 nec
840 1391 1026 1431 minuere
1041 1390 1249 1431 videretur
1261 1390 1358 1431 belli
1371 1390 1545 1440 famam,
1577 1389 1791 1445 magisque

416 1449 460 1488 in
481 1448 609 1489 alteio
623 1423 887 1489 ³3assumendo
909 1448 1014 1489 duce
1046 1447 1219 1489 aliorum
1246 1447 1462 1504 indulgeie
1494 1447 1644 1497 timori,
1666 1462 1792 1513 quam

417 1521 491 1546 suo
512 1514 583 1546 aut
607 1505 858 1561 reipublicae
886 1505 1070 1570 periculo
1095 1505 1320 1547 consulcle.
1384 1512 1395 1529 ⁶
1414 1505 1627 1555 Ceterum,
1649 1505 1682 1546 si
1715 1503 1822 1552 sibi5

419 1568 429 1586 ‘
445 1562 676 1603 adiutorem
698 1562 795 1603 belli
821 1564 1061 1618 sociumque
1089 1563 1251 1618 imperii
1280 1563 1438 1612 darent,
1461 1577 1642 1619 quonam
1667 1561 1792 1603 modo

419 1626 429 1643 ‘
445 1635 487 1660 se
505 1619 689 1660 oblivisci
710 1619 756 1660 P.
777 1619 900 1660 Decii
916 1620 1094 1660 consulis
1109 1635 1184 1675 per
1204 1628 1265 1661 tot
1281 1620 1452 1675 collegia
1467 1619 1628 1676 experti
1644 1619 1792 1675 posse?

417 1683 429 1701 ‘
449 1676 674 1718 Neminem
706 1677 891 1717 omnium
923 1692 1063 1717 secum
1094 1677 1291 1732 coniungi
1323 1677 1467 1717 malle:
1507 1685 1549 1718 et
1580 1677 1792 1732 copiarum

419 1741 430 1758 ‘
446 1735 542 1775 satis
563 1735 639 1775 sibi
661 1749 756 1775 cum
778 1734 824 1774 P.
842 1734 988 1783 Decio,
1004 1743 1046 1774 et
1066 1749 1280 1788 nunquam
1298 1734 1474 1774 nimium
1494 1734 1675 1775 hostium
1690 1733 1788 1774 fore.

419 1798 429 1815 ‘
449 1791 522 1833 Sin
544 1791 701 1847 collega
721 1791 823 1847 quid
844 1791 956 1831 aliud
978 1791 1104 1840 malit,
1126 1800 1167 1831 at
1187 1791 1264 1831 sibi
1285 1791 1333 1831 L.
1349 1790 1624 1832 Volumnium
1645 1790 1792 1832 darent

418 1856 429 1873 ‘
446 1849 688 1890 adiutorem.
694 1850 703 1866 ³
764 1848 965 1890 Omnium
996 1863 1133 1889 rerum
1163 1848 1377 1888 arbitrium
1399 1856 1440 1889 et
1470 1863 1494 1889 a
1512 1847 1679 1904 popuIO,
1701 1856 1744 1889 et
1768 1863 1792 1890 a

416 1915 573 1956 senatu,
597 1915 638 1947 et
658 1907 739 1947 ab
730 1921 818 1976 1pso
834 1905 1004 1961 collega,
1027 1905 1154 1946 Fabio
1181 1905 1426 1960 permissum
1450 1914 1523 1946 est.
1585 1905 1640 1946 Et
1661 1921 1791 1961 quum

416 1964 462 2005 P.
481 1964 638 2004 Decius
660 1979 701 2004 se
723 1964 767 2004 in
792 1939 1006 2004 Samniiim
1020 1962 1110 2003 vel
1100 1978 1144 2002 m
1166 1961 1374 2003 Etruriam
1387 1963 1590 2018 proficisci
1602 1972 1791 2018 paratum

416 2037 503 2063 esse
526 2021 784 2070 ostendisset,
803 2029 917 2061 tanta
936 2019 1093 2061 laetitia
1108 2035 1154 2060 ac
1175 2019 1394 2076 gratulatio
1407 2020 1497 2069 fuit,
1515 2028 1562 2060 ut
1581 2020 1792 2076 praecipe-

415 2091 530 2120 retur
550 2079 719 2120 victoria
746 2078 906 2128 animis,
929 2077 1258 2133 triumphusque,
1280 2092 1366 2118 non
1395 2077 1551 2119 bellum
1577 2077 1791 2119 decretum

418 2137 655 2178 consulibus
676 2136 896 2180 videretur.

473 2194 646 2235 Invenio
678 2193 789 2250 apud
819 2193 1032 2249 quosdam,
1055 2192 1277 2248 extemplo,
1307 2192 1523 2233 consulatu
1551 2192 1667 2242 inito,
1696 2207 1791 2257 pro-

414 2252 573 2293 sectos
563 2267 606 2292 111
629 2251 839 2292 Etruriam
861 2250 1035 2291 Fabium
1062 2250 1340 2315 Deciumque,
1363 2250 1450 2290 sine
1472 2249 1555 2290 ulla
1578 2250 1789 2291 mentione

416 2309 534 2351 sortis
568 2309 874 2374 provinciarum
913 2307 1269 2363 certaminumque
1304 2307 1414 2348 inter
1452 2306 1641 2363 collegas,
1683 2322 1789 2363 quae

416 2367 599 2431 exposui.
665 2365 783 2415 Sunt,
799 2365 948 2421 quibus
961 2380 1013 2405 ne
1030 2365 1132 2405 haec
1150 2364 1319 2429 quidem
1340 2364 1566 2405 certamina
1581 2379 1789 2421 exponere

417 2425 512 2466 satis
534 2423 668 2465 fuerit.
731 2423 992 2464 Adiecerunt
1022 2431 1064 2463 et
1085 2422 1216 2478 Appii
1247 2422 1552 2463 eliminationes
1577 2421 1629 2462 de
1662 2421 1789 2462 Fabio

416 2483 584 2523 absente
617 2481 669 2521 ad
699 2480 912 2536 populum,
934 2489 975 2521 et
1007 2479 1276 2535 pertinaciam
1306 2479 1499 2520 adversus
1530 2486 1789 2535 praesentem

415 2538 628 2580 consulem
658 2538 868 2593 plaetoris,
891 2537 1285 2592 contentionemque
1313 2535 1433 2576 aliam
1462 2536 1571 2577 inter
1597 2535 1787 2592 collegas,

416 2596 615 2637 tendente
638 2595 785 2644 Decio,
800 2604 846 2635 ut
862 2610 958 2635 suae
980 2594 1154 2650 quisque
1176 2593 1437 2650 provinciae
1423 2601 1575 2634 sortem
1592 2601 1786 2634 tueretur.

419 2653 621 2694 Constare
643 2668 707 2693 res
727 2652 874 2708 incipit
894 2667 946 2693 ex
968 2667 1017 2692 eo
1038 2659 1236 2707 tempore,
1252 2666 1334 2707 quo
1355 2650 1528 2707 profecti
1548 2650 1668 2692 ambo
1689 2665 1788 2692 con-

417 2710 524 2751 sules
544 2710 597 2751 ad
617 2710 772 2752 bellum
793 2718 899 2750 sunt.

461 2824 477 2854 5
502 2818 699 2853 (fctcrwnffli
714 2818 774 2846 sibi
793 2817 985 2854 adiutorem]
1013 2817 1077 2855 Op-
1123 2816 1232 2845 medes
1255 2815 1373 2846 socium
1400 2815 1475 2845 belli
1500 2814 1650 2854 Ulyssem
1675 2812 1785 2854 poscit.

418 2857 494 2887 time
511 2859 633 2888 monuit
647 2858 838 2895 Gronovius,
850 2859 911 2888 hoc
927 2869 965 2888 ex
981 2858 1079 2888 Hom.
1125 2858 1264 2889 STRoTu.

418 2900 459 2931 ΙΙ.
475 2910 505 2930 x.
524 2909 592 2938 πμ.
610 2901 813 2939 desumptum
834 2912 912 2938 csse,
928 2900 981 2931 ubi
1003 2900 1079 2931 Dio—
