1934 3211
548 191 674 234 LIB.
708 189 808 232 VII.
855 190 1002 232 CAP.
1037 194 1104 234 27.
1442 194 1524 234 427

129 291 252 325 natus
271 281 402 324 dixit-
442 280 649 330 Dictator,
672 279 870 335 magistro
891 279 1084 335 equitum
1101 280 1155 320 A.
1175 278 1376 321 Cornelio
1395 281 1528 322 Cosso
1544 288 1588 319 U.
1606 286 1644 317 C.
1662 295 1735 326 407·

129 340 258 389 dicto,
283 337 454 380 comitia
481 336 716 379 consularia
746 336 907 386 habuit,
939 335 1239 392 aemulumque
1272 336 1434 378 decoris
1465 339 1528 379 sui
1542 330 1582 402 AI·
1606 329 1736 401 313⁴&-

127 397 344 438 absentem
364 393 426 436 M.
442 393 662 435 Valerium
681 393 870 436 Corvum
889 393 957 448 (id
976 394 1092 436 enim
1111 393 1173 434 illi
1193 393 1349 434 deinde
1371 409 1529 450 cogno·
1544 373 1591 445 31]
1608 381 1752 453 pssp‘j’ffi‘g

129 453 254 495 minis
284 451 384 508 fuit)
419 467 584 493 summo
618 452 758 493 favore
793 450 953 508 populi,
995 459 1079 492 tres
1119 459 1162 492 et
1197 451 1346 507 viginti
1385 460 1532 493 natum
1546 457 1609 488 IV·
1627 457 1716 488 Coss.

128 525 273 560 annos,
296 509 512 551 consulem
536 508 805 550 renuntiavit.
871 508 1049 564 Collega
1071 507 1213 550 Corvo
1239 508 1292 549 de
1320 507 1444 564 plebe
1467 508 1530 550 Μ.

129 566 334 624 Popillius
363 567 528 608 Laenas
555 575 752 623 quartum
779 565 926 607 consul
946 565 1111 607 futurus
1138 565 1261 607 datus
1281 575 1356 606 est.
1419 565 1533 607 Cum

133 624 308 666 Graecis
339 639 364 665 a
397 623 579 665 Camillo
615 623 733 664 nulla
767 623 1048 664 memorabilis
1079 632 1199 679 gesta
1233 638 1323 664 res:
1363 638 1442 664 nec
1472 623 1534 664 illi

130 690 252 731 terra,
278 697 358 723 nec
387 681 607 723 Romanus
637 681 742 721 mari
772 680 950 722 bellator
981 688 1080 722 erat.
1143 681 1377 730 Postremo,
1401 696 1534 736 quum

129 739 321 782 litoribus
353 748 606 788 arcerentur,
634 754 744 794 aqua
772 738 900 779 etiam
933 746 1098 794 praeter
1130 747 1269 780 cetera
1300 738 1536 779 necessaria

99 815 120 846 9
132 797 225 839 usui
238 797 477 846 deficiente,
492 795 657 837 Italiam
674 795 894 851 reliquere.
941 794 1076 837 Cuius
1092 795 1239 852 populi
1252 811 1314 845 ea,
1329 795 1534 851 cuiusque

129 854 269 912 gentis
290 854 430 896 classis
450 853 588 904 fuerit,
610 853 717 894 nihil
738 853 840 894 certi
863 861 936 894 est.
1000 852 1192 896 Maxime
1218 852 1385 894 Siciliae
1406 853 1534 894 fuisse

131 922 331 970 tyrannos
359 911 634 953 crediderim:
669 926 768 952 nam
796 910 970 952 ulterior
993 910 1185 960 Graecia,
1208 926 1258 952 ea
1285 918 1534 966 tempestate

102 961 333 1024 {intestino
354 969 461 1011 fessa
480 968 604 1019 bello,
627 969 709 1010 iam
733 967 1022 1010 Macedonum
1043 983 1144 1024 opes
1165 968 1373 1009 horrebat.

191 1027 458 1069 Exercitibus
474 1027 666 1076 dimissis,
684 1042 816 1082 quum
839 1035 882 1067 et
897 1026 996 1067 foris
1015 1041 1100 1082 pax
1115 1035 1158 1067 et
1174 1025 1290 1067 domi
1311 1025 1537 1067 concordia
1618 1029 1686 1069 27.

131 1085 329 1127 ordinum
351 1085 484 1126 otium
506 1093 626 1134 esset,
648 1099 702 1125 ne
728 1083 853 1125 nimis
877 1083 1010 1125 laetae
1036 1098 1101 1124 res
1122 1092 1274 1133 essent,
1296 1082 1537 1140 pestilentia

131 1143 345 1184 civitatem
381 1142 527 1183 adorta
559 1142 697 1197 coegit
728 1150 921 1183 senatum
954 1141 1159 1197 imperare
1193 1140 1456 1190 decemviris,
1488 1149 1536 1181 ut

130 1200 258 1242 libros
293 1200 520 1257 Sibyllinos
551 1200 833 1256 inspicerent3
872 1214 1103 1254 corumque
1136 1199 1301 1239 monitu
1332 1198 1536 1239 lectister-

130 1258 250 1300 nium
278 1258 369 1299 fuit.
433 1257 597 1299 Eodem
630 1272 742 1298 anno
778 1256 985 1298 Satricum
1020 1257 1071 1297 ab
1095 1256 1341 1297 Antiatibus
1371 1255 1536 1297 colonia

131 1316 328 1366 deducta,
365 1316 640 1371 restitutaque
681 1315 792 1364 urbs,
829 1329 956 1370 quam
994 1314 1139 1355 Latini
1174 1313 1401 1354 diruerant.
1478 1312 1535 1354 Et
1548 1321 1678 1352 Foedus

101 1385 228 1415 3cum
253 1372 674 1429 Carthaginiensibus
701 1371 848 1428 legatis
872 1371 1034 1413 Romae
1056 1371 1206 1412 foedus
1232 1371 1378 1420 ictum,
1402 1385 1533 1426 quum
1546 1364 1714 1437 aum-Car-

131 1431 359 1473 amicitiam
381 1446 428 1472 ae
449 1431 690 1472 societatem
712 1439 905 1486 petentes
926 1430 1148 1470 venissent.
1546 1417 1726 1481 Siffiffiinen-

190 1488 313 1530 Idem
344 1489 476 1530 otium
505 1488 620 1529 domi
648 1488 831 1544 forisque
860 1487 1013 1528 mansit
1039 1487 1090 1528 T.
1108 1485 1274 1527 Manlio
1300 1486 1532 1541 Torquato,
1549 1498 1592 1529 U.
1610 1499 1648 1530 C.
1665 1499 1738 1538 408.

101 1546 187 1592 4C.
207 1546 374 1588 Plautio
407 1545 672 1587 consulibus:
707 1544 1032 1586 semunciarium
1065 1553 1230 1584 tantum
1261 1558 1315 1584 ex
1345 1543 1534 1584 unciario
1548 1542 1587 1572 Α·
1613 1543 1650 1573 C.
1670 1551 1742 1589 344·

102 1621 119 1650 5
134 1604 255 1645 fenus
276 1604 444 1653 factum,
467 1612 509 1644 et
536 1603 580 1644 in
608 1603 831 1659 pensiones
853 1616 1008 1657 aequas
1029 1601 1214 1650 triennii,
1239 1601 1297 1642 ita
1318 1609 1365 1642 ut
1386 1609 1535 1656 quarta
1548 1584 1586 1658 g·
1602 1584 1742 1657 lssllzgxtilltss,

100 1671 328 1717 6praesens
356 1669 476 1710 esset,
499 1660 651 1702 solutio
684 1660 790 1701 aeris
823 1659 949 1700 alieni
978 1658 1219 1715 dispensata
1251 1666 1324 1699 est.
1390 1658 1447 1699 Et
1477 1658 1535 1699 sic
1549 1651 1638 1702 C'oss.

132 1734 302 1775 quoquc
335 1727 454 1775 parte
487 1717 620 1774 plebis
653 1718 815 1767 affecta,
850 1716 955 1758 fides
989 1725 1131 1758 tamen
1164 1716 1333 1772 publica
1365 1716 1536 1772 privatis

174 1849 194 1880 9
218 1839 459 1878 Cuiuspopuli]
481 1836 632 1877 Heynius
645 1836 676 1866 in
690 1838 811 1876 Opusc.

132 1882 235 1913 Acad.
247 1881 288 1912 iii.
302 1891 332 1921 p.
348 1890 394 1920 17.
427 1879 575 1920 Dionysii
589 1879 721 1910 iunioris
733 1879 812 1909 clas-

128 1934 200 1955 sem
238 1924 322 1954 hanc
346 1923 442 1954 fuisse
467 1926 586 1953 censet.
634 1921 812 1961 Dionysius

133 1966 219 1998 enim
238 1966 349 2006 paullo
365 1969 441 1996 ante
457 1976 509 1995 an.
529 1966 598 2004 398.
618 1964 662 1995 U.
676 1964 714 1995 C.
754 1964 810 2003 Sy·

134 2009 254 2040 racusis
277 2009 409 2043 eiectus,
425 2007 457 2037 in
477 2007 574 2037 Italia
590 2007 672 2036 circa
691 2006 811 2036 Locros

135 2052 335 2087 consederat,
350 2051 453 2080 donec
470 2050 572 2079 altero
588 2048 706 2078 abhinc
725 2058 810 2077 anno

135 2093 257 2124 scilicet
280 2102 351 2132 407.
378 2092 419 2123 U.
437 2093 475 2123 C.
500 2092 674 2131 Syracusas
697 2090 812 2120 iterum

135 2135 301 2175 receperit.
350 2135 413 2165 Per
435 2134 547 2164 decem
574 2133 632 2163 hos
654 2142 756 2162 annos
781 2132 812 2161 in

136 2178 313 2210 Locrenses
332 2177 436 2207 multa
459 2175 630 2206 libidinose
646 2185 683 2205 ac
701 2175 811 2204 crude-

137 2221 210 2251 liter
233 2224 400 2256 statuerat,
421 2219 460 2249 cf.
477 2219 592 2248 strabo
619 2217 657 2247 vi.
684 2227 713 2256 p.
741 2225 811 2257 397.

138 2263 268 2294 Aristot.
285 2263 355 2293 1‘01.
374 2273 401 2292 v.
417 2261 446 2292 6.
483 2261 554 2291 Nec
570 2259 677 2290 minus
696 2259 813 2290 ltaliae

137 2306 232 2337 litora
261 2304 435 2336 latrociniis
457 2304 572 2334 infesta
592 2302 703 2333 secisse
729 2302 813 2332 vide-

136 2353 198 2380 tur.
247 2349 368 2378 Verum
389 2346 524 2378 Niebhr.
543 2345 584 2376 iii.
602 2347 652 2386 98.
675 2345 813 2384 suspica·

136 2395 190 2422 tur
202 2392 345 2422 Graecos
357 2390 512 2429 quosdam
530 2387 744 2418 mercenarios
757 2387 815 2416 hos

136 2434 245 2470 fuisse,
275 2433 329 2473 qui
369 2437 439 2472 post
470 2432 653 2461 confectum
691 2430 813 2460 bellum

140 2476 318 2507 Phocicum
337 2476 390 2506 01.
413 2476 479 2505 108.
499 2484 526 2513 3.
543 2485 561 2503 a
578 2471 764 2503 Tarentinis
784 2472 814 2502 in

140 2518 270 2549 ltaliam
303 2518 451 2548 mercede
484 2515 616 2546 adducti
648 2520 750 2550 crant,
782 2519 815 2544 ut

140 2560 280 2592 Lucani„
302 2570 392 2590 arma
415 2559 580 2594 inferrent,
596 2563 628 2588 et
645 2558 707 2588 iam
729 2557 815 2587 navi-

140 2604 199 2634 bus
219 2602 403 2633 Tarentinis
422 2601 576 2641 impositi,
602 2601 694 2631 litora
720 2599 817 2630 maris

138 2645 230 2677 inseri
248 2645 452 2676 infestabant.
477 2644 516 2675 cs.
536 2643 669 2674 Diodor.
688 2642 750 2673 xvi.
764 2642 814 2672 (η.

187 2698 197 2719 1
219 2688 376 2719 Intestino
393 2687 488 2725 bello]
507 2696 548 2717 sc.
566 2685 718 2721 Phocion,
730 2685 815 2724 quod

140 2731 270 2761 tandem
285 2730 337 2760 01.
357 2730 423 2760 108.
439 2738 466 2767 3.
505 2728 667 2758 Phalaeco
683 2727 723 2757 ad
742 2737 814 2756 con-

140 2773 278 2804 ditiones
300 2782 319 2802 a
346 2770 499 2810 Philippo
525 2771 606 2801 latas
629 2769 817 2806 accedente,

139 2816 180 2847 ad
198 2815 294 2846 finem
315 2814 504 2854 perductum
522 2817 599 2842 erat.

177 2868 193 2889 ἰ
212 2858 427 2889 Macedonum
440 2855 530 2895 open]
552 2854 625 2885 noc
638 2854 723 2884 enim
738 2858 814 2884 tem-

140 2911 218 2942 pore
239 2900 421 2938 Philippus,
439 2897 613 2929 Alexandri
635 2896 744 2934 Magni
764 2907 815 2935 pa-

141 2950 198 2977 ter,
224 2942 405 2982 (diminuit
435 2944 687 2981 expugnaverat,
722 2939 745 2969 ni
772 2949 814 2969 ra—

858 1835 980 1866 tionem
997 1839 1182 1875 temporum
1199 1834 1416 1866 Catonianam
1433 1833 1537 1873 sequi-

858 1888 939 1909 mur.

900 1929 917 1959 3
939 1920 1018 1950 Cum
1033 1920 1358 1959 C‘arthayiniensibus
1372 1944 1378 1950 .
1388 1920 1538 1958 ..foedus

856 1964 971 2000 ictum]
1005 1963 1080 1992 Hoc
1097 1963 1210 1992 foedus
1228 1962 1401 2001 Polybium
1419 1962 1537 2001 fugisse

857 2005 993 2039 videtur,
1015 2005 1068 2043 qui
1093 2005 1207 2034 foedus
1229 2006 1322 2036 tertio
1346 2009 1535 2034 renovatum

856 2057 907 2077 an.
930 2048 1001 2085 448.
1030 2047 1070 2076 U.
1091 2047 1128 2076 C.
1156 2046 1225 2076 infr.
1250 2046 1292 2076 ix.
1318 2056 1369 2084 43.
1395 2056 1451 2085 pro
1475 2046 1536 2076 hoc

857 2090 959 2120 altero
972 2087 1094 2118 habuit.
1120 2089 1159 2119 cf.
1179 2088 1288 2127 noyn.
1302 2090 1365 2126 Op.
1379 2088 1478 2118 Acad.
1492 2088 1535 2118 iii.

860 2141 890 2170 Ρ·
909 2139 958 2170 57-

900 2186 918 2211 4
941 2173 1217 2210 Semunciarium]
1249 2182 1291 2202 sc.
1312 2171 1359 2201 Ut
1376 2171 1537 2202 debitores

857 2215 1038 2245 semuncias
1066 2225 1122 2254 pro
1146 2214 1279 2254 singulis
1302 2213 1436 2251 assibus,
1458 2214 1488 2245 h.
1506 2225 1533 2245 e.

858 2258 999 2297 quinque
1014 2267 1070 2297 pro
1083 2261 1212 2287 centum
1227 2256 1349 2287 assibus
1364 2256 1395 2286 in
1413 2267 1534 2287 annum

859 2301 1029 2331 duodecim
1058 2299 1215 2329 mensium
1241 2298 1451 2329 creditoribus
1474 2300 1535 2329 sol-

862 2347 981 2374 verent.
1020 2343 1058 2372 cf.
1087 2353 1172 2381 supr.
1207 2341 1252 2372 16.
1303 2341 1376 2371 lloc
1407 2352 1536 2381 quoque

859 2391 1005 2425 tempore
1045 2385 1167 2423 aliquid
1201 2385 1241 2414 de
1281 2384 1422 2423 pondere
1456 2384 1539 2414 aeris

859 2428 973 2467 signati
1005 2427 1208 2457 deminutum
1240 2426 1336 2456 fuisse
1366 2425 1539 2456 arbitratur

864 2471 998 2501 Niebhr.
1017 2470 1058 2500 iii.
1078 2480 1108 2509 p.
1128 2478 1175 2508 7¹·

906 2524 922 2552 5
948 2515 987 2544 Ιιι
1007 2514 1176 2552 pensiones
1192 2522 1313 2551 aequas
1329 2512 1476 2547 triennii,
1493 2512 1539 2542 im

859 2561 896 2587 ut
912 2561 1029 2596 quarta
1046 2566 1199 2595 praesens
1214 2555 1309 2591 essct}
1340 2553 1461 2584 Totum
1486 2562 1541 2584 aes

860 2599 1002 2629 alienum
1034 2603 1186 2637 ‹pinituor
1223 2595 1430 2636 pensionibus
1459 2595 1538 2627 solvi

863 2641 981 2671 iussum
1007 2645 1066 2675 est,
1083 2641 1126 2670 ita
1146 2645 1180 2670 ut
1197 2644 1311 2678 quarta
1336 2648 1408 2677 pars
1430 2638 1539 2669 statim

863 2687 1168 2723 rcpramentaretun
1183 2687 1246 2712 tres
1258 2680 1369 2720 reliqui
1381 2681 1537 2720 quadran-

861 2731 909 2756 tes
924 2726 982 2755 sub
1001 2726 1095 2755 finem
1120 2724 1226 2764 primi,
1242 2723 1387 2760 secundi,
1403 2728 1434 2754 et
1455 2723 1539 2755 tertii

862 2768 937 2798 anni
956 2772 1210 2798 numerarentur.
1236 2767 1343 2797 (lam.

903 2810 923 2840 6
947 2812 991 2841 lit
1006 2811 1051 2840 uic
1067 2810 1207 2850 qnmuel
1240 2809 1280 2839 Et
1297 2807 1444 2848 quumvis
1468 2813 1539 2849 post

862 2852 941 2884 talia
959 2863 1110 2883 concessa
1135 2822 1317 2882 ievamenta
1342 2861 1414 2891 pars
1438 2851 1540 2892 plebis

861 2895 969 2926 adhuc
994 2895 1164 2930 laboraret.
1180 2895 1275 2925 fidem
1301 2899 1408 2925 tamen
1435 2894 1539 2933 publi-

863 2948 946 2974 cam,
977 2937 1067 2970 cuius
1097 2938 1226 2969 interest
1259 2936 1339 2968 solvi
1371 2937 1540 2969 creditum.
