1934 3211
553 201 681 242 LIB.
712 199 836 241 VIII.
883 201 1029 244 CAP.
1062 207 1129 245 25.
1453 207 1534 245 481

136 293 316 335 daturos.
382 292 585 333 Ceterum
626 305 723 332 cum
759 290 934 333 delectis
973 292 1076 348 ipse,
1119 292 1336 348 egregium
1375 294 1537 335 facinus
1552 303 1596 334 U.
1614 303 1651 334 C.
1669 312 1707 341 μ

135 365 271 399 ausus,
301 363 378 405 per
408 348 570 389 medios
602 348 788 405 erumpit
820 348 973 399 hostes,
1006 358 1050 391 et
1081 349 1236 391 ducem
1264 349 1537 392 Lucanorum
1550 347 1589 377 A.
1614 347 1651 377 C.
1669 354 1707 383 3Ζ

134 407 324 449 cominus
363 421 632 462 congressum
673 406 920 448 obtruncat:
967 407 1306 463 contrahensque
1347 422 1444 448 suos
1484 423 1538 450 ex

132 464 233 520 fuga
258 462 431 520 palatos,
453 463 648 520 pervenit
675 463 729 505 ad
757 479 940 514 amnem,
963 465 1095 506 ruinis
1122 464 1363 506 recentibus
1383 465 1538 521 pontis,

133 536 261 578 quem
285 521 348 562 vis
372 536 506 577 aquae
533 520 772 572 abstulerat,
795 522 1055 564 indicantem
1083 523 1174 564 iter.
1241 522 1384 571 Quem
1406 537 1540 578 quum

132 579 295 621 incerto
315 578 423 620 vado
449 579 646 620 transiret
665 595 830 636 agmen,
853 580 985 622 fessus
1012 590 1131 622 metu
1158 595 1206 622 ac
1234 580 1375 622 labore
1404 579 1537 629 miles,

132 636 354 693 increpans
389 652 546 678 nomen
582 637 913 679 abominandum
949 639 1147 688 fluminis,
1187 637 1312 679 ‘Iure
1345 637 1539 679 Acheros

134 699 148 718 ‘
161 694 347 744 vocaris,'
367 694 517 750 inquit.
584 693 715 743 Quod
735 696 808 737 ubi
830 695 884 737 ad
905 711 1025 737 aures
1047 695 1201 738 accidit
1221 695 1354 752 regis3
1385 695 1540 737 adiecit

132 752 347 808 extemplo
372 752 560 793 animum
582 752 676 794 fatis
700 753 811 803 suis;
845 754 1113 810 substititque
1136 754 1302 803 dubius,
1325 768 1378 795 an
1405 762 1541 795 trans-

131 809 222 852 iret.
287 810 400 852 Tum
436 809 620 851 Sotimus
651 811 842 852 minister
871 826 925 853 ex
961 812 1087 868 regiis
1121 811 1276 868 pueris,
1323 811 1456 867 ‘quid
1496 811 1541 852 in

134 873 146 892 ‘
163 876 281 909 tanto
297 868 540 909 discrimine
562 868 739 924 periculi
762 870 1048 911 cunctaretur'
1069 870 1346 926 interrogans,
1364 868 1537 919 indicat,

133 925 330 967 Lucanos
351 925 514 966 insidiis
539 941 741 982 quaerere
770 926 922 968 locum.
990 926 1109 976 Quos
1142 927 1215 968 ubi
1247 927 1433 983 respexit
1464 941 1538 968 rex

132 983 279 1040 procul
309 999 436 1041 grege
464 983 575 1025 facto
599 984 830 1034 venientes,
854 985 1022 1038 stringit
1052 983 1253 1041 gxadium,
1277 993 1319 1026 et
1347 999 1424 1041 per
1452 999 1539 1025 me-

132 1041 251 1083 dium
273 1056 441 1083 amnem
464 1042 709 1083 transmittit
729 1057 899 1098 equum.
964 1038 1140 1098 Iamque
1162 1043 1207 1083 in
1223 1042 1378 1084 vadum
1400 1057 1539 1098 egres-

132 1114 224 1140 sum
246 1099 412 1140 eminus
431 1108 579 1140 veruto
603 1099 802 1141 Lucanus
823 1100 943 1141 exsul
966 1100 1183 1157 transfigit.
1228 1100 1416 1157 Lapsum
1438 1099 1537 1140 inde

132 1172 230 1198 cum
251 1157 499 1198 inhaerente
522 1157 607 1199 telo
629 1172 780 1214 eorpus
804 1158 1000 1200 exanime
1027 1157 1181 1199 detulit
1209 1158 1343 1199 amnis
1372 1158 1416 1198 in
1442 1157 1536 1199 hos-

133 1214 238 1256 tium
266 1215 486 1271 praesidia.
550 1214 613 1256 Ibi
636 1215 761 1256 foeda
788 1215 985 1257 laceratio
1013 1216 1198 1272 eorporis
1218 1215 1338 1257 faeta.
1403 1215 1535 1256 Nam-

133 1288 230 1329 que,
251 1273 440 1329 praeciso
462 1272 616 1323 medio,
638 1282 800 1329 partem
826 1272 1102 1315 Consentiam
1125 1274 1299 1315 misere:
1324 1288 1418 1330 pars
1440 1273 1540 1330 ipsis
1580 1308 1582 1310 .

132 1339 298 1372 retenta
318 1330 372 1371 ad
392 1330 633 1372 ludibrium.
701 1331 823 1379 Quae
847 1347 980 1388 quum
1005 1331 1152 1372 iaculis
1177 1331 1371 1387 saxisque
1393 1330 1539 1387 procul

133 1388 424 1437 incesseretur,
459 1388 611 1429 mulier
644 1404 740 1438 una,
771 1389 880 1431 ultra
912 1389 1189 1430 humanarum
1223 1389 1378 1430 irarum
1410 1388 1539 1429 fidem

133 1446 334 1488 saevienti
358 1447 503 1488 turbae
527 1446 732 1497 immixta,
757 1457 802 1488 ut
826 1462 1055 1504 parumper
1079 1447 1336 1488 sustinerent
1357 1455 1537 1502 precata,

133 1504 239 1546 flens
265 1504 335 1554 ait,
369 1510 381 1528 ‘
401 1504 539 1545 virum
570 1504 647 1545 sibi
678 1504 915 1562 liberosque
948 1514 1092 1561 captos
1120 1504 1233 1561 apud
1258 1504 1399 1545 hostes
1421 1518 1536 1545 esse:

136 1568 342 1619 ‘sperarc,
366 1577 539 1619 corpore
566 1562 681 1618 regio
713 1571 929 1619 utcunque
962 1562 1146 1604 mulcato
1177 1577 1219 1603 se
1249 1576 1345 1603 suos
1373 1561 1540 1602 redem-

136 1626 148 1644 ‘
164 1621 358 1677 pturam.'
417 1619 459 1661 Is
481 1620 576 1661 finis
600 1619 843 1662 lacerationi
864 1620 954 1661 fuit.
1012 1619 1321 1676 Sepultumque
1347 1618 1542 1660 Consen-

135 1678 230 1728 tiae,
253 1677 369 1735 quod
390 1678 675 1719 membrorum
701 1678 911 1735 reliquum
933 1678 1026 1727 fuit,
1049 1692 1151 1719 cura
1174 1677 1362 1718 mulieris
1387 1677 1538 1717 unius:

134 1751 310 1793 ossaque
333 1734 634 1792 Metapontum
660 1735 713 1777 ad
742 1735 882 1777 hostes
911 1736 1108 1785 remissa3
1142 1735 1242 1776 inde
1266 1734 1444 1792 Epirum
1467 1734 1542 1775 de-

133 1802 254 1836 vecta
288 1793 342 1835 ad
377 1793 650 1850 Cleopatram
683 1809 858 1835 uxorem
896 1809 1169 1850 sororemque
1209 1792 1538 1850 Olympiadem:

163 1867 312 1894 uarum
346 1860 480 1893 mater
511 1850 662 1908 Magni
691 1851 929 1893 Alexandri
962 1851 1104 1901 altera,
1137 1866 1254 1892 soror
1285 1850 1416 1892 altera
1447 1850 1539 1891 fuit.

133 1867 256 1952 {llaec
277 1909 330 1951 de
354 1909 589 1951 Alexandri
613 1909 830 1966 Epirensis
855 1909 962 1951 tristi
991 1918 1161 1959 eventu,
1185 1923 1429 1965 quanquam
1454 1908 1542 1949 Ro-

133 1982 259 2009 mano
291 1967 403 2009 bello
436 1967 605 2008 fortuna
640 1982 737 2008 eum
775 1967 990 2015 abstinuit,
1026 1976 1180 2015 tamen,
1213 1967 1314 2022 quia
1344 1967 1388 2006 in
1419 1965 1543 2007 Italia

133 2025 244 2067 bella
294 2025 406 2073 essit,
429 2024 573 2080 paucis
595 2024 750 2064 dixisse
773 2025 872 2065 satis
893 2025 956 2064 sit.

194 2040 358 2123 Eoiiem
382 2097 493 2122 anno
516 2081 818 2122 lectisternium
846 2081 1020 2131 Romae,
1040 2082 1190 2136 quinto
1212 2089 1305 2137 post
1325 2080 1540 2121 conditam

1625 2082 1692 2119 25.

1712 312 1741 343 9.

1714 354 1744 383 3»

135 2141 298 2189 urbem,
335 2139 498 2188 iisdem,
534 2139 686 2194 quibus
723 2148 833 2187 ante,
870 2138 1085 2194 placandis
1121 2138 1311 2179 habitum
1349 2146 1411 2178 cst
1447 2137 1538 2178 diis.
1555 2136 1720 2172 Quintum

136 2197 251 2239 Novi
287 2196 444 2238 deindo
481 2196 673 2237 eonsules
709 2196 823 2236 iussu
857 2195 1001 2252 populi
1039 2211 1171 2251 quum
1209 2195 1430 2244 misissent,
1466 2210 1539 2251 qui

135 2255 372 2297 indicerent
397 2254 656 2295 Samnitibus
677 2253 859 2301 bellum3
883 2265 923 2294 et
948 2254 1023 2309 ipsi
1046 2253 1201 2294 maiore
1223 2261 1390 2302 conatu,
1414 2267 1541 2309 quam

136 2313 333 2355 adversus
357 2312 555 2361 Graeco&
579 2321 731 2353 cuneta
753 2312 981 2368 parabant3
1016 2320 1056 2351 et
1084 2311 1164 2351 alia
1190 2326 1296 2351 nova
1323 2310 1430 2351 nihil
1452 2319 1542 2352 tum

136 2371 278 2413 animo
307 2370 388 2412 tale
418 2370 674 2426 agitantibus
703 2378 964 2411 acc-esserunt
997 2368 1163 2409 auxilia.
1230 2367 1391 2408 Lucani
1414 2377 1542 2423 atquc

139 2428 284 2485 Apuli,
315 2428 468 2484 quibus
501 2428 698 2483 gentibus
731 2427 835 2468 nihil
871 2427 922 2467 a‹l
957 2442 1047 2467 eam
1078 2427 1191 2467 diem
1227 2440 1322 2466 eum
1349 2425 1543 2466 Romano

137 2502 192 2543 po
207 2485 295 2527 mlo
315 2486 463 2535 suerat,
483 2486 524 2525 in
549 2485 674 2526 fidem
702 2494 922 2533 venerunt,
946 2499 1059 2525 arma
1085 2484 1278 2539 virosque
1308 2482 1360 2523 ad
1382 2483 1541 2523 bellum

138 2559 192 2600 po
211 2543 395 2584 licentes.
461 2543 646 2585 Foedere
676 2558 775 2599 ergo
806 2543 847 2583 in
880 2542 1107 2583 amicitiam
1140 2541 1313 2597 accepti.
1380 2540 1542 2582 Eodem

140 2610 328 2657 tempore
351 2601 476 2642 ctiam
502 2601 542 2641 in
569 2600 740 2641 Samnio
764 2615 828 2641 res
850 2615 1046 2656 prospere
1071 2608 1199 2654 gesta.
1264 2599 1366 2639 Tria
1388 2614 1442 2655 op
1461 2598 1544 2639 »ida

140 2659 182 2699 in
215 2666 463 2714 potestatem
485 2667 705 2707 venerunt,
733 2658 898 2705 Allifae,
924 2657 1115 2703 Callifae,
1145 2657 1384 2697 Ruffrium:
1419 2671 1442 2697 a
1461 2656 1544 2697 ius-

140 2732 223 2772 quc
252 2730 351 2771 ager
375 2715 512 2771 primo
538 2715 723 2756 adventu
755 2715 973 2755 consulum
1008 2715 1132 2769 longe
1162 2714 1329 2770 lateque
1360 2723 1421 2754 est
1450 2728 1544 2770 pcr-

140 2782 334 2815 vastatus.
400 2771 495 2813 Hoc
517 2772 627 2813 bello
651 2781 733 2812 tam
757 2787 954 2828 prospere
977 2772 1211 2818 conmisso,
1232 2771 1350 2812 alteri
1373 2787 1543 2828 quoque

190 2930 205 2951 2
232 2921 352 2957 Quinto
389 2924 458 2958 pust
495 2919 652 2948 commum
695 2919 819 2955 urbem}
871 2918 985 2948 viorius
1005 2929 1066 2947 nnn
1088 2917 1177 2952 vidit,
1193 2928 1244 2957 ap.
1263 2928 1348 2957 supr.
1366 2919 1414 2948 vii.
1435 2926 1480 2957 27.
1500 2918 1544 2948 in-

144 2962 391 2993 Lueriam-mium
429 2966 591 3001 qitzar-tuni,
621 2971 715 2999 quem
745 2963 820 2991 ('rc,·-
871 2961 994 2991 ionia-2
1021 2960 1284 3000 terti111nap.xi1.
1307 2971 1330 2991 2.

203 3018 298 3045 voi„
327 3019 351 3045 1.
1268 3017 1276 3042 1
1304 3003 1310 3042 i

1529 2195 1537 2203 ·
1556 2179 1707 2210 lectister-

1554 2222 1654 2252 nium.
