<?xml version="1.0" encoding="UTF-8"?>
<!DOCTYPE html PUBLIC "-//W3C//DTD XHTML 1.0 Transitional//EN"
    "http://www.w3.org/TR/xhtml1/DTD/xhtml1-transitional.dtd">
<html xmlns="http://www.w3.org/1999/xhtml" xml:lang="en" lang="en">
 <head>
  <title>
</title>
<meta http-equiv="Content-Type" content="text/html;charset=utf-8" />
  <meta name='ocr-system' content='tesseract 3.04.00' />
  <meta name='ocr-capabilities' content='ocr_page ocr_carea ocr_par ocr_line ocrx_word'/>
</head>
<body>
  <div class='ocr_page' id='page_1' title='image "./historiarumli01livyuoft_0121.png"; bbox 0 0 1934 3211; ppageno 0'>
   <div class='ocr_carea' id='block_1_1' title="bbox 0 1958 6 2475">
    <p class='ocr_par' dir='ltr' id='par_1_1' title="bbox 0 1958 6 2475">
     <span class='ocr_line' id='line_1_1' title="bbox 0 1958 6 2475; baseline 0 0"><span class='ocrx_word' id='word_1_1' title='bbox 0 1958 6 2475; x_wconf 95' lang='lat' dir='ltr'> </span> 
     </span>
    </p>
   </div>
   <div class='ocr_carea' id='block_1_2' title="bbox 519 176 1045 220">
    <p class='ocr_par' dir='ltr' id='par_1_2' title="bbox 519 176 1045 220">
     <span class='ocr_line' id='line_1_2' title="bbox 519 176 1045 220; baseline -0.004 0"><span class='ocrx_word' id='word_1_2' title='bbox 519 178 645 220; x_wconf 79' lang='lat' dir='ltr'>LIB.</span> <span class='ocrx_word' id='word_1_3' title='bbox 685 177 743 219; x_wconf 90' lang='lat' dir='ltr'>II.</span> <span class='ocrx_word' id='word_1_4' title='bbox 791 176 938 218; x_wconf 90' lang='lat' dir='ltr'>CAP.</span> <span class='ocrx_word' id='word_1_5' title='bbox 978 181 1045 218; x_wconf 87' lang='lat'>33.</span> 
     </span>
    </p>
   </div>
   <div class='ocr_carea' id='block_1_3' title="bbox 1398 179 1477 219">
    <p class='ocr_par' dir='ltr' id='par_1_3' title="bbox 1398 179 1477 219">
     <span class='ocr_line' id='line_1_3' title="bbox 1398 179 1477 219; baseline 0.025 -2"><span class='ocrx_word' id='word_1_6' title='bbox 1398 179 1477 219; x_wconf 88' lang='grc'>109</span> 
     </span>
    </p>
   </div>
   <div class='ocr_carea' id='block_1_4' title="bbox 87 267 1683 323">
    <p class='ocr_par' dir='ltr' id='par_1_4' title="bbox 87 267 1683 323">
     <span class='ocr_line' id='line_1_4' title="bbox 87 267 1683 323; baseline -0.008 -6"><span class='ocrx_word' id='word_1_7' title='bbox 87 273 187 316; x_wconf 84' lang='lat' dir='ltr'>latio</span> <span class='ocrx_word' id='word_1_8' title='bbox 207 271 402 314; x_wconf 86' lang='lat' dir='ltr'>adversus</span> <span class='ocrx_word' id='word_1_9' title='bbox 421 267 612 310; x_wconf 91' lang='lat' dir='ltr'>consules</span> <span class='ocrx_word' id='word_1_10' title='bbox 632 276 766 317; x_wconf 73' lang='lat' dir='ltr'>esset:</span> <span class='ocrx_word' id='word_1_11' title='bbox 798 283 905 309; x_wconf 91' lang='lat' dir='ltr'>neve</span> <span class='ocrx_word' id='word_1_12' title='bbox 927 268 996 309; x_wconf 91' lang='lat' dir='ltr'>cui</span> <span class='ocrx_word' id='word_1_13' title='bbox 1016 267 1191 308; x_wconf 85' lang='lat' dir='ltr'>Patrum</span> <span class='ocrx_word' id='word_1_14' title='bbox 1211 281 1359 323; x_wconf 85' lang='lat' dir='ltr'>capere</span> <span class='ocrx_word' id='word_1_15' title='bbox 1381 282 1479 309; x_wconf 92' lang='lat' dir='ltr'>eum</span> <span class='ocrx_word' id='word_1_16' title='bbox 1494 274 1538 306; x_wconf 90' lang='lat' dir='ltr'>U.</span> <span class='ocrx_word' id='word_1_17' title='bbox 1555 274 1593 305; x_wconf 85' lang='lat' dir='ltr'>c.</span> <span class='ocrx_word' id='word_1_18' title='bbox 1610 271 1683 304; x_wconf 85' lang='lat'>260.</span> 
     </span>
    </p>
   </div>
   <div class='ocr_carea' id='block_1_5' title="bbox 56 322 1481 388">
    <p class='ocr_par' dir='ltr' id='par_1_5' title="bbox 56 322 1481 388">
     <span class='ocr_line' id='line_1_5' title="bbox 56 322 1481 388; baseline -0.005 -17"><span class='ocrx_word' id='word_1_19' title='bbox 56 322 373 388; x_wconf 61' lang='lat' dir='ltr'>{magistratum</span> <span class='ocrx_word' id='word_1_20' title='bbox 393 326 548 368; x_wconf 89' lang='lat' dir='ltr'>liceret.</span> <span class='ocrx_word' id='word_1_21' title='bbox 601 325 669 367; x_wconf 84' lang='lat' dir='ltr'>Ita</span> <span class='ocrx_word' id='word_1_22' title='bbox 688 325 845 367; x_wconf 89' lang='lat' dir='ltr'>tribuni</span> <span class='ocrx_word' id='word_1_23' title='bbox 865 324 1005 382; x_wconf 90' lang='lat' dir='ltr'>plebei</span> <span class='ocrx_word' id='word_1_24' title='bbox 1020 324 1147 366; x_wconf 88' lang='lat' dir='ltr'>creati</span> <span class='ocrx_word' id='word_1_25' title='bbox 1168 323 1266 373; x_wconf 87' lang='lat' dir='ltr'>duo,</span> <span class='ocrx_word' id='word_1_26' title='bbox 1293 323 1343 365; x_wconf 89' lang='lat' dir='ltr'>C.</span> <span class='ocrx_word' id='word_1_27' title='bbox 1367 324 1481 365; x_wconf 92' lang='lat' dir='ltr'>Lici-</span> 
     </span>
    </p>
   </div>
   <div class='ocr_carea' id='block_1_6' title="bbox 87 617 226 660">
    <p class='ocr_par' dir='ltr' id='par_1_6' title="bbox 87 617 226 660">
     <span class='ocr_line' id='line_1_6' title="bbox 87 617 226 660; baseline -0.007 0"><span class='ocrx_word' id='word_1_28' title='bbox 87 617 226 660; x_wconf 85' lang='lat' dir='ltr'>latam.</span> 
     </span>
    </p>
   </div>
   <div class='ocr_carea' id='block_1_7' title="bbox 145 669 1486 830">
    <p class='ocr_par' dir='ltr' id='par_1_7' title="bbox 145 669 1486 830">
     <span class='ocr_line' id='line_1_7' title="bbox 145 669 1486 730; baseline -0.005 -13"><span class='ocrx_word' id='word_1_29' title='bbox 145 675 231 718; x_wconf 91' lang='lat' dir='ltr'>Per</span> <span class='ocrx_word' id='word_1_30' title='bbox 241 674 517 716; x_wconf 89' lang='lat' dir='ltr'>secessionem</span> <span class='ocrx_word' id='word_1_31' title='bbox 532 672 666 730; x_wconf 90' lang='lat' dir='ltr'>plebis</span> <span class='ocrx_word' id='word_1_32' title='bbox 686 671 756 728; x_wconf 90' lang='lat' dir='ltr'>Sp.</span> <span class='ocrx_word' id='word_1_33' title='bbox 783 671 952 714; x_wconf 84' lang='lat' dir='ltr'>Cassius</span> <span class='ocrx_word' id='word_1_34' title='bbox 965 680 1008 714; x_wconf 93' lang='lat' dir='ltr'>et</span> <span class='ocrx_word' id='word_1_35' title='bbox 1020 671 1247 713; x_wconf 86' lang='lat' dir='ltr'>Postumus</span> <span class='ocrx_word' id='word_1_36' title='bbox 1264 669 1486 712; x_wconf 89' lang='lat' dir='ltr'>Cominius</span> 
     </span>
     <span class='ocr_line' id='line_1_8' title="bbox 636 726 1486 785; baseline -0.005 -14"><span class='ocrx_word' id='word_1_37' title='bbox 636 729 716 771; x_wconf 91' lang='lat' dir='ltr'>His</span> <span class='ocrx_word' id='word_1_38' title='bbox 740 730 981 772; x_wconf 90' lang='lat' dir='ltr'>consulibus</span> <span class='ocrx_word' id='word_1_39' title='bbox 1005 744 1102 771; x_wconf 89' lang='lat' dir='ltr'>cum</span> <span class='ocrx_word' id='word_1_40' title='bbox 1134 728 1297 770; x_wconf 89' lang='lat' dir='ltr'>Latinis</span> <span class='ocrx_word' id='word_1_41' title='bbox 1320 726 1486 785; x_wconf 88' lang='lat' dir='ltr'>populis</span> 
     </span>
     <span class='ocr_line' id='line_1_9' title="bbox 503 785 1484 830; baseline -0.004 0"><span class='ocrx_word' id='word_1_42' title='bbox 503 788 573 830; x_wconf 93' lang='lat' dir='ltr'>Ad</span> <span class='ocrx_word' id='word_1_43' title='bbox 618 788 663 829; x_wconf 93' lang='lat' dir='ltr'>id</span> <span class='ocrx_word' id='word_1_44' title='bbox 701 787 939 830; x_wconf 89' lang='lat' dir='ltr'>feriendum</span> <span class='ocrx_word' id='word_1_45' title='bbox 986 787 1132 829; x_wconf 91' lang='lat' dir='ltr'>consul</span> <span class='ocrx_word' id='word_1_46' title='bbox 1172 786 1276 828; x_wconf 88' lang='lat' dir='ltr'>alter</span> <span class='ocrx_word' id='word_1_47' title='bbox 1326 785 1484 827; x_wconf 82' lang='lat' dir='ltr'>Romae</span> 
     </span>
    </p>
   </div>
   <div class='ocr_carea' id='block_1_8' title="bbox 57 731 572 834">
    <p class='ocr_par' dir='ltr' id='par_1_8' title="bbox 57 731 572 834">
     <span class='ocr_line' id='line_1_10' title="bbox 57 731 572 777; baseline -0.01 0"><span class='ocrx_word' id='word_1_48' title='bbox 57 732 350 777; x_wconf 77' lang='lat' dir='ltr'>Sconsulatum</span> <span class='ocrx_word' id='word_1_49' title='bbox 374 731 572 773; x_wconf 90' lang='lat' dir='ltr'>inierunt.</span> 
     </span>
     <span class='ocr_line' id='line_1_11' title="bbox 88 789 418 834; baseline -0.012 0"><span class='ocrx_word' id='word_1_50' title='bbox 88 791 219 834; x_wconf 87' lang='lat' dir='ltr'>ictum</span> <span class='ocrx_word' id='word_1_51' title='bbox 259 789 418 832; x_wconf 86' lang='lat' dir='ltr'>foedus.</span> 
     </span>
    </p>
   </div>
   <div class='ocr_carea' id='block_1_9' title="bbox 1494 317 1683 365">
    <p class='ocr_par' dir='ltr' id='par_1_9' title="bbox 1494 317 1683 365">
     <span class='ocr_line' id='line_1_12' title="bbox 1494 317 1683 365; baseline -0.011 -17"><span class='ocrx_word' id='word_1_52' title='bbox 1494 318 1533 348; x_wconf 85' lang='grc' dir='ltr'>Α.</span> <span class='ocrx_word' id='word_1_53' title='bbox 1556 317 1595 348; x_wconf 92' lang='lat' dir='ltr'>C.</span> <span class='ocrx_word' id='word_1_54' title='bbox 1611 325 1683 365; x_wconf 55' lang='lat'>492.</span> 
     </span>
    </p>
   </div>
   <div class='ocr_carea' id='block_1_10' title="bbox 59 360 1674 439">
    <p class='ocr_par' dir='ltr' id='par_1_10' title="bbox 59 360 1674 439">
     <span class='ocr_line' id='line_1_13' title="bbox 59 360 1674 439; baseline -0.006 -9"><span class='ocrx_word' id='word_1_55' title='bbox 59 389 183 439; x_wconf 86' lang='lat' dir='ltr'>7nius</span> <span class='ocrx_word' id='word_1_56' title='bbox 210 394 254 428; x_wconf 89' lang='lat' dir='ltr'>et</span> <span class='ocrx_word' id='word_1_57' title='bbox 282 384 333 426; x_wconf 93' lang='lat' dir='ltr'>L.</span> <span class='ocrx_word' id='word_1_58' title='bbox 361 384 557 426; x_wconf 88' lang='lat' dir='ltr'>Albinus.</span> <span class='ocrx_word' id='word_1_59' title='bbox 620 383 682 424; x_wconf 90' lang='lat' dir='ltr'>Hi</span> <span class='ocrx_word' id='word_1_60' title='bbox 706 392 789 424; x_wconf 88' lang='lat' dir='ltr'>tres</span> <span class='ocrx_word' id='word_1_61' title='bbox 819 382 998 439; x_wconf 84' lang='lat' dir='ltr'>collegas</span> <span class='ocrx_word' id='word_1_62' title='bbox 1026 382 1105 423; x_wconf 84' lang='lat' dir='ltr'>sibi</span> <span class='ocrx_word' id='word_1_63' title='bbox 1135 390 1403 423; x_wconf 75' lang='lat' dir='ltr'>creaverimt:</span> <span class='ocrx_word' id='word_1_64' title='bbox 1436 382 1481 422; x_wconf 92' lang='lat' dir='ltr'>in</span> <span class='ocrx_word' id='word_1_65' title='bbox 1494 360 1674 433; x_wconf 41' lang='lat' dir='ltr'>{ifbcffssssfi-</span> 
     </span>
    </p>
   </div>
   <div class='ocr_carea' id='block_1_11' title="bbox 85 439 1484 612">
    <p class='ocr_par' dir='ltr' id='par_1_11' title="bbox 85 439 1484 612">
     <span class='ocr_line' id='line_1_14' title="bbox 87 439 1483 495; baseline -0.005 -8"><span class='ocrx_word' id='word_1_66' title='bbox 87 445 153 488; x_wconf 87' lang='lat' dir='ltr'>his</span> <span class='ocrx_word' id='word_1_67' title='bbox 186 442 391 486; x_wconf 90' lang='lat' dir='ltr'>Sicinium</span> <span class='ocrx_word' id='word_1_68' title='bbox 420 441 560 492; x_wconf 86' lang='lat' dir='ltr'>fuisse,</span> <span class='ocrx_word' id='word_1_69' title='bbox 591 441 807 483; x_wconf 84' lang='lat' dir='ltr'>seditionis</span> <span class='ocrx_word' id='word_1_70' title='bbox 842 451 1081 490; x_wconf 84' lang='lat' dir='ltr'>auctorem3</span> <span class='ocrx_word' id='word_1_71' title='bbox 1114 439 1166 481; x_wconf 91' lang='lat' dir='ltr'>de</span> <span class='ocrx_word' id='word_1_72' title='bbox 1200 439 1377 488; x_wconf 91' lang='lat' dir='ltr'>duobus,</span> <span class='ocrx_word' id='word_1_73' title='bbox 1409 454 1483 495; x_wconf 82' lang='lat' dir='ltr'>qul</span> 
     </span>
     <span class='ocr_line' id='line_1_15' title="bbox 85 495 1484 555; baseline -0.005 -11"><span class='ocrx_word' id='word_1_74' title='bbox 85 501 255 552; x_wconf 85' lang='lat' dir='ltr'>fuerint,</span> <span class='ocrx_word' id='word_1_75' title='bbox 277 500 416 542; x_wconf 87' lang='lat' dir='ltr'>minus</span> <span class='ocrx_word' id='word_1_76' title='bbox 442 499 651 542; x_wconf 85' lang='lat' dir='ltr'>convenit.</span> <span class='ocrx_word' id='word_1_77' title='bbox 717 498 837 548; x_wconf 90' lang='lat' dir='ltr'>Sunt,</span> <span class='ocrx_word' id='word_1_78' title='bbox 860 499 934 555; x_wconf 82' lang='lat' dir='ltr'>qui</span> <span class='ocrx_word' id='word_1_79' title='bbox 961 498 1067 539; x_wconf 92' lang='lat' dir='ltr'>duos</span> <span class='ocrx_word' id='word_1_80' title='bbox 1093 506 1256 539; x_wconf 89' lang='lat' dir='ltr'>tantum</span> <span class='ocrx_word' id='word_1_81' title='bbox 1285 496 1330 537; x_wconf 91' lang='lat' dir='ltr'>in</span> <span class='ocrx_word' id='word_1_82' title='bbox 1358 495 1484 538; x_wconf 88' lang='lat' dir='ltr'>Sacro</span> 
     </span>
     <span class='ocr_line' id='line_1_16' title="bbox 87 553 1484 612; baseline -0.006 -10"><span class='ocrx_word' id='word_1_83' title='bbox 87 567 231 603; x_wconf 89' lang='lat' dir='ltr'>monte</span> <span class='ocrx_word' id='word_1_84' title='bbox 257 567 416 600; x_wconf 87' lang='lat' dir='ltr'>creatos</span> <span class='ocrx_word' id='word_1_85' title='bbox 440 557 629 599; x_wconf 89' lang='lat' dir='ltr'>tribunos</span> <span class='ocrx_word' id='word_1_86' title='bbox 653 571 741 598; x_wconf 88' lang='lat' dir='ltr'>esse</span> <span class='ocrx_word' id='word_1_87' title='bbox 767 556 922 606; x_wconf 88' lang='lat' dir='ltr'>dicant,</span> <span class='ocrx_word' id='word_1_88' title='bbox 951 556 1094 612; x_wconf 85' lang='lat' dir='ltr'>ibique</span> <span class='ocrx_word' id='word_1_89' title='bbox 1122 562 1323 596; x_wconf 84' lang='lat' dir='ltr'>sacratam</span> <span class='ocrx_word' id='word_1_90' title='bbox 1347 553 1484 610; x_wconf 87' lang='lat' dir='ltr'>legem</span> 
     </span>
    </p>
   </div>
   <div class='ocr_carea' id='block_1_12' title="bbox 88 842 1613 962">
    <p class='ocr_par' dir='ltr' id='par_1_12' title="bbox 88 842 1613 962">
     <span class='ocr_line' id='line_1_17' title="bbox 89 842 1613 898; baseline -0.003 -7"><span class='ocrx_word' id='word_1_91' title='bbox 89 848 265 898; x_wconf 86' lang='lat' dir='ltr'>mansit3</span> <span class='ocrx_word' id='word_1_92' title='bbox 297 847 412 897; x_wconf 88' lang='lat' dir='ltr'>alter,</span> <span class='ocrx_word' id='word_1_93' title='bbox 435 846 488 888; x_wconf 90' lang='lat' dir='ltr'>ad</span> <span class='ocrx_word' id='word_1_94' title='bbox 509 846 711 888; x_wconf 88' lang='lat' dir='ltr'>Volscum</span> <span class='ocrx_word' id='word_1_95' title='bbox 732 846 888 888; x_wconf 91' lang='lat' dir='ltr'>bellum</span> <span class='ocrx_word' id='word_1_96' title='bbox 911 846 1071 895; x_wconf 88' lang='lat' dir='ltr'>missus,</span> <span class='ocrx_word' id='word_1_97' title='bbox 1096 844 1291 886; x_wconf 85' lang='lat' dir='ltr'>Antiates</span> <span class='ocrx_word' id='word_1_98' title='bbox 1311 842 1486 885; x_wconf 91' lang='lat' dir='ltr'>Volscos</span> <span class='ocrx_word' id='word_1_99' title='bbox 1501 855 1613 887; x_wconf 83' lang='lat' dir='ltr'>Volsci</span> 
     </span>
     <span class='ocr_line' id='line_1_18' title="bbox 88 899 1585 962; baseline -0.005 -13"><span class='ocrx_word' id='word_1_100' title='bbox 88 906 230 949; x_wconf 85' lang='lat' dir='ltr'>fundit</span> <span class='ocrx_word' id='word_1_101' title='bbox 259 905 483 962; x_wconf 84' lang='lat' dir='ltr'>fugatque:</span> <span class='ocrx_word' id='word_1_102' title='bbox 517 904 753 961; x_wconf 88' lang='lat' dir='ltr'>compulsos</span> <span class='ocrx_word' id='word_1_103' title='bbox 780 904 824 945; x_wconf 91' lang='lat' dir='ltr'>in</span> <span class='ocrx_word' id='word_1_104' title='bbox 852 903 1056 960; x_wconf 87' lang='lat' dir='ltr'>oppidum</span> <span class='ocrx_word' id='word_1_105' title='bbox 1082 902 1321 959; x_wconf 80' lang='lat' dir='ltr'>Longulam</span> <span class='ocrx_word' id='word_1_106' title='bbox 1346 916 1484 958; x_wconf 87' lang='lat' dir='ltr'>perse·</span> <span class='ocrx_word' id='word_1_107' title='bbox 1500 899 1585 930; x_wconf 72' lang='lat' dir='ltr'>victi.</span> 
     </span>
    </p>
   </div>
   <div class='ocr_carea' id='block_1_13' title="bbox 91 963 655 1019">
    <p class='ocr_par' dir='ltr' id='par_1_13' title="bbox 91 963 655 1019">
     <span class='ocr_line' id='line_1_19' title="bbox 91 963 655 1019; baseline -0.009 -11"><span class='ocrx_word' id='word_1_108' title='bbox 91 974 226 1014; x_wconf 87' lang='lat' dir='ltr'>cutus,</span> <span class='ocrx_word' id='word_1_109' title='bbox 248 963 467 1005; x_wconf 88' lang='lat' dir='ltr'>moenibus</span> <span class='ocrx_word' id='word_1_110' title='bbox 486 963 655 1019; x_wconf 87' lang='lat' dir='ltr'>potitur.</span> 
     </span>
    </p>
   </div>
   <div class='ocr_carea' id='block_1_14' title="bbox 91 959 1485 1080">
    <p class='ocr_par' dir='ltr' id='par_1_14' title="bbox 91 959 1485 1080">
     <span class='ocr_line' id='line_1_20' title="bbox 719 959 1485 1011; baseline -0.005 -8"><span class='ocrx_word' id='word_1_111' title='bbox 719 961 825 1004; x_wconf 87' lang='lat' dir='ltr'>Inde</span> <span class='ocrx_word' id='word_1_112' title='bbox 848 962 1083 1011; x_wconf 85' lang='lat' dir='ltr'>Poluscam,</span> <span class='ocrx_word' id='word_1_113' title='bbox 1102 961 1202 1002; x_wconf 85' lang='lat' dir='ltr'>item</span> <span class='ocrx_word' id='word_1_114' title='bbox 1224 959 1485 1008; x_wconf 80' lang='lat' dir='ltr'>Volscorum,</span> 
     </span>
     <span class='ocr_line' id='line_1_21' title="bbox 91 1018 1128 1080; baseline -0.006 -15"><span class='ocrx_word' id='word_1_115' title='bbox 91 1022 225 1080; x_wconf 89' lang='lat' dir='ltr'>cepit:</span> <span class='ocrx_word' id='word_1_116' title='bbox 258 1030 348 1063; x_wconf 88' lang='lat' dir='ltr'>tum</span> <span class='ocrx_word' id='word_1_117' title='bbox 381 1036 534 1076; x_wconf 83' lang='lat' dir='ltr'>magna</span> <span class='ocrx_word' id='word_1_118' title='bbox 561 1021 603 1062; x_wconf 80' lang='lat' dir='ltr'>vi</span> <span class='ocrx_word' id='word_1_119' title='bbox 632 1020 801 1062; x_wconf 85' lang='lat' dir='ltr'>adortus</span> <span class='ocrx_word' id='word_1_120' title='bbox 832 1029 894 1061; x_wconf 88' lang='lat' dir='ltr'>est</span> <span class='ocrx_word' id='word_1_121' title='bbox 927 1018 1128 1061; x_wconf 89' lang='lat' dir='ltr'>Coriolos.</span> 
     </span>
    </p>
   </div>
   <div class='ocr_carea' id='block_1_15' title="bbox 1193 1016 1486 1059">
    <p class='ocr_par' dir='ltr' id='par_1_15' title="bbox 1193 1016 1486 1059">
     <span class='ocr_line' id='line_1_22' title="bbox 1193 1016 1486 1059; baseline -0.007 0"><span class='ocrx_word' id='word_1_122' title='bbox 1193 1017 1294 1059; x_wconf 87' lang='lat' dir='ltr'>Erat</span> <span class='ocrx_word' id='word_1_123' title='bbox 1325 1026 1415 1058; x_wconf 87' lang='lat' dir='ltr'>tum</span> <span class='ocrx_word' id='word_1_124' title='bbox 1442 1016 1486 1058; x_wconf 90' lang='lat' dir='ltr'>in</span> 
     </span>
    </p>
   </div>
   <div class='ocr_carea' id='block_1_16' title="bbox 59 1075 1489 1484">
    <p class='ocr_par' dir='ltr' id='par_1_16' title="bbox 59 1075 1489 1484">
     <span class='ocr_line' id='line_1_23' title="bbox 59 1075 1486 1135; baseline -0.006 -11"><span class='ocrx_word' id='word_1_125' title='bbox 59 1079 234 1126; x_wconf 84' lang='lat' dir='ltr'>9castris</span> <span class='ocrx_word' id='word_1_126' title='bbox 261 1079 371 1120; x_wconf 87' lang='lat' dir='ltr'>inter</span> <span class='ocrx_word' id='word_1_127' title='bbox 399 1079 601 1135; x_wconf 90' lang='lat' dir='ltr'>primores</span> <span class='ocrx_word' id='word_1_128' title='bbox 631 1079 831 1120; x_wconf 88' lang='lat' dir='ltr'>iuvenum</span> <span class='ocrx_word' id='word_1_129' title='bbox 866 1078 916 1119; x_wconf 93' lang='lat' dir='ltr'>C.</span> <span class='ocrx_word' id='word_1_130' title='bbox 947 1076 1146 1126; x_wconf 87' lang='lat' dir='ltr'>Marcius,</span> <span class='ocrx_word' id='word_1_131' title='bbox 1175 1075 1416 1117; x_wconf 85' lang='lat' dir='ltr'>adolescens</span> <span class='ocrx_word' id='word_1_132' title='bbox 1444 1083 1486 1116; x_wconf 92' lang='lat' dir='ltr'>et</span> 
     </span>
     <span class='ocr_line' id='line_1_24' title="bbox 92 1132 1488 1192; baseline -0.005 -12"><span class='ocrx_word' id='word_1_133' title='bbox 92 1137 265 1181; x_wconf 89' lang='lat' dir='ltr'>consilio</span> <span class='ocrx_word' id='word_1_134' title='bbox 285 1146 328 1179; x_wconf 91' lang='lat' dir='ltr'>et</span> <span class='ocrx_word' id='word_1_135' title='bbox 349 1152 476 1178; x_wconf 88' lang='lat' dir='ltr'>manu</span> <span class='ocrx_word' id='word_1_136' title='bbox 497 1145 727 1192; x_wconf 87' lang='lat' dir='ltr'>promptus,</span> <span class='ocrx_word' id='word_1_137' title='bbox 750 1136 818 1177; x_wconf 91' lang='lat' dir='ltr'>cui</span> <span class='ocrx_word' id='word_1_138' title='bbox 839 1150 1074 1192; x_wconf 79' lang='lat' dir='ltr'>cognomen</span> <span class='ocrx_word' id='word_1_139' title='bbox 1095 1143 1239 1191; x_wconf 88' lang='lat' dir='ltr'>postea</span> <span class='ocrx_word' id='word_1_140' title='bbox 1262 1132 1488 1175; x_wconf 89' lang='lat' dir='ltr'>Coriolano</span> 
     </span>
     <span class='ocr_line' id='line_1_25' title="bbox 92 1190 1489 1244; baseline -0.005 -6"><span class='ocrx_word' id='word_1_141' title='bbox 92 1195 182 1238; x_wconf 84' lang='lat' dir='ltr'>fuit.</span> <span class='ocrx_word' id='word_1_142' title='bbox 247 1195 394 1244; x_wconf 83' lang='lat' dir='ltr'>Quum</span> <span class='ocrx_word' id='word_1_143' title='bbox 427 1194 564 1235; x_wconf 92' lang='lat' dir='ltr'>subito</span> <span class='ocrx_word' id='word_1_144' title='bbox 595 1194 828 1236; x_wconf 84' lang='lat' dir='ltr'>exercitum</span> <span class='ocrx_word' id='word_1_145' title='bbox 862 1193 1117 1242; x_wconf 87' lang='lat' dir='ltr'>Romanum,</span> <span class='ocrx_word' id='word_1_146' title='bbox 1153 1190 1344 1233; x_wconf 84' lang='lat' dir='ltr'>Coriolos</span> <span class='ocrx_word' id='word_1_147' title='bbox 1380 1191 1489 1232; x_wconf 92' lang='lat' dir='ltr'>obsi-</span> 
     </span>
     <span class='ocr_line' id='line_1_26' title="bbox 92 1249 1487 1308; baseline -0.005 -12"><span class='ocrx_word' id='word_1_148' title='bbox 92 1253 278 1302; x_wconf 89' lang='lat' dir='ltr'>dentem,</span> <span class='ocrx_word' id='word_1_149' title='bbox 310 1262 436 1308; x_wconf 90' lang='lat' dir='ltr'>atque</span> <span class='ocrx_word' id='word_1_150' title='bbox 467 1252 511 1292; x_wconf 90' lang='lat' dir='ltr'>in</span> <span class='ocrx_word' id='word_1_151' title='bbox 542 1251 786 1308; x_wconf 78' lang='lat' dir='ltr'>oppidanos,</span> <span class='ocrx_word' id='word_1_152' title='bbox 819 1266 924 1308; x_wconf 90' lang='lat' dir='ltr'>quos</span> <span class='ocrx_word' id='word_1_153' title='bbox 957 1251 1069 1292; x_wconf 91' lang='lat' dir='ltr'>intus</span> <span class='ocrx_word' id='word_1_154' title='bbox 1102 1249 1262 1291; x_wconf 88' lang='lat' dir='ltr'>clausos</span> <span class='ocrx_word' id='word_1_155' title='bbox 1294 1249 1487 1298; x_wconf 85' lang='lat' dir='ltr'>habebat,</span> 
     </span>
     <span class='ocr_line' id='line_1_27' title="bbox 93 1306 1488 1356; baseline -0.005 -3"><span class='ocrx_word' id='word_1_156' title='bbox 93 1312 305 1354; x_wconf 89' lang='lat' dir='ltr'>intentum</span> <span class='ocrx_word' id='word_1_157' title='bbox 343 1310 433 1351; x_wconf 82' lang='lat' dir='ltr'>sine</span> <span class='ocrx_word' id='word_1_158' title='bbox 481 1309 566 1351; x_wconf 85' lang='lat' dir='ltr'>ullo</span> <span class='ocrx_word' id='word_1_159' title='bbox 606 1318 723 1351; x_wconf 87' lang='lat' dir='ltr'>metu</span> <span class='ocrx_word' id='word_1_160' title='bbox 769 1309 1028 1351; x_wconf 81' lang='lat' dir='ltr'>extrinsecus</span> <span class='ocrx_word' id='word_1_161' title='bbox 1074 1306 1331 1348; x_wconf 87' lang='lat' dir='ltr'>imminentis</span> <span class='ocrx_word' id='word_1_162' title='bbox 1377 1306 1488 1356; x_wconf 90' lang='lat' dir='ltr'>belli,</span> 
     </span>
     <span class='ocr_line' id='line_1_28' title="bbox 94 1364 1489 1424; baseline -0.005 -13"><span class='ocrx_word' id='word_1_163' title='bbox 94 1368 272 1411; x_wconf 86' lang='lat' dir='ltr'>Volscae</span> <span class='ocrx_word' id='word_1_164' title='bbox 294 1367 492 1424; x_wconf 84' lang='lat' dir='ltr'>legioneS,</span> <span class='ocrx_word' id='word_1_165' title='bbox 510 1367 718 1424; x_wconf 86' lang='lat' dir='ltr'>profectae</span> <span class='ocrx_word' id='word_1_166' title='bbox 736 1368 787 1408; x_wconf 85' lang='lat' dir='ltr'>ab</span> <span class='ocrx_word' id='word_1_167' title='bbox 809 1367 955 1416; x_wconf 88' lang='lat' dir='ltr'>Antio,</span> <span class='ocrx_word' id='word_1_168' title='bbox 978 1365 1236 1414; x_wconf 86' lang='lat' dir='ltr'>invasissent,</span> <span class='ocrx_word' id='word_1_169' title='bbox 1254 1364 1489 1420; x_wconf 87' lang='lat' dir='ltr'>eodemque</span> 
     </span>
     <span class='ocr_line' id='line_1_29' title="bbox 94 1421 1489 1484; baseline -0.006 -15"><span class='ocrx_word' id='word_1_170' title='bbox 94 1437 282 1484; x_wconf 88' lang='lat' dir='ltr'>tempore</span> <span class='ocrx_word' id='word_1_171' title='bbox 324 1441 376 1467; x_wconf 85' lang='lat' dir='ltr'>ex</span> <span class='ocrx_word' id='word_1_172' title='bbox 417 1441 471 1482; x_wconf 88' lang='lat' dir='ltr'>op</span> <span class='ocrx_word' id='word_1_173' title='bbox 503 1425 572 1467; x_wconf 91' lang='lat' dir='ltr'>ido</span> <span class='ocrx_word' id='word_1_174' title='bbox 612 1440 686 1467; x_wconf 90' lang='lat' dir='ltr'>eru</span> <span class='ocrx_word' id='word_1_175' title='bbox 719 1425 847 1466; x_wconf 91' lang='lat' dir='ltr'>issent</span> <span class='ocrx_word' id='word_1_176' title='bbox 886 1424 1038 1473; x_wconf 91' lang='lat' dir='ltr'>hostes,</span> <span class='ocrx_word' id='word_1_177' title='bbox 1080 1423 1184 1464; x_wconf 89' lang='lat' dir='ltr'>forte</span> <span class='ocrx_word' id='word_1_178' title='bbox 1226 1422 1271 1462; x_wconf 90' lang='lat' dir='ltr'>in</span> <span class='ocrx_word' id='word_1_179' title='bbox 1311 1421 1489 1463; x_wconf 85' lang='lat' dir='ltr'>statione</span> 
     </span>
    </p>
   </div>
   <div class='ocr_carea' id='block_1_17' title="bbox 96 1483 639 1532">
    <p class='ocr_par' dir='ltr' id='par_1_17' title="bbox 96 1483 639 1532">
     <span class='ocr_line' id='line_1_30' title="bbox 96 1483 639 1532; baseline -0.007 -5"><span class='ocrx_word' id='word_1_180' title='bbox 96 1484 282 1527; x_wconf 90' lang='lat' dir='ltr'>Marcius</span> <span class='ocrx_word' id='word_1_181' title='bbox 308 1483 398 1525; x_wconf 82' lang='lat' dir='ltr'>fuit.</span> <span class='ocrx_word' id='word_1_182' title='bbox 483 1498 516 1532; x_wconf 93' lang='lat' dir='ltr'>s,</span> <span class='ocrx_word' id='word_1_183' title='bbox 542 1497 639 1524; x_wconf 92' lang='lat' dir='ltr'>cum</span> 
     </span>
    </p>
   </div>
   <div class='ocr_carea' id='block_1_18' title="bbox 700 1479 1490 1530">
    <p class='ocr_par' dir='ltr' id='par_1_18' title="bbox 700 1479 1490 1530">
     <span class='ocr_line' id='line_1_31' title="bbox 700 1479 1490 1530; baseline -0.006 -6"><span class='ocrx_word' id='word_1_184' title='bbox 700 1482 833 1524; x_wconf 88' lang='lat' dir='ltr'>electa</span> <span class='ocrx_word' id='word_1_185' title='bbox 862 1481 1043 1522; x_wconf 88' lang='lat' dir='ltr'>militum</span> <span class='ocrx_word' id='word_1_186' title='bbox 1075 1495 1215 1530; x_wconf 89' lang='lat' dir='ltr'>manu,</span> <span class='ocrx_word' id='word_1_187' title='bbox 1247 1494 1334 1520; x_wconf 92' lang='lat' dir='ltr'>non</span> <span class='ocrx_word' id='word_1_188' title='bbox 1365 1479 1490 1520; x_wconf 92' lang='lat' dir='ltr'>modo</span> 
     </span>
    </p>
   </div>
   <div class='ocr_carea' id='block_1_19' title="bbox 68 1539 1489 1655">
    <p class='ocr_par' dir='ltr' id='par_1_19' title="bbox 68 1539 1489 1655">
     <span class='ocr_line' id='line_1_32' title="bbox 95 1539 1489 1599; baseline -0.005 -15"><span class='ocrx_word' id='word_1_189' title='bbox 95 1543 300 1599; x_wconf 87' lang='lat' dir='ltr'>impetum</span> <span class='ocrx_word' id='word_1_190' title='bbox 331 1540 641 1597; x_wconf 88' lang='lat' dir='ltr'>erumpentium</span> <span class='ocrx_word' id='word_1_191' title='bbox 672 1539 842 1590; x_wconf 84' lang='lat' dir='ltr'>retudit,</span> <span class='ocrx_word' id='word_1_192' title='bbox 874 1539 948 1581; x_wconf 91' lang='lat' dir='ltr'>sed</span> <span class='ocrx_word' id='word_1_193' title='bbox 978 1554 1054 1596; x_wconf 88' lang='lat' dir='ltr'>per</span> <span class='ocrx_word' id='word_1_194' title='bbox 1083 1546 1296 1595; x_wconf 85' lang='lat' dir='ltr'>patentem</span> <span class='ocrx_word' id='word_1_195' title='bbox 1328 1546 1489 1594; x_wconf 88' lang='lat' dir='ltr'>portam</span> 
     </span>
     <span class='ocr_line' id='line_1_33' title="bbox 68 1595 1488 1655; baseline -0.004 -13"><span class='ocrx_word' id='word_1_196' title='bbox 68 1600 213 1643; x_wconf 84' lang='lat' dir='ltr'>1ferox</span> <span class='ocrx_word' id='word_1_197' title='bbox 252 1599 420 1655; x_wconf 85' lang='lat' dir='ltr'>irrupit:</span> <span class='ocrx_word' id='word_1_198' title='bbox 464 1597 676 1654; x_wconf 88' lang='lat' dir='ltr'>caedeque</span> <span class='ocrx_word' id='word_1_199' title='bbox 718 1598 762 1639; x_wconf 91' lang='lat' dir='ltr'>in</span> <span class='ocrx_word' id='word_1_200' title='bbox 797 1597 988 1654; x_wconf 85' lang='lat' dir='ltr'>proxima</span> <span class='ocrx_word' id='word_1_201' title='bbox 1027 1596 1140 1638; x_wconf 91' lang='lat' dir='ltr'>urbis</span> <span class='ocrx_word' id='word_1_202' title='bbox 1179 1595 1299 1645; x_wconf 85' lang='lat' dir='ltr'>faeta,</span> <span class='ocrx_word' id='word_1_203' title='bbox 1332 1596 1488 1652; x_wconf 82' lang='lat' dir='ltr'>ignem,</span> 
     </span>
    </p>
   </div>
   <div class='ocr_carea' id='block_1_20' title="bbox 96 1707 1480 1755">
    <p class='ocr_par' dir='ltr' id='par_1_20' title="bbox 96 1707 1480 1755">
     <span class='ocr_line' id='line_1_34' title="bbox 96 1707 1480 1755; baseline -0.004 -9"><span class='ocrx_word' id='word_1_204' title='bbox 96 1724 261 1755; x_wconf 71' lang='lat' dir='ltr'>capessere</span> <span class='ocrx_word' id='word_1_205' title='bbox 291 1712 420 1750; x_wconf 83' lang='lat' dir='ltr'>licebat,</span> <span class='ocrx_word' id='word_1_206' title='bbox 446 1715 643 1752; x_wconf 85' lang='lat' dir='ltr'>quapropter</span> <span class='ocrx_word' id='word_1_207' title='bbox 673 1710 768 1751; x_wconf 89' lang='lat' dir='ltr'>patri·</span> <span class='ocrx_word' id='word_1_208' title='bbox 813 1709 987 1749; x_wconf 75' lang='lat' dir='ltr'>aliquando</span> <span class='ocrx_word' id='word_1_209' title='bbox 1016 1714 1091 1740; x_wconf 81' lang='lat' dir='ltr'>sunt</span> <span class='ocrx_word' id='word_1_210' title='bbox 1121 1707 1209 1740; x_wconf 82' lang='lat' dir='ltr'>dicti.</span> <span class='ocrx_word' id='word_1_211' title='bbox 1245 1708 1342 1739; x_wconf 88' lang='lat' dir='ltr'>Dion.</span> <span class='ocrx_word' id='word_1_212' title='bbox 1373 1708 1410 1739; x_wconf 81' lang='lat' dir='ltr'>vi.</span> <span class='ocrx_word' id='word_1_213' title='bbox 1438 1718 1480 1750; x_wconf 90' lang='lat'>90</span> 
     </span>
    </p>
   </div>
   <div class='ocr_carea' id='block_1_21' title="bbox 97 1754 783 2987">
    <p class='ocr_par' dir='ltr' id='par_1_21' title="bbox 97 1754 769 1840">
     <span class='ocr_line' id='line_1_35' title="bbox 97 1754 769 1796; baseline -0.009 -7"><span class='ocrx_word' id='word_1_214' title='bbox 97 1757 173 1795; x_wconf 84' lang='lat' dir='ltr'>cios,</span> <span class='ocrx_word' id='word_1_215' title='bbox 191 1767 254 1788; x_wconf 90' lang='lat' dir='ltr'>non</span> <span class='ocrx_word' id='word_1_216' title='bbox 278 1756 336 1787; x_wconf 86' lang='lat' dir='ltr'>nisi</span> <span class='ocrx_word' id='word_1_217' title='bbox 360 1759 431 1796; x_wconf 86' lang='lat' dir='ltr'>post</span> <span class='ocrx_word' id='word_1_218' title='bbox 450 1754 714 1792; x_wconf 75' lang='lat' dir='ltr'>decemviratum,</span> <span class='ocrx_word' id='word_1_219' title='bbox 738 1754 769 1784; x_wconf 92' lang='lat' dir='ltr'>in</span> 
     </span>
     <span class='ocr_line' id='line_1_36' title="bbox 97 1799 532 1840; baseline -0.007 -8"><span class='ocrx_word' id='word_1_220' title='bbox 97 1800 160 1832; x_wconf 85' lang='lat' dir='ltr'>hoc</span> <span class='ocrx_word' id='word_1_221' title='bbox 173 1799 361 1840; x_wconf 78' lang='lat' dir='ltr'>magistratu</span> <span class='ocrx_word' id='word_1_222' title='bbox 378 1799 532 1829; x_wconf 55' lang='lat' dir='ltr'>videmus</span> 
     </span>
    </p>

    <p class='ocr_par' dir='ltr' id='par_1_22' title="bbox 97 1839 783 2987">
     <span class='ocr_line' id='line_1_37' title="bbox 141 1839 770 1884; baseline -0.006 -10"><span class='ocrx_word' id='word_1_223' title='bbox 141 1852 158 1884; x_wconf 87' lang='lat'>5</span> <span class='ocrx_word' id='word_1_224' title='bbox 183 1843 291 1874; x_wconf 80' lang='lat' dir='ltr'>Creali</span> <span class='ocrx_word' id='word_1_225' title='bbox 313 1843 393 1880; x_wconf 81' lang='lat' dir='ltr'>duo]</span> <span class='ocrx_word' id='word_1_226' title='bbox 429 1841 520 1871; x_wconf 85' lang='lat' dir='ltr'>Duos</span> <span class='ocrx_word' id='word_1_227' title='bbox 544 1839 682 1880; x_wconf 87' lang='lat' dir='ltr'>primum</span> <span class='ocrx_word' id='word_1_228' title='bbox 706 1850 770 1870; x_wconf 92' lang='lat' dir='ltr'>cre-</span> 
     </span>
     <span class='ocr_line' id='line_1_38' title="bbox 97 1882 771 1923; baseline -0.009 -5"><span class='ocrx_word' id='word_1_229' title='bbox 97 1890 169 1918; x_wconf 76' lang='lat' dir='ltr'>atos</span> <span class='ocrx_word' id='word_1_230' title='bbox 187 1895 255 1917; x_wconf 68' lang='lat' dir='ltr'>esse</span> <span class='ocrx_word' id='word_1_231' title='bbox 275 1885 479 1916; x_wconf 84' lang='lat' dir='ltr'>consentiunt</span> <span class='ocrx_word' id='word_1_232' title='bbox 496 1883 564 1915; x_wconf 87' lang='lat' dir='ltr'>Cic.</span> <span class='ocrx_word' id='word_1_233' title='bbox 581 1884 622 1913; x_wconf 87' lang='lat' dir='ltr'>dc</span> <span class='ocrx_word' id='word_1_234' title='bbox 640 1884 724 1923; x_wconf 85' lang='lat' dir='ltr'>Rep.</span> <span class='ocrx_word' id='word_1_235' title='bbox 741 1882 771 1913; x_wconf 89' lang='lat' dir='ltr'>ii.</span> 
     </span>
     <span class='ocr_line' id='line_1_39' title="bbox 99 1925 772 1969; baseline -0.007 -9"><span class='ocrx_word' id='word_1_236' title='bbox 99 1939 150 1969; x_wconf 83' lang='lat'>24.</span> <span class='ocrx_word' id='word_1_237' title='bbox 174 1928 257 1969; x_wconf 88' lang='lat' dir='ltr'>Lyd.</span> <span class='ocrx_word' id='word_1_238' title='bbox 272 1928 313 1959; x_wconf 86' lang='lat' dir='ltr'>dc</span> <span class='ocrx_word' id='word_1_239' title='bbox 327 1928 412 1966; x_wconf 76' lang='lat' dir='ltr'>Mag.</span> <span class='ocrx_word' id='word_1_240' title='bbox 430 1926 450 1958; x_wconf 89' lang='lat' dir='ltr'>i.</span> <span class='ocrx_word' id='word_1_241' title='bbox 468 1927 518 1966; x_wconf 78' lang='lat'>38,</span> <span class='ocrx_word' id='word_1_242' title='bbox 535 1931 565 1956; x_wconf 86' lang='lat' dir='ltr'>et</span> <span class='ocrx_word' id='word_1_243' title='bbox 583 1927 691 1966; x_wconf 84' lang='lat' dir='ltr'>plures</span> <span class='ocrx_word' id='word_1_244' title='bbox 706 1925 772 1956; x_wconf 84' lang='lat' dir='ltr'>alii.</span> 
     </span>
     <span class='ocr_line' id='line_1_40' title="bbox 101 1969 774 2003; baseline -0.007 0"><span class='ocrx_word' id='word_1_245' title='bbox 101 1972 234 2003; x_wconf 77' lang='lat' dir='ltr'>Postero</span> <span class='ocrx_word' id='word_1_246' title='bbox 264 1981 338 2002; x_wconf 76' lang='lat' dir='ltr'>vero</span> <span class='ocrx_word' id='word_1_247' title='bbox 367 1980 453 2000; x_wconf 89' lang='lat' dir='ltr'>anno</span> <span class='ocrx_word' id='word_1_248' title='bbox 483 1970 595 2000; x_wconf 85' lang='lat' dir='ltr'>decem</span> <span class='ocrx_word' id='word_1_249' title='bbox 628 1969 774 1999; x_wconf 79' lang='lat' dir='ltr'>tribunos</span> 
     </span>
     <span class='ocr_line' id='line_1_41' title="bbox 100 2011 772 2046; baseline -0.007 0"><span class='ocrx_word' id='word_1_250' title='bbox 100 2014 238 2046; x_wconf 76' lang='lat' dir='ltr'>comitiis</span> <span class='ocrx_word' id='word_1_251' title='bbox 258 2013 387 2044; x_wconf 82' lang='lat' dir='ltr'>curiatis</span> <span class='ocrx_word' id='word_1_252' title='bbox 402 2017 524 2043; x_wconf 80' lang='lat' dir='ltr'>creatos</span> <span class='ocrx_word' id='word_1_253' title='bbox 547 2016 704 2042; x_wconf 83' lang='lat' dir='ltr'>memorat</span> <span class='ocrx_word' id='word_1_254' title='bbox 720 2011 772 2042; x_wconf 83' lang='lat' dir='ltr'>Ci-</span> 
     </span>
     <span class='ocr_line' id='line_1_42' title="bbox 100 2054 772 2095; baseline -0.006 -7"><span class='ocrx_word' id='word_1_255' title='bbox 100 2068 183 2089; x_wconf 81' lang='lat' dir='ltr'>cero,</span> <span class='ocrx_word' id='word_1_256' title='bbox 207 2057 333 2095; x_wconf 81' lang='lat' dir='ltr'>Fragm.</span> <span class='ocrx_word' id='word_1_257' title='bbox 357 2056 454 2087; x_wconf 88' lang='lat' dir='ltr'>Corn.</span> <span class='ocrx_word' id='word_1_258' title='bbox 476 2055 514 2085; x_wconf 83' lang='lat' dir='ltr'>cf.</span> <span class='ocrx_word' id='word_1_259' title='bbox 539 2055 646 2085; x_wconf 70' lang='lat' dir='ltr'>Sellol.</span> <span class='ocrx_word' id='word_1_260' title='bbox 672 2054 772 2085; x_wconf 84' lang='lat' dir='ltr'>Orell.</span> 
     </span>
     <span class='ocr_line' id='line_1_43' title="bbox 101 2097 772 2140; baseline -0.004 -10"><span class='ocrx_word' id='word_1_261' title='bbox 101 2099 133 2132; x_wconf 82' lang='lat' dir='ltr'>ii.</span> <span class='ocrx_word' id='word_1_262' title='bbox 152 2098 200 2140; x_wconf 89' lang='lat'>76.</span> <span class='ocrx_word' id='word_1_263' title='bbox 247 2100 369 2130; x_wconf 78' lang='lat' dir='ltr'>Auctor</span> <span class='ocrx_word' id='word_1_264' title='bbox 390 2102 498 2128; x_wconf 88' lang='lat' dir='ltr'>tamen</span> <span class='ocrx_word' id='word_1_265' title='bbox 521 2102 567 2127; x_wconf 80' lang='lat' dir='ltr'>cst</span> <span class='ocrx_word' id='word_1_266' title='bbox 595 2097 679 2132; x_wconf 65' lang='lat' dir='ltr'>Piso,</span> <span class='ocrx_word' id='word_1_267' title='bbox 703 2097 772 2127; x_wconf 84' lang='lat' dir='ltr'>infr.</span> 
     </span>
     <span class='ocr_line' id='line_1_44' title="bbox 102 2140 773 2182; baseline -0.009 -8"><span class='ocrx_word' id='word_1_268' title='bbox 102 2142 133 2174; x_wconf 85' lang='lat' dir='ltr'>ii.</span> <span class='ocrx_word' id='word_1_269' title='bbox 158 2143 209 2182; x_wconf 80' lang='lat'>58,</span> <span class='ocrx_word' id='word_1_270' title='bbox 232 2142 312 2172; x_wconf 73' lang='lat' dir='ltr'>duos</span> <span class='ocrx_word' id='word_1_271' title='bbox 334 2146 459 2171; x_wconf 83' lang='lat' dir='ltr'>tantum</span> <span class='ocrx_word' id='word_1_272' title='bbox 484 2151 583 2179; x_wconf 75' lang='lat' dir='ltr'>usque</span> <span class='ocrx_word' id='word_1_273' title='bbox 606 2140 646 2169; x_wconf 86' lang='lat' dir='ltr'>ad</span> <span class='ocrx_word' id='word_1_274' title='bbox 672 2140 773 2177; x_wconf 72' lang='lat' dir='ltr'>legem</span> 
     </span>
     <span class='ocr_line' id='line_1_45' title="bbox 105 2182 774 2216; baseline -0.006 0"><span class='ocrx_word' id='word_1_275' title='bbox 105 2184 278 2216; x_wconf 83' lang='lat' dir='ltr'>Publiliam</span> <span class='ocrx_word' id='word_1_276' title='bbox 296 2184 336 2214; x_wconf 85' lang='lat' dir='ltr'>dc</span> <span class='ocrx_word' id='word_1_277' title='bbox 359 2183 522 2213; x_wconf 82' lang='lat' dir='ltr'>tribunatu</span> <span class='ocrx_word' id='word_1_278' title='bbox 547 2182 651 2213; x_wconf 76' lang='lat' dir='ltr'>fuisse.</span> <span class='ocrx_word' id='word_1_279' title='bbox 678 2182 774 2212; x_wconf 86' lang='lat' dir='ltr'>Dion.</span> 
     </span>
     <span class='ocr_line' id='line_1_46' title="bbox 105 2224 776 2269; baseline -0.006 -11"><span class='ocrx_word' id='word_1_280' title='bbox 105 2227 144 2260; x_wconf 87' lang='lat' dir='ltr'>vi.</span> <span class='ocrx_word' id='word_1_281' title='bbox 160 2237 201 2269; x_wconf 86' lang='lat'>99</span> <span class='ocrx_word' id='word_1_282' title='bbox 217 2237 289 2258; x_wconf 89' lang='lat' dir='ltr'>cum</span> <span class='ocrx_word' id='word_1_283' title='bbox 316 2226 407 2257; x_wconf 78' lang='lat' dir='ltr'>Livio</span> <span class='ocrx_word' id='word_1_284' title='bbox 430 2225 515 2256; x_wconf 85' lang='lat' dir='ltr'>facit.</span> <span class='ocrx_word' id='word_1_285' title='bbox 564 2224 776 2255; x_wconf 64' lang='lat' dir='ltr'>verisimilius</span> 
     </span>
     <span class='ocr_line' id='line_1_47' title="bbox 105 2267 776 2309; baseline -0.007 -7"><span class='ocrx_word' id='word_1_286' title='bbox 105 2270 229 2302; x_wconf 81' lang='lat' dir='ltr'>videtur</span> <span class='ocrx_word' id='word_1_287' title='bbox 243 2270 323 2300; x_wconf 72' lang='lat' dir='ltr'>duos</span> <span class='ocrx_word' id='word_1_288' title='bbox 338 2269 466 2309; x_wconf 82' lang='lat' dir='ltr'>quidem</span> <span class='ocrx_word' id='word_1_289' title='bbox 489 2280 507 2299; x_wconf 87' lang='lat' dir='ltr'>e</span> <span class='ocrx_word' id='word_1_290' title='bbox 529 2267 640 2308; x_wconf 78' lang='lat' dir='ltr'>viginti</span> <span class='ocrx_word' id='word_1_291' title='bbox 656 2273 687 2298; x_wconf 88' lang='lat' dir='ltr'>et</span> <span class='ocrx_word' id='word_1_292' title='bbox 713 2278 776 2297; x_wconf 89' lang='lat' dir='ltr'>uno</span> 
     </span>
     <span class='ocr_line' id='line_1_48' title="bbox 103 2311 775 2353; baseline -0.007 -9"><span class='ocrx_word' id='word_1_293' title='bbox 103 2314 243 2344; x_wconf 79' lang='lat' dir='ltr'>tribuum</span> <span class='ocrx_word' id='word_1_294' title='bbox 261 2311 428 2353; x_wconf 80' lang='lat' dir='ltr'>praesectis</span> <span class='ocrx_word' id='word_1_295' title='bbox 441 2312 562 2350; x_wconf 68' lang='lat' dir='ltr'>legatos</span> <span class='ocrx_word' id='word_1_296' title='bbox 573 2311 611 2340; x_wconf 82' lang='lat' dir='ltr'>ad</span> <span class='ocrx_word' id='word_1_297' title='bbox 629 2315 775 2340; x_wconf 77' lang='lat' dir='ltr'>senatum</span> 
     </span>
     <span class='ocr_line' id='line_1_49' title="bbox 104 2353 775 2395; baseline -0.006 -8"><span class='ocrx_word' id='word_1_298' title='bbox 104 2355 214 2387; x_wconf 70' lang='lat' dir='ltr'>mimos</span> <span class='ocrx_word' id='word_1_299' title='bbox 228 2366 307 2391; x_wconf 65' lang='lat' dir='ltr'>eme,</span> <span class='ocrx_word' id='word_1_300' title='bbox 323 2355 376 2395; x_wconf 81' lang='lat' dir='ltr'>qui</span> <span class='ocrx_word' id='word_1_301' title='bbox 403 2355 490 2395; x_wconf 77' lang='lat' dir='ltr'>pacis</span> <span class='ocrx_word' id='word_1_302' title='bbox 512 2353 711 2384; x_wconf 80' lang='lat' dir='ltr'>conditiones</span> <span class='ocrx_word' id='word_1_303' title='bbox 725 2364 775 2383; x_wconf 86' lang='lat' dir='ltr'>ac-</span> 
     </span>
     <span class='ocr_line' id='line_1_50' title="bbox 103 2396 776 2439; baseline -0.007 -9"><span class='ocrx_word' id='word_1_304' title='bbox 103 2398 259 2439; x_wconf 79' lang='lat' dir='ltr'>ciperent,</span> <span class='ocrx_word' id='word_1_305' title='bbox 281 2403 313 2429; x_wconf 82' lang='lat' dir='ltr'>et</span> <span class='ocrx_word' id='word_1_306' title='bbox 343 2398 386 2428; x_wconf 85' lang='lat' dir='ltr'>ita</span> <span class='ocrx_word' id='word_1_307' title='bbox 410 2398 492 2428; x_wconf 87' lang='lat' dir='ltr'>inter</span> <span class='ocrx_word' id='word_1_308' title='bbox 514 2396 641 2427; x_wconf 74' lang='lat' dir='ltr'>ordines</span> <span class='ocrx_word' id='word_1_309' title='bbox 664 2406 776 2426; x_wconf 79' lang='lat' dir='ltr'>conve-</span> 
     </span>
     <span class='ocr_line' id='line_1_51' title="bbox 105 2439 778 2480; baseline -0.004 -8"><span class='ocrx_word' id='word_1_310' title='bbox 105 2441 249 2479; x_wconf 69' lang='lat' dir='ltr'>niue‚ut</span> <span class='ocrx_word' id='word_1_311' title='bbox 270 2441 460 2472; x_wconf 73' lang='lat' dir='ltr'>auctoritate</span> <span class='ocrx_word' id='word_1_312' title='bbox 486 2445 612 2480; x_wconf 87' lang='lat' dir='ltr'>patrum</span> <span class='ocrx_word' id='word_1_313' title='bbox 636 2439 778 2479; x_wconf 80' lang='lat' dir='ltr'>quinque</span> 
     </span>
     <span class='ocr_line' id='line_1_52' title="bbox 105 2481 775 2524; baseline -0.004 -9"><span class='ocrx_word' id='word_1_314' title='bbox 105 2483 223 2514; x_wconf 68' lang='lat' dir='ltr'>tribuni</span> <span class='ocrx_word' id='word_1_315' title='bbox 242 2483 344 2524; x_wconf 70' lang='lat' dir='ltr'>plebis</span> <span class='ocrx_word' id='word_1_316' title='bbox 359 2483 496 2515; x_wconf 77' lang='lat' dir='ltr'>comitiis</span> <span class='ocrx_word' id='word_1_317' title='bbox 511 2481 697 2513; x_wconf 80' lang='lat' dir='ltr'>centuriatis</span> <span class='ocrx_word' id='word_1_318' title='bbox 713 2492 775 2512; x_wconf 88' lang='lat' dir='ltr'>crc-</span> 
     </span>
     <span class='ocr_line' id='line_1_53' title="bbox 106 2525 776 2566; baseline -0.003 -9"><span class='ocrx_word' id='word_1_319' title='bbox 106 2530 247 2563; x_wconf 70' lang='lat' dir='ltr'>arentur,</span> <span class='ocrx_word' id='word_1_320' title='bbox 260 2526 375 2565; x_wconf 70' lang='lat' dir='ltr'>singuli</span> <span class='ocrx_word' id='word_1_321' title='bbox 397 2536 437 2556; x_wconf 84' lang='lat' dir='ltr'>ex</span> <span class='ocrx_word' id='word_1_322' title='bbox 461 2525 593 2566; x_wconf 72' lang='lat' dir='ltr'>singulis</span> <span class='ocrx_word' id='word_1_323' title='bbox 615 2525 776 2555; x_wconf 60' lang='lat' dir='ltr'>clumihus.</span> 
     </span>
     <span class='ocr_line' id='line_1_54' title="bbox 108 2567 776 2608; baseline -0.001 -9"><span class='ocrx_word' id='word_1_324' title='bbox 108 2568 224 2599; x_wconf 68' lang='lat' dir='ltr'>zonat.</span> <span class='ocrx_word' id='word_1_325' title='bbox 241 2568 291 2600; x_wconf 85' lang='lat' dir='ltr'>vii.</span> <span class='ocrx_word' id='word_1_326' title='bbox 313 2577 358 2608; x_wconf 79' lang='lat'>15.</span> <span class='ocrx_word' id='word_1_327' title='bbox 381 2568 451 2600; x_wconf 78' lang='lat' dir='ltr'>infr.</span> <span class='ocrx_word' id='word_1_328' title='bbox 477 2569 506 2600; x_wconf 91' lang='lat' dir='ltr'>ii.</span> <span class='ocrx_word' id='word_1_329' title='bbox 529 2571 578 2608; x_wconf 76' lang='lat'>58.</span> <span class='ocrx_word' id='word_1_330' title='bbox 605 2569 720 2599; x_wconf 68' lang='lat' dir='ltr'>Ancon.</span> <span class='ocrx_word' id='word_1_331' title='bbox 745 2567 776 2598; x_wconf 85' lang='lat' dir='ltr'>in</span> 
     </span>
     <span class='ocr_line' id='line_1_55' title="bbox 108 2610 777 2651; baseline -0.001 -9"><span class='ocrx_word' id='word_1_332' title='bbox 108 2610 177 2642; x_wconf 83' lang='lat' dir='ltr'>Cic.</span> <span class='ocrx_word' id='word_1_333' title='bbox 189 2611 285 2642; x_wconf 89' lang='lat' dir='ltr'>Corn.</span> <span class='ocrx_word' id='word_1_334' title='bbox 310 2611 426 2642; x_wconf 69' lang='lat' dir='ltr'>Postea</span> <span class='ocrx_word' id='word_1_335' title='bbox 439 2621 596 2642; x_wconf 73' lang='lat' dir='ltr'>veronna.</span> <span class='ocrx_word' id='word_1_336' title='bbox 611 2619 670 2651; x_wconf 78' lang='lat'>297</span> <span class='ocrx_word' id='word_1_337' title='bbox 687 2610 727 2640; x_wconf 74' lang='lat'>11.</span> <span class='ocrx_word' id='word_1_338' title='bbox 739 2612 777 2641; x_wconf 64' lang='lat' dir='ltr'>(J.</span> 
     </span>
     <span class='ocr_line' id='line_1_56' title="bbox 108 2652 778 2691; baseline -0.001 -8"><span class='ocrx_word' id='word_1_339' title='bbox 108 2658 239 2684; x_wconf 72' lang='lat' dir='ltr'>cautum</span> <span class='ocrx_word' id='word_1_340' title='bbox 256 2657 315 2690; x_wconf 69' lang='lat' dir='ltr'>est,</span> <span class='ocrx_word' id='word_1_341' title='bbox 329 2658 365 2684; x_wconf 80' lang='lat' dir='ltr'>ut</span> <span class='ocrx_word' id='word_1_342' title='bbox 381 2654 446 2684; x_wconf 87' lang='lat' dir='ltr'>bini</span> <span class='ocrx_word' id='word_1_343' title='bbox 463 2664 501 2684; x_wconf 87' lang='lat' dir='ltr'>ex</span> <span class='ocrx_word' id='word_1_344' title='bbox 519 2653 652 2691; x_wconf 67' lang='lat' dir='ltr'>singuli»</span> <span class='ocrx_word' id='word_1_345' title='bbox 674 2652 778 2683; x_wconf 56' lang='lat' dir='ltr'>chuisi-</span> 
     </span>
     <span class='ocr_line' id='line_1_57' title="bbox 110 2696 779 2736; baseline -0.004 -10"><span class='ocrx_word' id='word_1_346' title='bbox 110 2697 169 2727; x_wconf 72' lang='lat' dir='ltr'>bun</span> <span class='ocrx_word' id='word_1_347' title='bbox 194 2700 385 2727; x_wconf 67' lang='lat' dir='ltr'>crearentur.</span> <span class='ocrx_word' id='word_1_348' title='bbox 437 2696 511 2726; x_wconf 85' lang='lat' dir='ltr'>Hoc</span> <span class='ocrx_word' id='word_1_349' title='bbox 537 2707 665 2736; x_wconf 83' lang='lat' dir='ltr'>quoque</span> <span class='ocrx_word' id='word_1_350' title='bbox 694 2706 779 2726; x_wconf 80' lang='lat' dir='ltr'>anno</span> 
     </span>
     <span class='ocr_line' id='line_1_58' title="bbox 108 2737 778 2778; baseline -0.003 -9"><span class='ocrx_word' id='word_1_351' title='bbox 108 2738 206 2770; x_wconf 73' lang='lat' dir='ltr'>creati</span> <span class='ocrx_word' id='word_1_352' title='bbox 236 2743 310 2768; x_wconf 77' lang='lat' dir='ltr'>mmt</span> <span class='ocrx_word' id='word_1_353' title='bbox 336 2739 401 2769; x_wconf 90' lang='lat' dir='ltr'>duo</span> <span class='ocrx_word' id='word_1_354' title='bbox 429 2740 546 2769; x_wconf 68' lang='lat' dir='ltr'>aedile-n</span> <span class='ocrx_word' id='word_1_355' title='bbox 573 2739 700 2778; x_wconf 74' lang='lat' dir='ltr'>plebeii,</span> <span class='ocrx_word' id='word_1_356' title='bbox 725 2737 778 2777; x_wconf 83' lang='lat' dir='ltr'>qui</span> 
     </span>
     <span class='ocr_line' id='line_1_59' title="bbox 108 2780 780 2821; baseline -0.003 -9"><span class='ocrx_word' id='word_1_357' title='bbox 108 2781 180 2812; x_wconf 74' lang='lat' dir='ltr'>aedi</span> <span class='ocrx_word' id='word_1_358' title='bbox 197 2780 320 2812; x_wconf 65' lang='lat' dir='ltr'>Cereris</span> <span class='ocrx_word' id='word_1_359' title='bbox 342 2786 533 2821; x_wconf 63' lang='lat' dir='ltr'>praec-ment,</span> <span class='ocrx_word' id='word_1_360' title='bbox 549 2780 580 2811; x_wconf 91' lang='lat' dir='ltr'>in</span> <span class='ocrx_word' id='word_1_361' title='bbox 597 2791 692 2820; x_wconf 81' lang='lat' dir='ltr'>quum</span> <span class='ocrx_word' id='word_1_362' title='bbox 715 2791 780 2810; x_wconf 87' lang='lat' dir='ltr'>om-</span> 
     </span>
     <span class='ocr_line' id='line_1_60' title="bbox 109 2823 779 2864; baseline -0.006 -8"><span class='ocrx_word' id='word_1_363' title='bbox 109 2823 163 2856; x_wconf 73' lang='lat' dir='ltr'>nia</span> <span class='ocrx_word' id='word_1_364' title='bbox 179 2823 346 2864; x_wconf 66' lang='lat' dir='ltr'>plebia-itu</span> <span class='ocrx_word' id='word_1_365' title='bbox 362 2824 597 2856; x_wconf 69' lang='lat' dir='ltr'>deferebantur.</span> <span class='ocrx_word' id='word_1_366' title='bbox 609 2828 640 2853; x_wconf 85' lang='lat' dir='ltr'>ct</span> <span class='ocrx_word' id='word_1_367' title='bbox 657 2823 709 2862; x_wconf 87' lang='lat' dir='ltr'>qui</span> <span class='ocrx_word' id='word_1_368' title='bbox 727 2833 779 2853; x_wconf 83' lang='lat' dir='ltr'>nn-</span> 
     </span>
     <span class='ocr_line' id='line_1_61' title="bbox 108 2865 783 2907; baseline -0.006 -9"><span class='ocrx_word' id='word_1_369' title='bbox 108 2877 226 2898; x_wconf 79' lang='lat' dir='ltr'>nonum</span> <span class='ocrx_word' id='word_1_370' title='bbox 264 2872 480 2907; x_wconf 74' lang='lat' dir='ltr'>procurarent,</span> <span class='ocrx_word' id='word_1_371' title='bbox 511 2866 602 2896; x_wconf 70' lang='lat' dir='ltr'>ludos</span> <span class='ocrx_word' id='word_1_372' title='bbox 642 2865 783 2905; x_wconf 66' lang='lat' dir='ltr'>plebeios</span> 
     </span>
     <span class='ocr_line' id='line_1_62' title="bbox 109 2908 781 2949; baseline -0.006 -8"><span class='ocrx_word' id='word_1_373' title='bbox 109 2910 252 2946; x_wconf 77' lang='lat' dir='ltr'>oderent,</span> <span class='ocrx_word' id='word_1_374' title='bbox 273 2915 305 2940; x_wconf 81' lang='lat' dir='ltr'>et</span> <span class='ocrx_word' id='word_1_375' title='bbox 329 2920 440 2940; x_wconf 69' lang='lat' dir='ltr'>caum</span> <span class='ocrx_word' id='word_1_376' title='bbox 464 2908 616 2949; x_wconf 65' lang='lat' dir='ltr'>permis-flu</span> <span class='ocrx_word' id='word_1_377' title='bbox 641 2908 781 2938; x_wconf 85' lang='lat' dir='ltr'>tribuno-</span> 
     </span>
     <span class='ocr_line' id='line_1_63' title="bbox 110 2951 783 2987; baseline -0.004 -3"><span class='ocrx_word' id='word_1_378' title='bbox 110 2962 180 2984; x_wconf 84' lang='lat' dir='ltr'>rum</span> <span class='ocrx_word' id='word_1_379' title='bbox 212 2952 400 2987; x_wconf 72' lang='lat' dir='ltr'>iudicarent.</span> <span class='ocrx_word' id='word_1_380' title='bbox 428 2952 512 2983; x_wconf 82' lang='lat' dir='ltr'>unde</span> <span class='ocrx_word' id='word_1_381' title='bbox 539 2951 635 2982; x_wconf 79' lang='lat' dir='ltr'>ctiam</span> <span class='ocrx_word' id='word_1_382' title='bbox 662 2951 783 2982; x_wconf 66' lang='lat' dir='ltr'>iudices</span> 
     </span>
    </p>
   </div>
   <div class='ocr_carea' id='block_1_22' title="bbox 816 1752 1498 2991">
    <p class='ocr_par' dir='ltr' id='par_1_23' title="bbox 816 1752 1213 1793">
     <span class='ocr_line' id='line_1_64' title="bbox 816 1752 1213 1793; baseline -0.003 -9"><span class='ocrx_word' id='word_1_383' title='bbox 816 1753 932 1793; x_wconf 86' lang='lat' dir='ltr'>Pomp.</span> <span class='ocrx_word' id='word_1_384' title='bbox 950 1753 990 1783; x_wconf 86' lang='lat' dir='ltr'>dc</span> <span class='ocrx_word' id='word_1_385' title='bbox 1008 1752 1061 1783; x_wconf 83' lang='lat' dir='ltr'>Or.</span> <span class='ocrx_word' id='word_1_386' title='bbox 1082 1752 1146 1783; x_wconf 92' lang='lat' dir='ltr'>Iur.</span> <span class='ocrx_word' id='word_1_387' title='bbox 1166 1762 1213 1783; x_wconf 82' lang='lat'>21.</span> 
     </span>
    </p>

    <p class='ocr_par' dir='ltr' id='par_1_24' title="bbox 816 1793 1494 1962">
     <span class='ocr_line' id='line_1_65' title="bbox 862 1793 1489 1835; baseline -0.005 -8"><span class='ocrx_word' id='word_1_388' title='bbox 862 1795 882 1827; x_wconf 90' lang='lat'><strong>6</strong></span> <span class='ocrx_word' id='word_1_389' title='bbox 906 1796 940 1826; x_wconf 68' lang='lat' dir='ltr'>(J.</span> <span class='ocrx_word' id='word_1_390' title='bbox 966 1796 1129 1833; x_wconf 73' lang='lat' dir='ltr'>Licinius]</span> <span class='ocrx_word' id='word_1_391' title='bbox 1169 1806 1221 1835; x_wconf 81' lang='lat' dir='ltr'>ap.</span> <span class='ocrx_word' id='word_1_392' title='bbox 1248 1793 1432 1825; x_wconf 75' lang='lat' dir='ltr'>Asc-onium.</span> <span class='ocrx_word' id='word_1_393' title='bbox 1458 1798 1489 1824; x_wconf 84' lang='lat' dir='ltr'>ct</span> 
     </span>
     <span class='ocr_line' id='line_1_66' title="bbox 817 1838 1489 1878; baseline -0.004 -8"><span class='ocrx_word' id='word_1_394' title='bbox 817 1839 915 1870; x_wconf 89' lang='lat' dir='ltr'>Dion.</span> <span class='ocrx_word' id='word_1_395' title='bbox 934 1838 1067 1878; x_wconf 74' lang='lat' dir='ltr'>legimus</span> <span class='ocrx_word' id='word_1_396' title='bbox 1079 1839 1248 1875; x_wconf 69' lang='lat' dir='ltr'>Sicinium,</span> <span class='ocrx_word' id='word_1_397' title='bbox 1260 1838 1315 1868; x_wconf 85' lang='lat' dir='ltr'>sed</span> <span class='ocrx_word' id='word_1_398' title='bbox 1328 1839 1489 1868; x_wconf 72' lang='lat' dir='ltr'>Licinium</span> 
     </span>
     <span class='ocr_line' id='line_1_67' title="bbox 816 1880 1494 1922; baseline -0.004 -10"><span class='ocrx_word' id='word_1_399' title='bbox 816 1892 868 1922; x_wconf 87' lang='lat' dir='ltr'>ap.</span> <span class='ocrx_word' id='word_1_400' title='bbox 888 1882 969 1922; x_wconf 70' lang='lat' dir='ltr'>Lyd.</span> <span class='ocrx_word' id='word_1_401' title='bbox 987 1882 1027 1912; x_wconf 87' lang='lat' dir='ltr'>dc</span> <span class='ocrx_word' id='word_1_402' title='bbox 1048 1882 1136 1921; x_wconf 68' lang='lat' dir='ltr'>Mag.</span> <span class='ocrx_word' id='word_1_403' title='bbox 1161 1881 1180 1912; x_wconf 93' lang='lat' dir='ltr'>i.</span> <span class='ocrx_word' id='word_1_404' title='bbox 1204 1893 1255 1920; x_wconf 84' lang='lat'>44.</span> <span class='ocrx_word' id='word_1_405' title='bbox 1279 1880 1334 1920; x_wconf 90' lang='lat' dir='ltr'>qui</span> <span class='ocrx_word' id='word_1_406' title='bbox 1359 1880 1494 1917; x_wconf 74' lang='lat' dir='ltr'>Gaium,</span> 
     </span>
     <span class='ocr_line' id='line_1_68' title="bbox 818 1923 1471 1962; baseline -0.002 -7"><span class='ocrx_word' id='word_1_407' title='bbox 818 1925 867 1956; x_wconf 80' lang='lat' dir='ltr'>vel</span> <span class='ocrx_word' id='word_1_408' title='bbox 885 1924 1126 1960; x_wconf 79' lang='lat' dir='ltr'>Gracchanum,</span> <span class='ocrx_word' id='word_1_409' title='bbox 1141 1928 1304 1954; x_wconf 79' lang='lat' dir='ltr'>auctorem</span> <span class='ocrx_word' id='word_1_410' title='bbox 1321 1923 1471 1962; x_wconf 82' lang='lat' dir='ltr'>sequitur.</span> 
     </span>
    </p>

    <p class='ocr_par' dir='ltr' id='par_1_25' title="bbox 818 1966 1495 2347">
     <span class='ocr_line' id='line_1_69' title="bbox 863 1966 1492 2007; baseline -0.002 -9"><span class='ocrx_word' id='word_1_411' title='bbox 863 1976 879 2007; x_wconf 85' lang='lat'>7</span> <span class='ocrx_word' id='word_1_412' title='bbox 903 1969 938 1998; x_wconf 97' lang='lat' dir='ltr'>L.</span> <span class='ocrx_word' id='word_1_413' title='bbox 966 1968 1123 2005; x_wconf 76' lang='lat' dir='ltr'>Albinus]</span> <span class='ocrx_word' id='word_1_414' title='bbox 1160 1968 1324 2003; x_wconf 77' lang='lat' dir='ltr'>Albinius,</span> <span class='ocrx_word' id='word_1_415' title='bbox 1356 1966 1492 1997; x_wconf 77' lang='lat' dir='ltr'>Nieblir.</span> 
     </span>
     <span class='ocr_line' id='line_1_70' title="bbox 819 2009 1492 2050; baseline -0.004 -9"><span class='ocrx_word' id='word_1_416' title='bbox 819 2012 881 2050; x_wconf 75' lang='lat' dir='ltr'>Ap.</span> <span class='ocrx_word' id='word_1_417' title='bbox 896 2012 1012 2041; x_wconf 79' lang='lat' dir='ltr'>Ascon.</span> <span class='ocrx_word' id='word_1_418' title='bbox 1027 2012 1064 2041; x_wconf 91' lang='lat' dir='ltr'>L.</span> <span class='ocrx_word' id='word_1_419' title='bbox 1082 2011 1211 2047; x_wconf 77' lang='lat' dir='ltr'>Iunius,</span> <span class='ocrx_word' id='word_1_420' title='bbox 1228 2010 1282 2040; x_wconf 81' lang='lat' dir='ltr'>sed</span> <span class='ocrx_word' id='word_1_421' title='bbox 1298 2009 1358 2039; x_wconf 76' lang='lat' dir='ltr'>lioc</span> <span class='ocrx_word' id='word_1_422' title='bbox 1375 2019 1492 2039; x_wconf 89' lang='lat' dir='ltr'>nomen</span> 
     </span>
     <span class='ocr_line' id='line_1_71' title="bbox 818 2052 1493 2084; baseline -0.004 0"><span class='ocrx_word' id='word_1_423' title='bbox 818 2064 837 2083; x_wconf 84' lang='lat' dir='ltr'>u</span> <span class='ocrx_word' id='word_1_424' title='bbox 872 2053 1022 2084; x_wconf 84' lang='lat' dir='ltr'>Manutio</span> <span class='ocrx_word' id='word_1_425' title='bbox 1056 2057 1176 2083; x_wconf 84' lang='lat' dir='ltr'>temere</span> <span class='ocrx_word' id='word_1_426' title='bbox 1214 2052 1350 2082; x_wconf 87' lang='lat' dir='ltr'>inlatum</span> <span class='ocrx_word' id='word_1_427' title='bbox 1385 2056 1493 2082; x_wconf 84' lang='lat' dir='ltr'>censet</span> 
     </span>
     <span class='ocr_line' id='line_1_72' title="bbox 820 2094 1492 2134; baseline -0.003 -8"><span class='ocrx_word' id='word_1_428' title='bbox 820 2095 967 2130; x_wconf 73' lang='lat' dir='ltr'>Niebhr...</span> <span class='ocrx_word' id='word_1_429' title='bbox 991 2095 1045 2134; x_wconf 86' lang='lat' dir='ltr'>qui</span> <span class='ocrx_word' id='word_1_430' title='bbox 1077 2095 1107 2125; x_wconf 88' lang='lat' dir='ltr'>in</span> <span class='ocrx_word' id='word_1_431' title='bbox 1138 2094 1208 2125; x_wconf 80' lang='lat' dir='ltr'>MS.</span> <span class='ocrx_word' id='word_1_432' title='bbox 1237 2095 1387 2125; x_wconf 83' lang='lat' dir='ltr'>Laurent.</span> <span class='ocrx_word' id='word_1_433' title='bbox 1414 2095 1492 2124; x_wconf 83' lang='lat' dir='ltr'>Lac-</span> 
     </span>
     <span class='ocr_line' id='line_1_73' title="bbox 819 2137 1494 2177; baseline -0.004 -8"><span class='ocrx_word' id='word_1_434' title='bbox 819 2140 921 2169; x_wconf 76' lang='lat' dir='ltr'>tinius</span> <span class='ocrx_word' id='word_1_435' title='bbox 954 2137 1014 2177; x_wconf 76' lang='lat' dir='ltr'>legi</span> <span class='ocrx_word' id='word_1_436' title='bbox 1047 2137 1134 2171; x_wconf 80' lang='lat' dir='ltr'>dicit,</span> <span class='ocrx_word' id='word_1_437' title='bbox 1164 2138 1249 2176; x_wconf 79' lang='lat' dir='ltr'>quod</span> <span class='ocrx_word' id='word_1_438' title='bbox 1279 2138 1313 2167; x_wconf 89' lang='lat' dir='ltr'>L.</span> <span class='ocrx_word' id='word_1_439' title='bbox 1342 2137 1494 2167; x_wconf 71' lang='lat' dir='ltr'>Albinius</span> 
     </span>
     <span class='ocr_line' id='line_1_74' title="bbox 820 2180 1494 2211; baseline -0.003 0"><span class='ocrx_word' id='word_1_440' title='bbox 820 2182 999 2211; x_wconf 70' lang='lat' dir='ltr'>confirmat.</span> <span class='ocrx_word' id='word_1_441' title='bbox 1052 2182 1087 2210; x_wconf 90' lang='lat' dir='ltr'>L.</span> <span class='ocrx_word' id='word_1_442' title='bbox 1127 2181 1258 2210; x_wconf 83' lang='lat' dir='ltr'>Iunium</span> <span class='ocrx_word' id='word_1_443' title='bbox 1299 2180 1436 2209; x_wconf 78' lang='lat' dir='ltr'>Brutum</span> <span class='ocrx_word' id='word_1_444' title='bbox 1475 2190 1494 2209; x_wconf 84' lang='lat' dir='ltr'>a</span> 
     </span>
     <span class='ocr_line' id='line_1_75' title="bbox 823 2221 1493 2254; baseline -0.003 0"><span class='ocrx_word' id='word_1_445' title='bbox 823 2224 919 2254; x_wconf 79' lang='lat' dir='ltr'>Dion.</span> <span class='ocrx_word' id='word_1_446' title='bbox 937 2223 1068 2253; x_wconf 75' lang='lat' dir='ltr'>omnino</span> <span class='ocrx_word' id='word_1_447' title='bbox 1085 2223 1195 2253; x_wconf 80' lang='lat' dir='ltr'>fictum</span> <span class='ocrx_word' id='word_1_448' title='bbox 1213 2223 1308 2252; x_wconf 66' lang='lat' dir='ltr'>fuisse</span> <span class='ocrx_word' id='word_1_449' title='bbox 1335 2222 1419 2252; x_wconf 82' lang='lat' dir='ltr'>idem</span> <span class='ocrx_word' id='word_1_450' title='bbox 1449 2221 1493 2252; x_wconf 92' lang='lat' dir='ltr'>iu-</span> 
     </span>
     <span class='ocr_line' id='line_1_76' title="bbox 821 2264 1495 2306; baseline -0.001 -9"><span class='ocrx_word' id='word_1_451' title='bbox 821 2267 917 2297; x_wconf 81' lang='lat' dir='ltr'>dicat.</span> <span class='ocrx_word' id='word_1_452' title='bbox 953 2267 972 2297; x_wconf 89' lang='lat' dir='ltr'>i.</span> <span class='ocrx_word' id='word_1_453' title='bbox 998 2277 1028 2306; x_wconf 90' lang='lat' dir='ltr'>p.</span> <span class='ocrx_word' id='word_1_454' title='bbox 1050 2265 1122 2296; x_wconf 87' lang='lat'>606.</span> <span class='ocrx_word' id='word_1_455' title='bbox 1169 2265 1307 2295; x_wconf 76' lang='lat' dir='ltr'>Sicinius</span> <span class='ocrx_word' id='word_1_456' title='bbox 1336 2275 1355 2295; x_wconf 81' lang='lat' dir='ltr'>a</span> <span class='ocrx_word' id='word_1_457' title='bbox 1388 2264 1495 2295; x_wconf 81' lang='lat' dir='ltr'>Dione</span> 
     </span>
     <span class='ocr_line' id='line_1_77' title="bbox 821 2307 1493 2347; baseline -0.003 -7"><span class='ocrx_word' id='word_1_458' title='bbox 821 2309 920 2341; x_wconf 76' lang='lat' dir='ltr'>Caius</span> <span class='ocrx_word' id='word_1_459' title='bbox 937 2314 1076 2339; x_wconf 81' lang='lat' dir='ltr'>vocatur.</span> <span class='ocrx_word' id='word_1_460' title='bbox 1105 2309 1144 2339; x_wconf 84' lang='lat' dir='ltr'>cf.</span> <span class='ocrx_word' id='word_1_461' title='bbox 1164 2307 1237 2339; x_wconf 78' lang='lat' dir='ltr'>Dio.</span> <span class='ocrx_word' id='word_1_462' title='bbox 1258 2308 1410 2347; x_wconf 78' lang='lat' dir='ltr'>Execrpt.</span> <span class='ocrx_word' id='word_1_463' title='bbox 1428 2307 1493 2338; x_wconf 82' lang='lat' dir='ltr'>xiii.</span> 
     </span>
    </p>

    <p class='ocr_par' dir='ltr' id='par_1_26' title="bbox 821 2351 1497 2691">
     <span class='ocr_line' id='line_1_78' title="bbox 869 2351 1495 2390; baseline -0.003 -7"><span class='ocrx_word' id='word_1_464' title='bbox 869 2353 887 2383; x_wconf 91' lang='lat'>8</span> <span class='ocrx_word' id='word_1_465' title='bbox 916 2353 995 2382; x_wconf 73' lang='lat' dir='ltr'>Cum</span> <span class='ocrx_word' id='word_1_466' title='bbox 1018 2353 1146 2383; x_wconf 74' lang='lat' dir='ltr'>Latinis</span> <span class='ocrx_word' id='word_1_467' title='bbox 1159 2375 1166 2383; x_wconf 90' lang='lat'>.</span> <span class='ocrx_word' id='word_1_468' title='bbox 1180 2375 1187 2382; x_wconf 91' lang='lat'>.</span> <span class='ocrx_word' id='word_1_469' title='bbox 1202 2375 1208 2381; x_wconf 95' lang='lat'>.</span> <span class='ocrx_word' id='word_1_470' title='bbox 1223 2352 1374 2390; x_wconf 72' lang='lat' dir='ltr'>‚soe&#39;dusl</span> <span class='ocrx_word' id='word_1_471' title='bbox 1421 2351 1495 2381; x_wconf 85' lang='lat' dir='ltr'>lloc</span> 
     </span>
     <span class='ocr_line' id='line_1_79' title="bbox 823 2393 1495 2435; baseline -0.003 -10"><span class='ocrx_word' id='word_1_472' title='bbox 823 2395 995 2435; x_wconf 88' lang='lat' dir='ltr'>plurimum</span> <span class='ocrx_word' id='word_1_473' title='bbox 1034 2395 1074 2424; x_wconf 85' lang='lat' dir='ltr'>ad</span> <span class='ocrx_word' id='word_1_474' title='bbox 1113 2404 1225 2434; x_wconf 80' lang='lat' dir='ltr'>pacem</span> <span class='ocrx_word' id='word_1_475' title='bbox 1257 2393 1339 2423; x_wconf 85' lang='lat' dir='ltr'>intcr</span> <span class='ocrx_word' id='word_1_476' title='bbox 1368 2393 1495 2423; x_wconf 75' lang='lat' dir='ltr'>ordines</span> 
     </span>
     <span class='ocr_line' id='line_1_80' title="bbox 821 2436 1496 2476; baseline 0 -9"><span class='ocrx_word' id='word_1_477' title='bbox 821 2438 1056 2470; x_wconf 84' lang='lat' dir='ltr'>conciliandam</span> <span class='ocrx_word' id='word_1_478' title='bbox 1079 2437 1214 2467; x_wconf 53' lang='lat' dir='ltr'>valuisse</span> <span class='ocrx_word' id='word_1_479' title='bbox 1239 2442 1329 2476; x_wconf 78' lang='lat' dir='ltr'>putat</span> <span class='ocrx_word' id='word_1_480' title='bbox 1349 2436 1496 2472; x_wconf 66' lang='lat' dir='ltr'>Niebhn,</span> 
     </span>
     <span class='ocr_line' id='line_1_81' title="bbox 822 2479 1496 2520; baseline 0 -11"><span class='ocrx_word' id='word_1_481' title='bbox 822 2481 875 2520; x_wconf 82' lang='lat' dir='ltr'>qui</span> <span class='ocrx_word' id='word_1_482' title='bbox 899 2486 1029 2512; x_wconf 81' lang='lat' dir='ltr'>auctore</span> <span class='ocrx_word' id='word_1_483' title='bbox 1055 2480 1150 2511; x_wconf 75' lang='lat' dir='ltr'>bion.</span> <span class='ocrx_word' id='word_1_484' title='bbox 1174 2479 1212 2510; x_wconf 67' lang='lat' dir='ltr'>xi.</span> <span class='ocrx_word' id='word_1_485' title='bbox 1237 2489 1289 2518; x_wconf 74' lang='lat'>05,</span> <span class='ocrx_word' id='word_1_486' title='bbox 1314 2479 1395 2509; x_wconf 84' lang='lat' dir='ltr'>inter</span> <span class='ocrx_word' id='word_1_487' title='bbox 1416 2479 1496 2509; x_wconf 71' lang='lat' dir='ltr'>alia.-</span> 
     </span>
     <span class='ocr_line' id='line_1_82' title="bbox 822 2522 1495 2563; baseline -0.004 -9"><span class='ocrx_word' id='word_1_488' title='bbox 822 2524 1022 2554; x_wconf 73' lang='lat' dir='ltr'>conditloncs</span> <span class='ocrx_word' id='word_1_489' title='bbox 1054 2528 1182 2563; x_wconf 72' lang='lat' dir='ltr'>pactum</span> <span class='ocrx_word' id='word_1_490' title='bbox 1215 2522 1311 2552; x_wconf 69' lang='lat' dir='ltr'>fnisse</span> <span class='ocrx_word' id='word_1_491' title='bbox 1341 2522 1430 2557; x_wconf 75' lang='lat' dir='ltr'>dicit,</span> <span class='ocrx_word' id='word_1_492' title='bbox 1462 2526 1495 2552; x_wconf 79' lang='lat' dir='ltr'>ut</span> 
     </span>
     <span class='ocr_line' id='line_1_83' title="bbox 824 2565 1494 2604; baseline -0.004 -8"><span class='ocrx_word' id='word_1_493' title='bbox 824 2566 930 2597; x_wconf 75' lang='lat' dir='ltr'>Latini</span> <span class='ocrx_word' id='word_1_494' title='bbox 960 2566 1164 2604; x_wconf 79' lang='lat' dir='ltr'>Romanique</span> <span class='ocrx_word' id='word_1_495' title='bbox 1189 2565 1346 2595; x_wconf 82' lang='lat' dir='ltr'>auxilium</span> <span class='ocrx_word' id='word_1_496' title='bbox 1375 2565 1415 2595; x_wconf 80' lang='lat' dir='ltr'>ad</span> <span class='ocrx_word' id='word_1_497' title='bbox 1441 2565 1494 2595; x_wconf 87' lang='lat' dir='ltr'>do—</span> 
     </span>
     <span class='ocr_line' id='line_1_84' title="bbox 822 2608 1497 2640; baseline -0.006 -1"><span class='ocrx_word' id='word_1_498' title='bbox 822 2609 970 2640; x_wconf 67' lang='lat' dir='ltr'>mesticas</span> <span class='ocrx_word' id='word_1_499' title='bbox 1002 2608 1174 2639; x_wconf 74' lang='lat' dir='ltr'>seditiones</span> <span class='ocrx_word' id='word_1_500' title='bbox 1195 2608 1353 2638; x_wconf 76' lang='lat' dir='ltr'>sedandas</span> <span class='ocrx_word' id='word_1_501' title='bbox 1384 2613 1497 2638; x_wconf 82' lang='lat' dir='ltr'>mutuo</span> 
     </span>
     <span class='ocr_line' id='line_1_85' title="bbox 823 2651 1274 2691; baseline -0.004 -9"><span class='ocrx_word' id='word_1_502' title='bbox 823 2653 950 2683; x_wconf 85' lang='lat' dir='ltr'>ferrent.</span> <span class='ocrx_word' id='word_1_503' title='bbox 977 2651 1111 2682; x_wconf 82' lang='lat' dir='ltr'>Niebhr.</span> <span class='ocrx_word' id='word_1_504' title='bbox 1128 2651 1158 2682; x_wconf 86' lang='lat' dir='ltr'>ii.</span> <span class='ocrx_word' id='word_1_505' title='bbox 1177 2661 1206 2691; x_wconf 91' lang='lat' dir='ltr'>p.</span> <span class='ocrx_word' id='word_1_506' title='bbox 1229 2659 1274 2690; x_wconf 79' lang='lat'>¹7.</span> 
     </span>
    </p>

    <p class='ocr_par' dir='ltr' id='par_1_27' title="bbox 824 2692 1497 2948">
     <span class='ocr_line' id='line_1_86' title="bbox 866 2692 1496 2735; baseline -0.002 -11"><span class='ocrx_word' id='word_1_507' title='bbox 866 2704 886 2735; x_wconf 93' lang='lat'>9</span> <span class='ocrx_word' id='word_1_508' title='bbox 909 2695 1024 2732; x_wconf 62' lang='grc' dir='ltr'>Παίων]</span> <span class='ocrx_word' id='word_1_509' title='bbox 1052 2693 1167 2724; x_wconf 74' lang='lat' dir='ltr'>Guium</span> <span class='ocrx_word' id='word_1_510' title='bbox 1184 2703 1237 2733; x_wconf 77' lang='lat' dir='ltr'>ap.</span> <span class='ocrx_word' id='word_1_511' title='bbox 1256 2692 1353 2724; x_wconf 84' lang='lat' dir='ltr'>Dion.</span> <span class='ocrx_word' id='word_1_512' title='bbox 1370 2696 1401 2723; x_wconf 84' lang='lat' dir='ltr'>ct</span> <span class='ocrx_word' id='word_1_513' title='bbox 1420 2693 1496 2724; x_wconf 84' lang='lat' dir='ltr'>Plu-</span> 
     </span>
     <span class='ocr_line' id='line_1_87' title="bbox 824 2735 1496 2776; baseline -0.001 -9"><span class='ocrx_word' id='word_1_514' title='bbox 824 2737 937 2772; x_wconf 80' lang='lat' dir='ltr'>tarch..</span> <span class='ocrx_word' id='word_1_515' title='bbox 961 2738 1106 2767; x_wconf 74' lang='lat' dir='ltr'>Gnaeum</span> <span class='ocrx_word' id='word_1_516' title='bbox 1132 2746 1206 2766; x_wconf 73' lang='lat' dir='ltr'>vero</span> <span class='ocrx_word' id='word_1_517' title='bbox 1228 2746 1279 2776; x_wconf 82' lang='lat' dir='ltr'>ap.</span> <span class='ocrx_word' id='word_1_518' title='bbox 1304 2735 1442 2767; x_wconf 79' lang='lat' dir='ltr'>Dionem</span> <span class='ocrx_word' id='word_1_519' title='bbox 1464 2740 1496 2766; x_wconf 83' lang='lat' dir='ltr'>ct</span> 
     </span>
     <span class='ocr_line' id='line_1_88' title="bbox 827 2778 1497 2819; baseline -0.001 -9"><span class='ocrx_word' id='word_1_520' title='bbox 827 2780 856 2810; x_wconf 88' lang='lat' dir='ltr'>in</span> <span class='ocrx_word' id='word_1_521' title='bbox 876 2779 1019 2819; x_wconf 61' lang='lat' dir='ltr'>pluribus</span> <span class='ocrx_word' id='word_1_522' title='bbox 1034 2778 1112 2809; x_wconf 73' lang='lat' dir='ltr'>Livii</span> <span class='ocrx_word' id='word_1_523' title='bbox 1129 2779 1224 2810; x_wconf 79' lang='lat' dir='ltr'>MSS.</span> <span class='ocrx_word' id='word_1_524' title='bbox 1237 2782 1347 2809; x_wconf 75' lang='lat' dir='ltr'>extare</span> <span class='ocrx_word' id='word_1_525' title='bbox 1362 2783 1497 2809; x_wconf 75' lang='lat' dir='ltr'>testatur</span> 
     </span>
     <span class='ocr_line' id='line_1_89' title="bbox 828 2821 1495 2862; baseline -0.001 -9"><span class='ocrx_word' id='word_1_526' title='bbox 828 2822 974 2858; x_wconf 60' lang='lat' dir='ltr'>Niebhr„</span> <span class='ocrx_word' id='word_1_527' title='bbox 990 2822 1043 2862; x_wconf 84' lang='lat' dir='ltr'>qui</span> <span class='ocrx_word' id='word_1_528' title='bbox 1059 2821 1189 2852; x_wconf 74' lang='lat' dir='ltr'>arbitrio</span> <span class='ocrx_word' id='word_1_529' title='bbox 1204 2821 1360 2852; x_wconf 86' lang='lat' dir='ltr'>editorum</span> <span class='ocrx_word' id='word_1_530' title='bbox 1378 2832 1495 2852; x_wconf 89' lang='lat' dir='ltr'>nomen</span> 
     </span>
     <span class='ocr_line' id='line_1_90' title="bbox 826 2864 1496 2904; baseline 0.001 -9"><span class='ocrx_word' id='word_1_531' title='bbox 826 2870 1059 2895; x_wconf 76' lang='lat' dir='ltr'>commutatum</span> <span class='ocrx_word' id='word_1_532' title='bbox 1078 2865 1174 2895; x_wconf 68' lang='lat' dir='ltr'>suisne</span> <span class='ocrx_word' id='word_1_533' title='bbox 1191 2868 1292 2904; x_wconf 76' lang='lat' dir='ltr'>putat.</span> <span class='ocrx_word' id='word_1_534' title='bbox 1320 2864 1358 2896; x_wconf 83' lang='lat' dir='ltr'>cf.</span> <span class='ocrx_word' id='word_1_535' title='bbox 1373 2864 1496 2896; x_wconf 81' lang='lat' dir='ltr'>Duker.</span> 
     </span>
     <span class='ocr_line' id='line_1_91' title="bbox 827 2906 1390 2948; baseline 0.004 -10"><span class='ocrx_word' id='word_1_536' title='bbox 827 2907 857 2939; x_wconf 88' lang='lat' dir='ltr'>in</span> <span class='ocrx_word' id='word_1_537' title='bbox 877 2908 961 2939; x_wconf 84' lang='lat' dir='ltr'>Flor.</span> <span class='ocrx_word' id='word_1_538' title='bbox 979 2908 998 2939; x_wconf 90' lang='lat' dir='ltr'>i.</span> <span class='ocrx_word' id='word_1_539' title='bbox 1015 2907 1046 2939; x_wconf 84' lang='lat' dir='ltr'>ii.</span> <span class='ocrx_word' id='word_1_540' title='bbox 1070 2907 1205 2939; x_wconf 80' lang='lat' dir='ltr'>Nicbhr.</span> <span class='ocrx_word' id='word_1_541' title='bbox 1222 2906 1254 2939; x_wconf 88' lang='lat' dir='ltr'>ii.</span> <span class='ocrx_word' id='word_1_542' title='bbox 1272 2917 1302 2948; x_wconf 89' lang='lat' dir='ltr'>p.</span> <span class='ocrx_word' id='word_1_543' title='bbox 1320 2917 1390 2948; x_wconf 73' lang='lat'>234.</span> 
     </span>
    </p>

    <p class='ocr_par' dir='ltr' id='par_1_28' title="bbox 875 2951 1498 2991">
     <span class='ocr_line' id='line_1_92' title="bbox 875 2951 1498 2991; baseline 0.003 -9"><span class='ocrx_word' id='word_1_544' title='bbox 875 2960 883 2982; x_wconf 85' lang='grc'>1</span> <span class='ocrx_word' id='word_1_545' title='bbox 913 2953 954 2982; x_wconf 74' lang='lat' dir='ltr'>ln</span> <span class='ocrx_word' id='word_1_546' title='bbox 982 2951 1147 2991; x_wconf 59' lang='lat' dir='ltr'>pro-Amal</span> <span class='ocrx_word' id='word_1_547' title='bbox 1188 2951 1283 2988; x_wconf 80' lang='lat' dir='ltr'>Loca,</span> <span class='ocrx_word' id='word_1_548' title='bbox 1315 2951 1362 2981; x_wconf 81' lang='lat' dir='ltr'>vel</span> <span class='ocrx_word' id='word_1_549' title='bbox 1392 2955 1498 2991; x_wconf 69' lang='lat' dir='ltr'>parle-</span> 
     </span>
    </p>
   </div>
   <div class='ocr_carea' id='block_1_23' title="bbox 1499 1031 1685 1159">
    <p class='ocr_par' dir='ltr' id='par_1_29' title="bbox 1499 1031 1685 1159">
     <span class='ocr_line' id='line_1_93' title="bbox 1500 1031 1671 1065; baseline -0.018 0"><span class='ocrx_word' id='word_1_550' title='bbox 1500 1034 1538 1065; x_wconf 88' lang='lat' dir='ltr'>C.</span> <span class='ocrx_word' id='word_1_551' title='bbox 1555 1031 1671 1063; x_wconf 87' lang='lat' dir='ltr'>Marcii</span> 
     </span>
     <span class='ocr_line' id='line_1_94' title="bbox 1500 1076 1674 1116; baseline -0.017 -10"><span class='ocrx_word' id='word_1_552' title='bbox 1500 1086 1597 1116; x_wconf 84' lang='lat' dir='ltr'>opera</span> <span class='ocrx_word' id='word_1_553' title='bbox 1613 1076 1674 1107; x_wconf 91' lang='lat' dir='ltr'>Co-</span> 
     </span>
     <span class='ocr_line' id='line_1_95' title="bbox 1499 1118 1685 1159; baseline -0.011 -9"><span class='ocrx_word' id='word_1_554' title='bbox 1499 1118 1570 1150; x_wconf 85' lang='lat' dir='ltr'>rioli</span> <span class='ocrx_word' id='word_1_555' title='bbox 1588 1118 1685 1159; x_wconf 86' lang='lat' dir='ltr'>capti.</span> 
     </span>
    </p>
   </div>
  </div>
 </body>
</html>
