1934 3211
589 143 712 185 LIB.
746 143 801 184 X.
849 143 994 185 CAP.
1029 148 1094 186 25.
1449 150 1530 189 585

158 235 327 277 Etruria
355 235 490 276 literas
520 235 725 283 audirent,
746 234 916 275 comitio
947 235 1054 276 abit:
1093 250 1171 276 nec
1202 237 1359 278 minore
1390 238 1534 295 populi
1549 246 1592 279 U.
1609 247 1646 278 C.
1663 256 1736 287 457·

155 307 373 342 consensu,
407 307 533 348 quam
568 300 747 341 senatus,
783 291 995 348 provincia
1031 291 1199 334 Etruria
1231 303 1348 336 extra
1382 304 1534 338 sortem
1547 291 1587 321 A.
1610 290 1648 321 C.
1667 299 1739 331 ²9⁵·

247 351 255 358 ‚
1548 332 1648 363 Fabio
1662 338 1753 363 extra

158 349 285 392 Fabm
305 349 471 391 decreta
489 358 562 390 est.
1547 380 1662 406 sortem
1679 375 1732 405 da-

216 407 455 449 Concursus
474 406 572 448 inde
593 406 647 448 ad
667 405 880 448 consulem
897 406 1027 448 faetus
1048 407 1236 448 omnium
1251 407 1380 450 ferme
1401 410 1537 452 iunio—
1548 423 1600 448 tur
1615 417 1753 448 Etruria.

155 479 271 506 rum:
325 474 368 506 et
399 479 474 521 pro
503 480 546 506 se
579 464 755 521 quisque
786 464 958 506 nomina
989 464 1154 506 dabant.
1217 464 1355 507 Tanta
1384 468 1537 523 cupido
1618 462 1684 501 25·

152 531 243 564 erat
282 523 358 564 sub
398 537 448 564 eo
488 522 594 564 duce
635 523 684 564 sti
717 521 841 564 endia
878 521 1069 564 faciendi.
1135 521 1232 571 Qua
1266 523 1538 566 circumfusus

157 580 289 630 turba,
327 586 339 604 ‘
358 580 568 628 Quattuor
607 580 679 621 mil
699 580 761 629 'a‚’
795 579 946 636 inquit,
981 580 1199 636 ‘peditum
1239 590 1282 622 et
1320 592 1539 624 sexcentos

158 643 170 662 ‘
185 638 346 694 equites
367 638 571 679 duntaxat
591 638 766 679 seribere
788 637 831 678 in
859 637 998 679 animo
1026 647 1110 680 est:
1143 637 1348 680 hodierno
1369 648 1411 681 et
1431 654 1539 681 cras-

158 696 274 737 ‘tino
306 695 374 738 die
411 696 483 752 qui
518 695 689 737 nomina
719 695 929 745 dederitis,
963 711 1128 737 meeum
1160 695 1322 738 ducam.
1384 696 1539 739 Maiori

157 753 289 795 ‘mihi
319 769 441 796 curae
477 762 551 804 est,
583 762 629 795 ut
659 768 803 795 omnes
831 752 1059 809 locupletes
1089 753 1298 804 reducam,
1333 770 1460 811 quam
1491 762 1539 796 ut

127 817 170 859 3‘
185 811 326 853 multis
354 827 441 853 rem
467 826 608 868 geram
629 810 854 852 militibus?
912 811 1129 852 Profectus
1157 820 1254 868 apto
1275 813 1476 863 exercitu,
1498 822 1540 854 et
1552 821 1718 870 Fabius-in

155 884 207 911 eo
227 869 320 926 plus
339 869 515 911 fiduciae
544 884 590 910 ac
617 868 706 925 spei
725 878 910 925 gerente,
933 868 1046 925 quod
1071 884 1157 910 non
1177 869 1409 912 desiderata
1434 870 1748 924 mul-143¹”0‘Jmelam

157 927 295 969 titudo
315 936 416 977 erat,
434 927 487 968 ad
508 927 709 983 oppidum
727 926 955 975 Aharnam,
973 926 1086 968 unde
1107 926 1220 968 haud
1236 927 1380 983 procul
1400 928 1541 970 hostes
1553 912 1649 939 xemt.

156 994 288 1035 erant,
309 985 363 1027 ad
382 995 513 1026 castra
535 984 666 1041 Appii
693 984 893 1040 praetoris
913 984 1060 1041 pergit.
1122 984 1272 1027 Paucis
1296 986 1399 1027 eitra
1418 985 1542 1027 milh'-

158 1042 235 1084 bus
254 1042 477 1100 lignatores
498 1043 536 1084 ei
565 1057 660 1083 cum
684 1041 890 1098 praesidio
915 1051 1161 1083 occurrunt:
1195 1043 1281 1099 qui,
1303 1053 1351 1085 ut
1377 1043 1541 1086 lictores

187 1100 375 1157 raegredi
410 1100 617 1149 viderunt,
654 1098 913 1156 Fabiumque
949 1114 1036 1141 esse
1073 1100 1287 1142 consulem
1328 1116 1539 1158 accepere,

157 1115 255 1200 iaeti
287 1167 412 1215 atque
443 1157 596 1199 alacres
627 1157 706 1198 diis
737 1157 977 1214 populoque
1008 1157 1200 1199 Romano
1232 1167 1369 1215 grates
1397 1168 1539 1216 agunt,

158 1215 273 1272 quod
293 1231 391 1258 eum
411 1216 488 1257 sibi
513 1215 804 1272 imperatorem
832 1215 1048 1257 misissent.
1113 1214 1366 1257 Circumfusi
1387 1216 1540 1259 deinde

157 1289 289 1330 quum
310 1273 522 1316 consulem
550 1273 789 1322 salutarent,
811 1273 974 1329 quaerit
994 1272 1157 1323 Fabius,
1180 1289 1264 1330 quo
1295 1284 1540 1330 pergerent3

157 1331 605 1388 respondentibusque,
636 1330 839 1387 lignatum
871 1346 913 1372 se
945 1331 1017 1380 ire,
1041 1331 1145 1372 ‘ain’
1173 1331 1368 1382 tandem,’
1390 1332 1542 1388 inquit,

161 1395 289 1430 ‘num
319 1398 451 1432 castra
476 1389 625 1430 vallata
654 1404 740 1430 non
771 1389 977 1430 habetis?’
1013 1389 1086 1430 Ad
1117 1389 1195 1430 hoc
1226 1405 1356 1445 quum
1387 1389 1544 1431 succla—

159 1456 318 1489 matum
348 1457 467 1497 esset,
495 1446 678 1503 ‘duplici
709 1446 880 1502 quidem
906 1446 1025 1497 vallo,
1048 1456 1090 1488 et
1120 1447 1236 1497 fossa,
1258 1456 1301 1489 et
1332 1455 1470 1489 tamen
1499 1448 1543 1488 in

161 1505 342 1561 ‘ingenti
356 1515 470 1546 metu
479 1520 584 1546 esse:
622 1504 796 1546 Habetis
810 1504 961 1560 igitur,’
970 1504 1120 1560 inquit,
1132 1510 1142 1528 ‘
1151 1505 1305 1546 affatim
1314 1504 1540 1561 lignorum:

162 1568 172 1587 ‘
188 1562 333 1613 redite,
351 1572 393 1604 et
412 1562 551 1604 vellite
572 1561 751 1603 vallum!
812 1561 1011 1603 Redeunt
1031 1562 1075 1602 in
1096 1571 1239 1612 castra,
1262 1570 1544 1619 terroremque

161 1620 232 1670 ibi,
246 1620 446 1662 vellentes
461 1620 627 1669 vallum,
645 1629 686 1661 et
704 1620 764 1669 iis,
779 1620 852 1675 qui
870 1620 912 1660 in
929 1619 1072 1661 castris
1087 1628 1382 1670 remanserant,
1401 1620 1543 1662 militi-

160 1678 250 1727 buS,
271 1687 314 1720 et
334 1678 412 1735 ipsi
439 1679 478 1719 A
511 1678 580 1734 pio
602 1678 799 1719 fecerunt.
862 1676 974 1718 Tum
996 1692 1071 1733 pro
1095 1692 1138 1719 se
1160 1677 1337 1734 quisque
1359 1677 1427 1720 alii
1455 1678 1544 1720 aliis

160 1735 312 1785 dicere,
332 1741 343 1760 ‘
356 1750 455 1777 cons
501 1736 536 1776 is
555 1750 598 1777 sc
618 1735 671 1783 Q.
693 1734 808 1776 Fabii
821 1734 955 1776 facere
978 1735 1115 1776 iussu?
1160 1735 1334 1777 Postero
1355 1735 1453 1777 inde
1475 1735 1543 1777 die

160 1802 293 1836 castra
321 1802 446 1843 mota,
477 1802 520 1835 et
556 1793 721 1850 Appius
756 1802 921 1849 praetor
955 1792 1134 1834 Romam
1170 1793 1374 1835 dimissus.
1436 1793 1542 1835 Inde

161 1866 367 1908 nusquam
394 1852 542 1893 stativa
570 1850 772 1892 Romanis
793 1851 920 1892 fuere.
984 1849 1178 1906 Negabat
1205 1851 1306 1892 utile
1335 1866 1436 1900 esse,
1459 1867 1544 1892 uno

162 1909 253 1952 loco
287 1909 429 1951 sedere
465 1909 717 1950 exercitum:
761 1908 977 1949 itineribus
1012 1923 1059 1948 ac
1093 1909 1322 1949 mutatione
1358 1908 1544 1950 locorum

163 1967 421 2009 mobiliorem
455 1981 502 2007 ac
537 1965 805 2006 salubriorem
838 1979 938 2005 esse.
1001 1964 1177 2006 Fiebant
1209 1974 1348 2006 autem
1382 1966 1544 2016 itinera,

163 2034 320 2080 quanta
340 2023 429 2064 ficri
460 2024 618 2064 sinebat
650 2022 782 2063 hiems
813 2021 924 2062 haud
953 2021 1053 2063 dum
1084 2031 1240 2063 exacta.
1304 2022 1414 2064 Vere
1446 2023 1544 2065 inde

131 2081 311 2138 4pri1no‚
334 2080 477 2122 relicta
505 2079 688 2121 secunda
719 2079 880 2134 legione
912 2079 964 2120 ad
997 2079 1202 2129 Clusium,
1225 2080 1339 2136 quod
1372 2080 1545 2122 Camars

165 2139 264 2181 olim
285 2156 307 2181 a
340 2138 558 2195 pellabant‚
577 2137 893 2193 praepositoque
911 2137 1050 2177 castris
1073 2137 1120 2178 L.
1140 2138 1205 2178 sci
1224 2138 1335 2180 wione
1351 2153 1545 2203 proprae-

167 2207 267 2246 tore,
300 2154 477 2238 liiomam
507 2196 591 2251 ipse
623 2195 675 2235 ad
708 2194 1027 2235 consultandum
1056 2195 1108 2236 de
1141 2153 1248 2236 helio
1282 2195 1425 2237 rediit:
1459 2196 1543 2238 sive
1559 2206 1657 2236 Redit
1677 2207 1740 2237 Ro-

166 2255 252 2312 ipse
284 2263 429 2311 sponte
461 2269 545 2301 sua,
569 2253 666 2308 quia
691 2251 845 2294 belluni
878 2253 915 2293 ei
947 2253 1078 2294 maius
1110 2253 1150 2294 iu
1182 2264 1408 2309 conspectu
1444 2264 1542 2303 erat,
1558 2258 1641 2309 ¹f¹³¹¹¹¹
1659 2250 1699 2280 ‘¹⁴¹

164 2329 290 2370 quam
313 2321 515 2368 quantum
537 2326 622 2351 csse
644 2310 775 2351 famae
797 2310 1051 2355 credideratz
1084 2311 1167 2352 sive
1189 2311 1544 2354 senatusconsulto
1558 2293 1738 2365 arzugitan-

166 2371 343 2414 accitus:
378 2385 472 2411 nam
491 2369 533 2409 in
556 2378 777 2424 utrumque
791 2377 980 2410 auctores
1000 2378 1106 2409 sunt.
1172 2368 1240 2409 Ab
1263 2368 1344 2425 Ap.
1364 2369 1544 2411 Claudio
1560 2377 1654 2409 bello.

212 2535 230 2565 3
253 2525 354 2565 ΛΡΜ]
383 2523 456 2553 Non
479 2521 607 2561 copioso
623 2520 763 2559 quidem,
779 2520 832 2550 sod

879 2519 1054 2559 Καμερτίων
1070 2520 1154 2560 χώρᾳ
1168 2521 1246 2550 bueo
1262 2521 1402 2552 ‹ww-nim:
1419 2521 1524 2552 scribit
1540 2535 1547 2557 ς

167 2568 209 2599 ad
226 2577 291 2598 rem
308 2567 388 2597 bene
404 2565 572 2603 gerendum
588 2563 701 2593 idoneo
714 2568 744 2593 et
758 2568 833 2602 apte

879 2564 951 2592 urba
975 2574 1102 2602 ‘pioque
1124 2564 1190 2597 illu,
1213 2564 1264 2593 uhi
1293 2564 1373 2601 logio
1399 2564 1477 2594 linet·
1502 2575 1546 2594 re-

169 2609 356 2650 componito.
384 2609 489 2639 1)(ιιῑιι.

213 2665 231 2693 4
256 2653 495 2690 Q11od('nmurx
517 2651 587 2679 alim
609 2649 833 2689 appellabunt}

172 2696 301 2735 Nempe
331 2694 408 2725 Liuii
442 2704 520 2723 nevo
548 2702 722 2728 cognomen
756 2691 833 2721 illud

170 2739 361 2769 exoleverat.
415 2736 560 2765 elusium
596 2745 666 2764 xero
697 2746 714 2764 ιι
742 2734 833 2764 'sn-le-

171 2781 285 2812 macho
301 2779 464 2810 conditum
483 2778 625 2808 truditur.
650 2778 688 2806 vs.
707 2778 792 2806 Serv.
807 2787 835 2806 ιιι

172 2826 252 2856 Aen.
270 2834 299 2854 x.
322 2822 457 2861 162⁸«st
478 2821 601 2851 Linum
620 2820 669 2849 hic
687 2819 716 2849 in
734 2830 836 2849 efron·

173 2872 328 2897 remitum
355 2865 450 2894 suim·
482 2868 585 2893 censet
612 2862 766 2893 Niebuhr.
795 2862 835 2892 iii.

171 2920 201 2942 n.
218 2908 290 2949 637.
307 2908 425 2948 quippe
451 2907 603 2945 Polybius
627 2906 656 2936 ii.
679 2915 722 2945 tr).
746 2905 778 2935 dv
798 2906 836 2944 τῇ

882 2606 955 2635 licta
972 2612 1050 2641 erut,
1067 2606 1149 2636 hund
1168 2606 1263 2637 «lubic
1280 2606 1548 2638 leumanisnmicn

880 2654 958 2681 emt.
971 2654 1079 2678 contra
1091 2656 1197 2679 nutem
1210 2653 1221 2678 ‹
1232 2649 1335 2680 'lusini
1350 2650 1430 2680 inter
1444 2650 1549 2681 hostes

884 2691 1046 2721 Romano-⁴
1078 2698 1340 2725 annuum-munit.
1378 2692 1446 2723 int'r.
1482 2702 1521 2732 30
1538 2706 1547 2728 ς

882 2734 965 2763 unde
982 2734 1106 2764 coniicit
1127 2735 1320 2764 Niebuhriu»
1334 2737 1549 2770 Vnum-rimam.

883 2777 990 2806 urbem
1026 2778 1222 2807 (mummium
1258 2778 1464 2814 vmbrorum,
1495 2779 1548 2817 qui

886 2820 1038 2849 Romania
1065 2821 1139 2850 meni
1169 2821 1343 2851 tim-limum
1370 2826 1472 2859 erunt,
1497 2821 1548 2851 hic

883 2862 1026 2900 inu-uiui.
1049 2863 1092 2894 iii.
1111 2874 1139 2894 ιι.
1153 2863 1224 2902 637.
1254 2863 1395 2895 Frontin.
1412 2865 1548 2902 straten.

883 2914 900 2935 ι.
915 2908 942 2936 ὃ.
