1934 3211
376 197 461 236 380
895 194 1045 237 ΤΙΤΙ
1081 193 1260 236 LIVII

341 311 349 319 ·
378 289 390 307 ‘
406 283 595 326 Videsne
617 285 689 335 tu,’
710 285 861 341 inquit,
881 290 893 310 ‘
907 286 960 327 A.
980 285 1215 342 Semproni,
1237 285 1318 327 loci
1345 284 1513 326 fortuna
1532 283 1624 326 illos
1643 283 1771 325 fretos

341 355 349 362 ·
378 341 456 382 ‘ad
490 341 645 383 Alliam
676 342 943 384 constitisse?
983 358 1061 384 nec
1092 342 1173 383 illis
1209 342 1269 383 dii
1300 341 1554 383 immortales
1585 340 1771 383 certioris

377 399 631 455 ‘quicquam
667 399 858 450 fiduciae,
893 400 1111 441 maiorisve
1143 399 1258 465 quod
1287 400 1340 441 sit
1371 399 1529 449 auxilii,
1561 398 1768 440 dederint.

377 461 389 479 ‘
402 457 463 497 At
484 465 542 506 tu,
563 457 694 498 fretus
715 457 838 498 armis
859 457 1106 513 animisque,
1129 457 1347 498 concitatis
1368 458 1488 512 equis
1509 456 1661 497 invade
1681 470 1771 496 me-

377 518 388 536 ‘
401 513 514 554 diam
536 515 694 555 aciem:
729 530 807 570 ego
828 530 925 555 011111
946 514 1218 569 legionibus
1208 530 1252 554 m
1284 515 1470 555 turbatos
1491 513 1771 577 trepidantes-

377 575 484 626 ‘que
506 571 681 612 inferam
702 571 831 627 signa.
895 571 1069 620 Adeste,
1085 571 1143 611 dii
1161 579 1287 612 testes
1305 571 1498 621 foederis,
1521 580 1563 612 et
1583 569 1770 627 expetite

378 632 575 684 ‘poenas,
598 628 760 669 debitas
781 628 906 668 simul
926 627 1041 668 vobis
1064 627 1238 677 violatis,
1260 628 1464 683 nobisque
1490 643 1567 684 per
1585 636 1770 669 vestrum
1783 638 1803 667 4

159 696 346 727 Vincuntur
378 690 561 726 ‘numen
583 685 780 740 deceptis.
786 685 795 701 '
856 684 957 725 Non
986 684 1186 740 equitem,
1208 699 1296 725 non
1322 685 1509 740 peditem
1536 685 1771 726 sustinuere

159 740 313 786 lssraenes-
377 742 662 783 Praenestini:
706 742 841 798 primo
877 742 1039 797 impetu
1072 755 1118 781 ac
1160 740 1339 782 clamore
1375 741 1564 797 dissipati
1603 741 1772 783 ordines

158 785 228 813 nm.
376 807 484 839 sunt.
548 799 676 848 Dein,
718 807 941 863 postquam
973 797 1090 838 nullo
1123 797 1215 839 1000
1248 799 1464 839 constabat
1497 800 1618 849 acies,
1655 807 1773 854 terga

375 864 568 904 vertunt3
602 856 956 912 consternatique,
980 863 1022 897 et
1043 863 1208 911 praeter
1229 864 1362 896 castra
1383 855 1509 897 etiam
1525 871 1598 897 sua
1620 870 1770 912 pavore

375 912 563 969 praelati,
586 928 672 954 non
692 914 808 969 prius
829 929 871 954 se
894 914 944 954 ab
974 913 1106 954 effuso
1127 928 1251 954 cursu
1272 913 1436 962 sistunt,
1459 928 1586 968 quam
1606 913 1652 953 in
1672 928 1772 954 con-

375 979 523 1026 spectu
550 970 777 1012 Praeneste
802 971 892 1012 fuit.
957 970 1022 1011 Ibi
1044 985 1098 1011 ex
1117 970 1219 1026 fuga
1246 970 1446 1027 dissipati,
1468 970 1621 1035 locum,
1644 984 1773 1026 quem

377 1027 650 1092 tumultuario
672 1043 797 1084 opere
820 1028 1143 1076 communirent,
1161 1028 1350 1084 capiunt:
1384 1043 1452 1076 ne,
1475 1028 1509 1069 si
1529 1028 1640 1069 intra
1659 1042 1774 1068 moe-

377 1084 448 1126 nia
468 1100 510 1126 se
540 1086 808 1142 recepissent,
831 1085 1044 1141 extemplo
1073 1093 1265 1126 ureretur
1292 1101 1401 1141 ager,
1424 1084 1773 1149 depopulatisque

379 1143 574 1183 omnibus
603 1143 764 1184 obsidio
792 1143 885 1184 urbi
911 1143 1146 1184 inferretur.
1214 1142 1310 1192 Sed,
1340 1151 1575 1199 postquam,
1598 1141 1774 1206 direptis

378 1199 433 1240 ad
454 1199 612 1240 Alliam
634 1201 789 1250 castris,
811 1201 944 1241 vietor
967 1200 1184 1241 Romanus
1205 1199 1305 1241 adel
1307 1209 1360 1250 at,
1378 1200 1423 1240 id
1444 1215 1612 1255 quoque
1634 1198 1774 1240 muni-

162 1261 294 1301 Oppida
379 1265 570 1298 mentum
591 1258 801 1299 relictum:
836 1267 891 1307 et,
909 1258 980 1298 vix
1002 1257 1169 1298 moenia
1190 1266 1280 1298 tuta
1301 1258 1390 1306 rati,
1409 1257 1564 1313 oppido
1581 1272 1624 1298 se
1646 1256 1774 1297 Prae-

159 1304 341 1376 ξέξξέιρὸᾔ
377 1323 495 1355 110310
514 1314 751 1356 1110111(111111.
817 1290 927 1356 Oc'to
955 1323 1171 1371 praeterea
1192 1314 1347 1370 oppida
1368 1325 1486 1355 erant
1513 1315 1590 1355 sub
1612 1313 1772 1355 ditione

159 1392 264 1428 capta.
378 1371 758 1413 Ρ130110311110111111.
810 1372 883 1413 Ad
899 1388 949 1414 ea
961 1372 1252 1413 cucumlatum
1265 1372 1441 1413 bellum
1476 1372 1773 1427 deincepsque,

376 1428 491 1468 haud
521 1444 674 1485 magno
710 1430 938 1471 certamine
975 1431 1119 1486 captis,
1152 1429 1334 1470 Velitras
1371 1429 1579 1470 exeieitus
1609 1428 1772 1469 ductus.

379 1485 465 1526 Eae
503 1501 671 1541 quoque
713 1496 1001 1543 expugnatae.
1046 1496 1135 1528 tum
1172 1487 1225 1527 ad
1262 1495 1388 1542 caput
1417 1486 1516 1527 belli
1547 1486 1774 1527 Praeneste

377 1550 561 1583 ventum.
626 1543 676 1583 Id
712 1559 798 1584 non
834 1560 887 1593 vi,
921 1544 995 1585 sed
1027 1560 1103 1600 per
1138 1544 1412 1593 deditionem,
1444 1552 1662 1599 receptum
1697 1551 1771 1584 est.

378 1598 430 1639 Γ.
451 1599 691 1664 Quinctius,
715 1601 843 1641 semel
859 1602 945 1641 acie
960 1602 1105 1650 110101,
1123 1602 1232 1642 binis
1249 1602 1391 1642 0331113
1409 1601 1606 1649 11031111111,
1621 1615 1774 1641 novem

377 1656 542 1712 oppidis
557 1657 598 1697 vi
619 1658 762 1713 captis,
786 1657 843 1697 Pi
845 1666 1010 1698 aeneste
1034 1659 1076 1699 in
1099 1658 1359 1699 deditionem
1381 1666 1565 1713 accepto,
1591 1657 1774 1698 Romam

161 1715 287 1755 Iupiter
299 1715 364 1745 Im·
377 1714 566 1754 revertit:
600 1715 945 1770 triumphansque
968 1715 1147 1770 signum,
1164 1715 1389 1755 Praeneste
1407 1715 1643 1763 devectum,
1661 1713 1773 1754 Iovis

159 1762 295 1797 perator.
378 1770 645 1826 Imperatoris
667 1772 708 1811 in
736 1771 994 1827 Capitolium
1024 1772 1130 1812 tulit.
1194 1771 1450 1812 Dedicatum
1476 1779 1538 1811 est
1559 1771 1670 1812 inter
1689 1770 1774 1811 cel-

375 1827 458 1868 lam
475 1827 585 1869 Iovis
599 1844 645 1869 30
664 1828 902 1876 Minervam
937 1829 1161 1884 tabulaque
1176 1829 1252 1869 sub
1269 1844 1319 1869 eo
1336 1828 1431 1877 fixa,
1451 1836 1773 1869 monumentum

376 1899 514 1925 rerum
536 1895 760 1941 gestarum,
784 1886 847 1926 his
868 1886 998 1926 ferme
1017 1886 1147 1926 1110133
1160 1886 1289 1926 literis
1305 1885 1406 1925 fuit:
1443 1891 1453 1908 ‘
1467 1884 1630 1941 Iupiter
1645 1897 1772 1940 atque

378 1947 389 1965 ‘
409 1942 495 1982 divi
517 1957 661 1984 omnes
679 1943 758 1983 hoc
783 1943 1005 1992 dederunt,
1029 1952 1075 1983 ut
1098 1943 1147 1984 T.
1169 1942 1396 1990 Quinctius
1418 1942 1597 1983 dictator
1618 1943 1805 1998 oppida5

379 2004 555 2040 ‘novem
577 2000 771 2055 caperet.’
832 1999 915 2040 Die
944 2000 1154 2049 vicesimo,
1178 2014 1304 2055 quam
1334 2008 1496 2040 creatus
1518 2007 1618 2049 erat,
1641 1999 1773 2041 dicta-

379 2064 470 2096 tura
490 2071 532 2097 se
555 2057 773 2098 abdicavit.

230 2117 296 2155 30.
439 2112 623 2155 Comitia
645 2114 743 2155 iude
766 2114 909 2155 habita
934 2115 1197 2155 tribunorum
1223 2114 1405 2155 militum
1426 2113 1633 2155 consulari
1655 2122 1775 2170 pote-

378 2177 500 2219 3131ος
535 2172 686 2226 quibus
700 2180 901 2227 aequatus
916 2172 1184 2227 patriciorum
1199 2171 1544 2227 plebeiorumque
1562 2187 1772 2213 numerus.

161 2238 206 2268 U.
223 2238 260 2268 (3.
280 2237 350 2277 376.
380 2227 447 2267 Ex
479 2228 673 2269 Patribus
699 2229 827 2269 creati
849 2229 895 2269 P.
926 2238 968 2269 et
1005 2228 1054 2270 C.
1076 2229 1241 2278 Manlii,
1264 2244 1361 2269 cum
1390 2228 1440 2269 L.
1460 2228 1596 2269 Iulio:
1630 2228 1775 2283 plebes
1788 2266 1809 2299 6

162 2282 199 2311 A.
223 2281 260 2312 C·
279 2279 349 2326 375·
382 2284 430 2326 C.
455 2284 689 2336 Sextilium,
721 2285 782 2327 M.
805 2285 1038 2335 Albinium,
1068 2286 1117 2327 L.
1140 2286 1372 2326 Antistium
1395 2285 1524 2327 dedit.
1587 2285 1773 2336 Manliis,
1791 2318 1808 2349 7

157 288 197 361 re:

196 288 259 363 020

277 294 338 370 ΞΞΞ

425 2431 444 2457 4
468 2421 537 2450 I'er
569 2424 709 2450 vestrum
744 2429 865 2449 numen
895 2420 1051 2458 deceptis]
1101 2419 1257 2450 excidisse
1281 2422 1397 2459 putant
1419 2419 1560 2450 Gronov,
1582 2422 1614 2449 et
1638 2418 1774 2451 Niebhr.

379 2462 447 2498 Qui
472 2471 570 2500 quum
599 2461 832 2491 confideremus
856 2461 975 2491 foederi
1004 2461 1054 2491 cui
1101 2462 1230 2491 Novem
1254 2462 1375 2501 oppida.
1397 2464 1556 2492 memorat
1576 2461 1673 2492 Dion.
1692 2461 1774 2493 Exc.

379 2507 518 2534 vestrum
553 2514 674 2533 numen
713 2504 909 2533 advocatum
940 2504 1055 2540 fuerat,
1102 2504 1177 2534 Vat.
1195 2504 1249 2534 xii.
1268 2505 1316 2534 28.
1338 2505 1393 2534 sed
1415 2504 1455 2534 de
1473 2503 1606 2534 Velitris
1621 2503 1703 2535 silet.
1734 2503 1774 2535 cf.

380 2545 481 2576 delusi
506 2556 615 2575 sumus
637 2556 656 2575 a
674 2545 858 2585 foedifragis
874 2546 1054 2576 Praenesti·
1101 2546 1217 2576 Festus
1235 2557 1261 2576 V.
1281 2547 1440 2577 Trientem
1457 2547 1596 2577 tertium.

377 2588 437 2619 nis.
485 2588 537 2618 Sic
553 2597 640 2626 supr.
656 2587 676 2618 i.
693 2597 722 2629 9.
744 2598 804 2627 per
819 2589 879 2626 sas
901 2598 939 2618 ao
953 2589 1054 2627 fidem
1141 2587 1160 2618 6
1184 2590 1233 2619 M.
1253 2589 1439 2626 Albinium]
1473 2589 1536 2618 I'ro
1559 2589 1688 2626 Asara-o,
1710 2589 1775 2619 Lu-

379 2631 510 2670 decepti.
535 2631 641 2661 CRssv.
1098 2632 1180 2661 cium
1196 2640 1247 2669 ap.
1260 2630 1356 2661 Diod.
1368 2641 1420 2661 xv.
1433 2638 1460 2670 5.
1474 2630 1642 2661 habemus.
1675 2631 1775 2666 Quod

424 2681 439 2711 5
464 2673 592 2712 Oppida
607 2683 716 2704 ‘novem
733 2674 878 2712 caperet]
903 2673 1056 2703 Testatur
1099 2672 1124 2702 si
1153 2672 1232 2703 fides
1256 2672 1401 2703 Diodoro
1423 2673 1530 2712 potius
1552 2673 1702 2702 habenda
1723 2672 1775 2709 sit,

381 2714 496 2745 Festus
511 2715 543 2744 in
560 2724 636 2744 voce
652 2716 808 2746 Trientem
827 2717 967 2751 tertium,
979 2715 1052 2745 scri-
1097 2715 1184 2745 hunc
1196 2716 1334 2745 eundem
1348 2719 1445 2753 atque
1458 2714 1661 2751 illum,cu.ius
1673 2714 1776 2753 pietas

380 2759 473 2794 ptum
498 2756 593 2786 fuisse
618 2756 651 2786 in
676 2757 737 2787 hac
759 2757 871 2787 tabula
891 2757 930 2788 T.
949 2757 1052 2793 Quin·
1099 2767 1183 2796 supr.
1202 2768 1228 2788 v.
1247 2767 1297 2795 40.
1319 2758 1480 2794 laudatur,
1503 2756 1600 2787 fuisse
1622 2755 1774 2787 verisimi-

381 2797 479 2827 ctium
496 2809 611 2828 novem
624 2799 718 2829 urbes
734 2809 791 2838 per
805 2809 920 2829 novem
935 2799 1013 2836 dies,
1024 2803 1055 2829 et
1101 2799 1163 2829 lius
1179 2799 1313 2829 videtur.
1339 2799 1474 2829 Niebhr.
1491 2798 1522 2829 ii.
1540 2809 1570 2830 n.
1591 2807 1679 2828 1201.

380 2839 493 2869 decim
488 2850 539 2869 1111
557 2841 731 2872 Praeneste
747 2840 877 2880 cepisse.
924 2842 967 2871 Et
985 2852 1054 2880 pro·
1146 2849 1160 2880 7
1184 2842 1300 2879 Dedit]
1340 2842 1416 2871 Duo
1441 2841 1505 2871 alia
1529 2840 1660 2871 nomina
1682 2838 1773 2869 addit

380 2881 464 2910 fecto
491 2881 551 2910 hoc
574 2883 719 2912 viluerat
744 2883 863 2917 Livius,
887 2883 911 2913 si
940 2894 996 2922 per
1020 2883 1054 2913 li-
1101 2883 1298 2923 Burgbcsius
1327 2894 1367 2913 ex
1400 2884 1524 2922 Fragm.
1553 2882 1638 2912 Fast.
1664 2881 1772 2919 Capit.

380 2921 498 2952 brarios
511 2922 618 2952 licuiss
615 2927 661 2954 ct.
679 2925 785 2955 Cnnv.
810 2927 932 2956 Diebus
945 2937 1052 2957 notem
1100 2924 1220 2956 scilicet
1243 2949 1248 2956 .
1266 2949 1272 2956 .
1292 2949 1298 2955 .
1317 2948 1323 2955 .
1342 2925 1527 2956 Erenucius
1550 2928 1579 2954 et
1600 2924 1639 2952 P.
1663 2923 1772 2954 Trebo-
