1934 3211
178 314 222 347 U.
240 316 278 348 C.
296 317 368 358 289.

175 358 217 389 A.
240 359 279 391 C.
295 358 368 400 463.

178 597 222 627 U.
239 598 278 628 C.
295 607 366 638 290.

175 639 215 670 A.
240 641 278 671 C.
295 640 367 679 462.

176 683 216 712 A.
235 683 349 712 Postu—

175 724 254 762 mio,
271 725 325 764 Sp.

175 766 274 797 Furio
291 768 381 799 Coss.

174 1061 311 1092 Antium

173 1103 302 1134 colonia

173 1151 336 1186 suspecta·

173 1692 293 1723 Furius

171 1736 247 1766 Cos.
263 1735 350 1765 male

171 1788 239 1809 rem
255 1778 345 1818 gerit.

172 2157 351 2188 obsidetur

169 2199 204 2231 in
221 2201 340 2232 castris.

399 224 482 266 150
915 219 1064 263 ΤΙΤΙ
1100 219 1280 262 LIVII

395 310 534 352 decim
562 310 773 361 dicuntur,
795 319 962 367 praeter
986 311 1108 352 orbos
1132 311 1349 366 orbasque.
1411 307 1464 350 In
1492 307 1656 364 Aequis
1684 304 1822 370 nihil4

395 367 551 409 deinde
572 369 842 410 memorabile
864 377 1015 409 actum.
1078 368 1128 411 In
1152 368 1308 424 oppida
1332 382 1406 408 sua
1426 382 1470 407 re
1492 379 1702 421 recepere,
1724 377 1790 403 un

394 440 468 467 sua
484 425 760 482 popularique
775 427 896 482 passi.
952 425 1126 475 Consul,
1145 440 1275 481 quum
1293 423 1513 480 aliquoties
1529 437 1604 479 per
1620 435 1790 463 omnem

393 483 577 524 hostium
599 498 744 539 agrum
766 484 917 524 infesto
938 483 1104 538 agmine
1125 481 1450 538 populabundus
1471 481 1582 530 isset,
1605 494 1702 521 cum
1725 478 1791 518 in-

393 541 510 596 genti
535 540 659 581 laude
684 541 924 596 praedaque
957 541 1137 581 Romam
1165 539 1302 580 rediit.
1367 537 1576 579 Consules
1606 536 1705 577 inde
1733 535 1787 575 A.

394 597 635 638 Postumius
658 598 807 647 Albus,
834 598 903 653 Sp.
928 597 1079 638 Furius
1108 596 1252 636 Fusus.
1315 595 1463 636 Furios
1487 594 1633 635 Fusios
1661 593 1821 648 scrip-5

394 670 484 696 sere
506 654 701 710 quidam:
736 655 780 695 id
802 655 1022 702 admoneo,
1045 669 1098 694 ne
1121 654 1216 709 quis
1244 652 1583 693 immutationem
1602 651 1790 691 virorum

393 712 578 768 ipsorum
612 727 713 762 esse,
748 727 855 767 quae
889 711 1109 751 nominum
1143 721 1217 760 est,
1254 718 1386 766 putet.
1449 708 1581 750 Haud
1613 707 1791 748 dubium

393 779 494 819 erat,
532 769 635 825 quin
672 784 768 809 cum
811 768 976 823 Aequis
1017 767 1121 808 alter
1160 767 1379 808 consulum
1414 766 1573 807 bellum
1612 771 1789 821 gereret.

394 826 544 882 Itaque
589 826 730 881 Aequi
767 826 819 866 ab
862 825 1082 866 Ecetranis
1117 824 1284 865 Volscis
1318 824 1575 880 praesidium
1615 821 1788 878 petiere.

398 883 496 931 Quo
513 883 665 938 cupide
688 882 841 932 oblato,
863 882 991 938 (adeo
1012 882 1201 923 civitates
1221 882 1300 923 hae
1329 890 1536 937 perpetuo
1556 880 1602 921 in
1632 879 1791 920 Roma-

393 955 470 981 nos
491 940 589 981 odio
611 940 843 992 certavere)
864 940 1022 981 bellum
1044 955 1207 980 summa
1227 939 1267 980 vi
1291 939 1525 995 parabatur.
1591 937 1792 979 Sentiunt

394 997 585 1047 Hernici,
620 1006 663 1038 et
697 998 947 1053 praedicunt
981 998 1196 1046 Romanis,
1232 996 1488 1038 Ecetranum
1525 996 1579 1037 ad
1614 994 1791 1050 Aequos

392 1054 583 1096 descisse.
649 1054 852 1111 Suspecta
883 1064 925 1096 et
955 1055 1120 1096 colonia
1149 1054 1330 1096 Antium
1365 1054 1458 1104 fuit,
1491 1053 1606 1110 quod
1638 1055 1822 1108 magna6

391 1112 452 1153 vis
469 1112 688 1153 hominum
706 1112 819 1163 inde,
838 1128 970 1168 quum
989 1112 1193 1169 oppidum
1210 1120 1380 1167 captum
1397 1120 1517 1161 esset,
1535 1109 1791 1166 confugisset

391 1169 445 1210 ad
467 1169 665 1226 Aequos:
700 1170 818 1225 isque
847 1170 967 1210 miles
995 1185 1071 1226 per
1091 1169 1250 1211 bellum
1280 1169 1523 1224 Aequicum
1543 1168 1611 1210 vel
1638 1166 1783 1208 acerri-

392 1241 485 1268 mus
512 1227 604 1268 fuit.
670 1226 911 1283 Compulsis
939 1227 1095 1268 deinde
1121 1228 1165 1267 in
1187 1226 1344 1283 oppida
1370 1225 1547 1282 Aequis,
1570 1241 1621 1267 ea
1646 1223 1790 1265 multi-

391 1284 496 1325 tudo
517 1284 679 1340 dilapsa
700 1300 831 1340 quum
855 1285 1035 1325 Antium
1057 1284 1246 1334 redisset,
1268 1299 1343 1324 sua
1362 1292 1510 1339 sponte
1531 1283 1615 1324 iam
1636 1281 1790 1323 infidos

391 1341 563 1382 colonos
593 1341 797 1383 Romanis
825 1342 1086 1383 abalienavit.
1151 1341 1350 1383 Necdum
1379 1349 1542 1382 matura
1567 1355 1627 1390 re,
1656 1353 1789 1395 quum

391 1398 673 1439 defectionem
694 1400 831 1455 parari
852 1399 1040 1440 delatum
1061 1399 1115 1440 ad
1136 1409 1328 1440 senatum
1350 1407 1470 1447 esset,
1493 1397 1638 1438 datum
1659 1411 1790 1452 nego-

392 1455 498 1496 tium
515 1465 578 1496 est
594 1456 847 1506 consulibus,
862 1465 922 1506 ut,
941 1457 1200 1513 principibus
1216 1456 1405 1498 coloniae
1428 1456 1610 1497 Romam
1626 1454 1788 1503 excitis,

391 1521 656 1568 quaererent,
690 1513 891 1569 quidnam
925 1514 985 1554 rei
1019 1523 1138 1555 essct.
1205 1513 1292 1561 Qui
1325 1529 1458 1569 quum
1488 1512 1603 1554 haud
1630 1511 1789 1568 gravati

391 1570 615 1620 venissent,
638 1570 868 1611 introducti
889 1586 914 1611 a
933 1571 1173 1612 consulibus
1195 1571 1248 1612 ad
1269 1580 1461 1612 senatum
1481 1571 1540 1612 ita
1561 1569 1791 1627 responde·

391 1636 490 1668 runt
511 1627 564 1668 ad
591 1627 858 1683 interrogata,
882 1636 929 1668 ut
957 1628 1088 1684 magis
1115 1628 1309 1684 suspecti,
1333 1644 1460 1684 quam
1484 1636 1701 1678 venerant,
1724 1627 1790 1668 di-

391 1684 669 1725 mitterentur.
714 1684 881 1725 Bellum
898 1685 996 1725 inde
1013 1685 1128 1726 haud
1144 1685 1321 1726 dubium
1335 1685 1491 1726 haberi.
1532 1685 1600 1741 Sp.
1622 1685 1786 1734 Furius,

391 1741 611 1783 consulum
644 1741 762 1793 alter,
797 1742 865 1783 cui
905 1758 956 1783 ea
994 1742 1209 1799 provincia
1248 1751 1458 1792 evenerat,
1495 1742 1708 1798 profectus
1742 1742 1788 1783 in

392 1798 580 1855 Aequos,
616 1798 901 1841 Hernicorum
933 1800 976 1840 in
1010 1815 1109 1856 agro
1141 1799 1490 1856 populabundum
1523 1800 1687 1841 hostem
1723 1799 1789 1840 in-

389 1857 532 1905 venit3
575 1856 828 1913 ignarusque
869 1857 1164 1907 multitudinis,
1208 1857 1307 1913 quia
1346 1872 1554 1913 nusquam
1594 1857 1790 1900 universa

390 1922 615 1970 conspecta
634 1914 782 1964 fuerat,
805 1914 1008 1970 imparem
1030 1914 1160 1970 copiis
1181 1914 1415 1955 exercitum
1440 1924 1597 1956 temere
1618 1930 1787 1971 pugnae

389 1971 609 2012 commisit.
672 1971 816 2012 Primo
856 1987 1065 2012 concursu
1097 1971 1241 2027 pulsus
1273 1987 1315 2012 se
1357 1972 1401 2012 in
1435 1980 1568 2013 castra
1602 1972 1784 2028 recepit:

390 2043 530 2084 neque
553 2028 586 2068 is
607 2028 703 2068 finis
730 2028 906 2084 periculi
933 2029 1024 2070 fuit.
1089 2028 1286 2085 Namque
1314 2038 1356 2070 et
1382 2030 1575 2086 proxima
1598 2040 1722 2071 nocte
1744 2037 1788 2072 et

390 2095 556 2140 postero
574 2085 642 2126 die
657 2094 774 2126 tanta
789 2086 830 2126 vi
845 2094 978 2127 eastra
990 2094 1088 2126 sunt
1102 2087 1372 2128 circumsessa
1388 2096 1513 2142 atque
1531 2096 1786 2143 oppugnata,

390 2151 438 2183 ut
458 2157 511 2183 ne
534 2142 707 2183 nuntius
729 2142 902 2198 quidem
923 2143 1022 2184 inde
1044 2144 1155 2184 mitti
1178 2144 1359 2185 Romam
1380 2152 1529 2200 posset.
1592 2143 1784 2196 Hernici,

390 2208 432 2240 et
472 2199 579 2241 male
622 2209 870 2256 pugnatum,
905 2209 947 2241 et
980 2201 1195 2242 consulem
1231 2202 1548 2257 exercitumque
1589 2202 1786 2252 obsideri,

388 2257 715 2298 nuntiaveruntx
760 2266 1008 2313 tantumque
1036 2268 1236 2299 terrorem
1261 2259 1470 2300 incussere
1502 2259 1708 2309 Patribus,
1738 2268 1787 2301 ut

386 2314 514 2370 (quae
556 2314 689 2356 forma
728 2315 1079 2356 senatusconsulti
1122 2315 1314 2372 ultimaeja
1327 2331 1493 2372 semper
1526 2317 1787 2359 necessitatis

430 2463 449 2490 4
472 2453 611 2483 Praeter
626 2452 715 2483 orbos
730 2451 900 2491 orbusque]
927 2449 1064 2487 Qui‚ut-

388 2497 464 2533 pote
480 2494 641 2524 immunes
658 2494 786 2531 militia,
801 2504 945 2523 annuum
961 2493 1063 2532 equit-

386 2536 458 2566 ibus
481 2536 689 2576 stipendium,
713 2546 755 2567 sc.
775 2547 829 2567 aes
849 2537 1066 2574 hordearium,

388 2579 583 2617 pendebant.
601 2589 686 2618 supr.
703 2579 723 2610 i.
740 2588 792 2617 43.

431 2629 447 2660 5
472 2623 589 2652 Furios
604 2622 735 2659 Fusios]
763 2623 783 2636 ⁸⁶
799 2621 838 2651 In
862 2620 973 2650 multis
997 2631 1062 2650 ver-

387 2662 446 2700 bis,
476 2663 508 2693 in
539 2664 655 2702 quibus
688 2662 811 2702 antiqui
848 2662 1000 2693 dicebant.
1028 2664 1062 2699 S,

388 2708 499 2742 postea
514 2706 626 2736 dieunt
641 2708 683 2743 R,
699 2710 735 2735 ut
756 2706 788 2735 in
806 2705 945 2736 carmine
962 2705 1061 2736 Salio-

386 2755 457 2775 rum
481 2752 554 2777 sunt
577 2748 669 2785 haec,
693 2748 818 2784 Dolosi,
839 2748 904 2777 Eso
920 2771 927 2777 .
945 2771 952 2778 .
970 2771 977 2778 .
997 2748 1061 2778 Ve-

387 2797 474 2824 nese,
501 2790 585 2827 quod
615 2791 743 2820 Venere
771 2794 855 2829 post,
880 2790 906 2820 F
909 2791 1061 2820 oerlesum

388 2828 580 2867 Foederum,
602 2832 745 2863 Plusima
771 2833 928 2869 Plurima,
945 2833 1060 2862 Melio-

387 2881 454 2900 sem
479 2872 682 2903 Meliorem.”
729 2875 781 2904 Ita
808 2875 897 2905 locus
919 2885 939 2904 a
962 2875 1060 2905 Scali-

385 2921 460 2950 gero
479 2915 669 2944 emendatus
684 2926 736 2954 ap.
755 2917 847 2946 Varr.
864 2917 904 2946 de
921 2917 958 2947 L.
977 2917 1013 2947 L.
1034 2925 1060 2956 7.

386 2956 407 2970 ‘⁶
422 2954 469 2986 Ut
486 2955 609 2986 Valesii
625 2960 657 2987 et
674 2957 761 2988 Fusii
782 2957 815 2988 in
834 2958 982 2990 Valerios
997 2959 1060 2991 Fu-

1109 2451 1236 2490 riosque
1261 2455 1428 2489 venerunt,
1454 2450 1500 2482 ita
1524 2452 1638 2490 Arbos,
1666 2452 1786 2491 Labos‚

1110 2494 1223 2533 Vapos
1253 2494 1363 2531 etiam,
1387 2498 1420 2524 et
1450 2495 1583 2525 Clamos
1618 2505 1656 2526 ac
1685 2495 1786 2527 Lases

1108 2537 1224 2566 aetatis
1234 2537 1398 2567 fuerunt.''
1415 2537 1549 2572 Quinct.
1557 2537 1576 2568 i.
1586 2549 1614 2576 4.
1642 2538 1699 2568 Ait
1709 2548 1784 2569 vero

1111 2579 1226 2618 Pomp.
1240 2579 1280 2609 dc
1294 2579 1348 2609 Or.
1360 2579 1444 2616 Jur.‚
1457 2579 1596 2618 primum
1610 2580 1673 2620 Ap.
1685 2581 1783 2612 Clau-

1107 2621 1196 2650 dium
1224 2621 1454 2652 Centimanum
1481 2623 1513 2652 R
1540 2622 1665 2652 literam
1695 2623 1782 2653 inve-

1106 2663 1189 2693 nisse
1205 2674 1279 2694 ann.
1293 2664 1335 2694 U.
1348 2664 1385 2694 C.
1398 2673 1469 2702 404.
1486 2665 1526 2695 de
1543 2675 1606 2703 quo
1623 2665 1784 2703 Muretus,

1106 2706 1126 2724 ‘⁶
1141 2706 1217 2736 Non
1235 2706 1297 2743 hic,
1313 2706 1456 2745 quisquis
1472 2710 1530 2744 est,
1547 2709 1577 2737 R
1593 2707 1719 2737 literam
1734 2707 1782 2737 in-

1108 2748 1204 2785 venit,
1228 2749 1282 2778 sed
1310 2749 1378 2778 fieri
1406 2752 1523 2788 potest,
1546 2753 1582 2779 ut
1604 2760 1696 2779 usum
1722 2749 1780 2779 ali-

1106 2801 1201 2829 quem
1219 2791 1286 2821 eius
1309 2791 1421 2821 literae
1443 2791 1600 2822 invenerit
1616 2792 1670 2831 qui
1693 2791 1782 2831 prius

1105 2843 1169 2863 non
1187 2836 1289 2863 e1·at.''

1147 2874 1168 2906 6
1191 2876 1321 2913 Alagma
1347 2877 1395 2906 vis
1421 2876 1600 2914 hominnm]
1645 2875 1779 2905 Volsco-

1105 2927 1175 2948 rum
1203 2917 1336 2953 seilicet„
1359 2919 1413 2957 qui
1437 2918 1564 2957 expulsi
1589 2927 1628 2948 ex
1652 2917 1780 2950 colonia

1105 2970 1163 2991 sua
1178 2959 1317 2993 reditum
1333 2959 1557 2991 moliebantur.
