1934 3211
597 127 722 169 LIB.
758 127 813 168 X.
861 126 1006 168 CAP.
1040 131 1106 168 34.
1472 131 1552 170 595

165 217 219 258 ad
239 219 469 260 exercitum
491 218 712 274 profectus,
735 218 786 258 ab
811 216 913 258 Sora
933 218 977 258 in
1002 217 1218 259 Samnium
1243 219 1297 259 ad
1317 227 1449 260 eastra
1468 219 1553 260 col·
1568 227 1610 259 U.
1628 228 1666 260 C.
1683 229 1755 268 458.

164 274 281 332 legae
321 275 516 332 perrexit.
589 275 696 316 Inde
728 284 950 331 postquam
986 274 1205 324 Samnites,
1239 275 1360 316 diffisi
1389 276 1552 318 duobus
1566 272 1604 301 A.
1629 272 1666 303 C·
1685 281 1755 312 ²94·

163 333 414 374 exercitibus
445 333 578 375 resisti
609 348 742 390 posse,
773 342 1058 381 recesserunt3
1091 332 1243 373 diversi
1275 333 1465 375 consules
1497 334 1551 375 ad

162 390 382 432 vastandos
402 405 521 447 agros
546 391 753 447 urbesque
782 390 1084 447 oppugnandas
1105 389 1339 431 discedunt.
1401 390 1550 433 Postu-
1634 393 1700 431 34.

162 447 271 489 mius
287 447 527 490 Milioniam
548 464 790 506 oppugnare
808 448 991 498 adortus,
1008 448 1049 489 vi
1071 448 1206 504 primo
1226 456 1352 503 atque
1374 447 1547 503 impetu,
1565 447 1670 495 qubes
1680 449 1768 479 Sam-

160 504 275 555 dein,
310 515 531 562 postquam
572 521 621 548 ea
659 522 806 563 parum
847 506 1142 562 procedebant,
1176 520 1301 562 opere
1338 519 1384 546 ac
1416 505 1549 547 vineis
1561 495 1676 563 {Zp-um
1692 502 1765 532 cap-

160 561 332 605 demum
353 563 552 606 iniunctis
572 579 691 606 muro
712 565 834 621 cepit.
897 563 974 613 Ibi,
992 573 1113 620 capta
1133 564 1215 604 iam
1237 562 1352 613 urbe,
1374 563 1425 603 ab
1447 563 1550 605 hora

159 629 307 676 quarta
339 637 471 678 usque
508 622 561 663 ad
601 631 788 664 octavam
823 621 908 663 fere
945 622 1089 663 horam
1130 621 1323 663 omnibus
1361 621 1547 677 partibus

159 678 273 720 urbis
293 678 367 720 diu
388 679 546 721 incerto
567 689 721 722 eventu
748 688 980 736 pugnatum
1002 688 1074 721 est.
1142 679 1359 720 Postremo
1386 679 1548 735 potitur

159 735 316 793 oppido
350 736 577 779 Romanus.
643 734 892 780 Samnitium
929 738 1047 779 caesi·
1073 737 1151 778 tria
1182 736 1313 777 millia
1343 736 1541 778 ducenti:

158 794 269 850 capti
302 804 500 850 quattuor
531 795 661 837 millia
691 796 958 852 septingenti,
984 804 1149 852 praeter
1180 794 1377 851 praedam
1407 793 1542 836 aliam.

128 849 263 894 7Inde
286 851 557 894 Ferentinum
577 853 726 895 ductae
748 853 954 910 legiones:
983 853 1095 894 unde
1117 852 1317 909 oppidani
1338 867 1434 893 cum
1455 868 1544 894 om-

154 909 278 951 nibus
310 911 432 952 rebus
464 911 560 961 suis,
593 927 699 967 quae
733 911 829 952 ferri
859 911 1009 968 agique
1045 919 1284 967 potuerunt,
1316 919 1437 951 nocte
1469 926 1544 967 per

154 981 339 1009 aversam
378 978 539 1024 portam
579 969 745 1010 silentio
785 978 1063 1010 excesserunt.
1128 967 1273 1024 Igitur,
1310 967 1433 1009 simul
1469 968 1542 1009 ad-

153 1025 269 1066 venit
288 1025 445 1075 consul,
471 1026 605 1082 primo
632 1027 690 1068 ita
715 1027 966 1083 compositus
992 1027 1299 1082 instructusque
1323 1026 1541 1067 moenibus

153 1083 362 1133 successit,
392 1092 590 1140 tanquam
622 1085 747 1134 idem,
777 1084 891 1141 quod
921 1084 973 1125 ad
1006 1083 1244 1125 Milioniam
1273 1083 1419 1133 fuerat,
1452 1099 1541 1125 cer-

153 1140 320 1182 taminis
352 1141 482 1183 foret:
521 1142 689 1193 deinde,
723 1151 770 1184 ut
803 1142 1012 1184 silentium
1046 1152 1207 1183 vastum
1239 1141 1281 1181 in
1316 1142 1429 1191 urbe,
1462 1157 1540 1183 nec

152 1212 278 1249 arma,
296 1214 373 1240 nec
389 1199 499 1241 viros
521 1201 564 1241 in
586 1201 766 1242 turribus
783 1216 830 1242 ac
848 1201 976 1241 muris
992 1200 1109 1250 vidit,
1128 1198 1296 1241 avidum
1314 1199 1538 1240 invadendi

152 1255 316 1298 deserta
336 1258 502 1299 moenia
523 1259 695 1300 militem
719 1258 893 1308 detinet,
916 1273 968 1299 ne
991 1273 1116 1314 quam
1139 1257 1343 1299 occultam
1365 1257 1408 1298 in
1429 1257 1539 1298 frau-

151 1312 249 1355 dem
270 1314 462 1356 incautus
482 1326 632 1358 rueret.
695 1317 813 1358 Duas
838 1326 993 1358 turmas
1013 1316 1219 1357 sociorum
1241 1314 1383 1356 Latini
1404 1315 1539 1356 nomi-

151 1371 216 1413 nis
247 1372 595 1430 circumequitare
626 1375 804 1424 moenia,
837 1383 962 1431 atque
993 1373 1207 1430 explorare
1239 1373 1379 1414 onmia
1410 1373 1535 1414 iubet.

119 1428 328 1486 8Equites
358 1441 519 1487 portam
550 1448 676 1474 unam
707 1432 963 1488 alteramque
994 1431 1140 1474 eadem
1171 1431 1340 1487 regione
1369 1431 1412 1471 in
1443 1446 1539 1487 pro-

149 1487 311 1544 pinquo
360 1497 550 1545 patentes
599 1491 875 1547 conspiciunt,
922 1489 1224 1545 itineribusque
1275 1488 1323 1529 iis
1367 1488 1539 1544 vestigia

150 1554 378 1588 nocturnae
428 1547 609 1589 hostium
655 1549 789 1605 fugae.
868 1547 1132 1604 Adequitant
1179 1545 1334 1587 deinde
1384 1546 1537 1587 sensim

149 1603 291 1660 portis,
325 1604 555 1662 urbemque
592 1621 645 1648 ex
681 1611 772 1647 tuto
808 1605 930 1647 rectis
964 1605 1184 1646 itineribus
1219 1603 1402 1661 perviam
1439 1618 1538 1645 con-

148 1660 354 1718 spiciunt:
387 1662 440 1703 ad
462 1664 675 1705 consulem
697 1664 894 1713 referunt,
917 1677 1132 1704 excessum
1155 1662 1280 1711 urbe3
1313 1661 1537 1703 solitudine

147 1717 261 1761 haud
277 1719 406 1761 dubia
422 1720 465 1762 id
481 1722 749 1778 perspicuum
766 1737 867 1771 esse,
885 1730 929 1762 et
949 1721 1186 1762 recentibus
1202 1720 1386 1776 vestigiis
1400 1719 1536 1776 fugae,

147 1791 196 1818 ac
211 1785 346 1834 strage
367 1793 505 1820 rerum
527 1780 571 1820 in
592 1780 868 1836 trepidatione
890 1787 1095 1820 nocturna
1114 1778 1265 1835 passim
1287 1777 1534 1819 relictarum.

149 1832 230 1876 His
265 1834 432 1886 auditis,
469 1837 613 1879 consul
654 1837 707 1879 ad
742 1852 835 1879 eam
871 1846 1032 1893 partem
1070 1837 1194 1885 urbis,
1231 1851 1315 1892 qua
1349 1835 1537 1877 adierant

147 1892 323 1949 equites,
355 1893 631 1936 circumducit
668 1909 844 1951 agmen:
884 1894 1205 1948 constitutisque
1242 1893 1355 1934 haud
1390 1893 1534 1949 procul

146 1959 267 2006 porta
293 1951 433 2007 signis,
457 1953 645 2008 quinque
674 1952 836 2008 equites
865 1951 981 1992 iubet
1009 1951 1161 1991 intrare
1188 1951 1346 1999 urbem,
1368 1960 1423 1999 et,
1447 1965 1536 1990 mo-

146 2006 287 2048 dicum
310 2009 489 2064 spatium
510 2025 758 2066 progressos,
782 2018 862 2050 tres
891 2023 1058 2049 manere
1087 2008 1235 2048 eodem
1264 2008 1367 2056 loco,
1390 2008 1423 2047 si
1445 2017 1535 2048 tuta

147 2064 392 2106 videantur:
425 2067 530 2108 duos
558 2067 771 2124 explorata
801 2066 853 2108 ad
883 2082 926 2107 se
957 2066 1120 2107 referre.
1185 2066 1272 2113 Qui
1300 2065 1369 2106 ubi
1398 2065 1534 2106 redie-

147 2132 258 2172 runt,
281 2122 613 2181 retuleruntque,
631 2141 681 2166 eo
703 2141 745 2166 se
783 2139 1013 2179 ›rogress‹›S,
1033 2123 1144 2164 unde
1168 2123 1209 2163 in
1231 2138 1375 2164 omnes
1387 2131 1532 2221 (partes

146 2180 471 2237 circumspectus
492 2192 610 2231 esset,
629 2182 751 2237 longe
766 2140 939 2238 lateque
961 2181 1172 2222 silentium
1194 2196 1241 2221 ac
1262 2180 1385 2222 solitu
1421 2181 1531 2222 inem

146 2237 322 2280 vidisse:
357 2240 568 2297 extemplo
595 2240 738 2282 consul
770 2240 960 2281 cohortes
988 2239 1204 2295 expeditas
1233 2239 1274 2278 in
1302 2239 1447 2279 urbem
1471 2238 1532 2279 in-

146 2295 294 2345 duxit3
327 2307 485 2340 ceteros
516 2299 682 2340 interim
710 2307 842 2340 castra
870 2297 1128 2338 communire
1161 2296 1288 2337 iussit.
1353 2295 1532 2352 Ingressi

147 2465 207 2496 sert
223 2465 331 2496 xxxiv.
355 2476 378 2496 ι.
395 2476 438 2504 sq.
455 2470 509 2495 unt
528 2464 582 2498 rei.
599 2474 661 2494 nnn
681 2474 766 2493 annu
783 2463 816 2492 il·
865 2463 986 2493 vnrinnt
1017 2461 1136 2502 scripti.
1182 2460 1364 2491 Gronovius
1393 2459 1533 2500 auspica-

149 2508 191 2545 Ιο,
206 2518 270 2549 quo
285 2508 326 2539 de
348 2519 386 2538 ca
408 2514 515 2538 uctnm
536 2513 594 2541 est.
612 2517 718 2537 verum
737 2506 817 2536 niul·
864 2503 1533 2539 turTrcventinum.bonimiusForentum.

147 2555 197 2581 ton
218 2555 289 2591 pont
309 2562 410 2582 annos
428 2550 519 2589 (data
543 2550 708 2579 occasione
729 2549 766 2579 ὡς
786 2549 819 2578 δν
863 2550 968 2579 (fui-zv.
1006 2549 1067 2577 Sed
1084 2548 1291 2578 l·'erentinum
1308 2556 1392 2586 supr.
1409 2554 1453 2584 17.
1465 2551 1533 2576 tan-

146 2593 282 2635 παροδφ)
299 2594 492 2625 mentionem
513 2593 633 2623 inferat.
659 2594 771 2622 Sinos.
863 2601 958 2630 qnmn
979 2589 1170 2621 Samnitium
1196 2589 1365 2629 oppidum.
1388 2588 1534 2620 occurrit.

193 2645 209 2676 7
234 2638 460 2674 Ferentinum]
490 2635 599 2666 Mendi
617 2635 719 2673 arguit
736 2634 817 2664 hunc
865 2635 1028 2664 Fer-etrum
1047 2643 1084 2663 cx
1103 2633 1194 2663 MSS.
1215 2632 1324 2671 probat
1341 2631 1473 2662 Niebhr.
1491 2631 1534 2663 iii.

149 2689 258 2710 vocem
277 2679 468 2711 Gronovius.
510 2678 714 2709 Ferentinum
732 2677 816 2707 enim
864 2688 892 2707 n.
910 2676 982 2715 652.

147 2722 284 2753 alterum
324 2722 354 2752 in
394 2722 486 2753 Latio
517 2726 576 2756 vat„
612 2721 747 2750 alu-mm
787 2720 816 2750 in
905 2722 924 2746 R
949 2720 1068 2749 Eudo-m
1086 2719 1229 2758 πρᾶσιν]
1260 2717 1391 2747 vicinas·
1410 2716 1468 2747 sibi
1488 2716 1533 2747 in-

150 2764 290 2802 Etruria,
309 2766 418 2813 procul
444 2769 615 2802 utrumque
638 2763 678 2792 nl»
703 2762 750 2792 liin
774 2773 817 2793 re·
865 2761 1146 2797 vim-111,in‹=n‹h·ni
1166 2760 1250 2790 urbia
1268 2760 1403 2798 regione.
1436 2761 1533 2790 ltine-

146 2807 294 2847 gionibun
309 2818 340 2838 ln
357 2807 473 2847 quibus·
491 2817 575 2836 nunc
597 2805 717 2835 bellum
742 2805 818 2842 geri·
865 2805 1014 2845 n'bum‘ue
1030 2805 1081 2839 iia,
1097 2815 1138 2835 nc.
1155 2802 1210 2833 viia
1225 2813 1263 2833 cx
1283 2802 1345 2832 inin
1366 2802 1462 2842 portin
1477 2802 1533 2832 ‹lu-

148 2854 220 2881 tur:
249 2860 307 2881 nec
335 2851 403 2880 υΙΙιι
428 2850 501 2879 ιιι-ὕει
530 2849 598 2879 viui·
626 2848 763 2878 nominin
789 2848 819 2878 in
867 2847 1021 2878 centibus.

149 2892 283 2924 Samnio
299 2892 463 2933 reperitur.
503 2891 622 2922 Mirum
641 2891 670 2921 in
689 2891 819 2921 modum

1181 2934 1302 2986 Qq2
