<?xml version="1.0" encoding="UTF-8"?>
<!DOCTYPE html PUBLIC "-//W3C//DTD XHTML 1.0 Transitional//EN"
    "http://www.w3.org/TR/xhtml1/DTD/xhtml1-transitional.dtd">
<html xmlns="http://www.w3.org/1999/xhtml" xml:lang="en" lang="en">
 <head>
  <title>
</title>
<meta http-equiv="Content-Type" content="text/html;charset=utf-8" />
  <meta name='ocr-system' content='tesseract 3.04.00' />
  <meta name='ocr-capabilities' content='ocr_page ocr_carea ocr_par ocr_line ocrx_word'/>
</head>
<body>
  <div class='ocr_page' id='page_1' title='image "./historiarumli01livyuoft_0308.png"; bbox 0 0 1934 3211; ppageno 0'>
   <div class='ocr_carea' id='block_1_1' title="bbox 148 281 381 363">
    <p class='ocr_par' dir='ltr' id='par_1_1' title="bbox 148 281 381 363">
     <span class='ocr_line' id='line_1_1' title="bbox 150 281 381 322; baseline -0.009 -8"><span class='ocrx_word' id='word_1_1' title='bbox 150 283 194 314; x_wconf 91' lang='lat' dir='ltr'>U.</span> <span class='ocrx_word' id='word_1_2' title='bbox 213 283 250 314; x_wconf 90' lang='lat' dir='ltr'>C.</span> <span class='ocrx_word' id='word_1_3' title='bbox 269 291 340 322; x_wconf 77' lang='lat'>352.</span> <span class='ocrx_word' id='word_1_4' title='bbox 370 281 381 299; x_wconf 90' lang='lat'>‘</span> 
     </span>
     <span class='ocr_line' id='line_1_2' title="bbox 148 326 343 363; baseline -0.005 -6"><span class='ocrx_word' id='word_1_5' title='bbox 148 327 188 357; x_wconf 84' lang='lat' dir='ltr'>A.</span> <span class='ocrx_word' id='word_1_6' title='bbox 213 326 251 358; x_wconf 82' lang='lat' dir='ltr'>C.</span> <span class='ocrx_word' id='word_1_7' title='bbox 269 335 343 363; x_wconf 86' lang='lat'>400.</span> 
     </span>
    </p>
   </div>
   <div class='ocr_carea' id='block_1_2' title="bbox 368 188 1247 230">
    <p class='ocr_par' dir='ltr' id='par_1_2' title="bbox 368 188 1247 230">
     <span class='ocr_line' id='line_1_3' title="bbox 368 188 1247 230; baseline 0.003 -3"><span class='ocrx_word' id='word_1_8' title='bbox 368 190 451 228; x_wconf 84' lang='lat'>294</span> <span class='ocrx_word' id='word_1_9' title='bbox 880 188 1029 229; x_wconf 90' lang='grc' dir='ltr'><strong>ΤΙΤΙ</strong></span> <span class='ocrx_word' id='word_1_10' title='bbox 1067 188 1247 230; x_wconf 93' lang='lat' dir='ltr'>LIVII</span> 
     </span>
    </p>
   </div>
   <div class='ocr_carea' id='block_1_3' title="bbox 369 275 1800 2714">
    <p class='ocr_par' dir='ltr' id='par_1_3' title="bbox 369 275 1800 2714">
     <span class='ocr_line' id='line_1_4' title="bbox 398 275 1766 334; baseline -0.001 -17"><span class='ocrx_word' id='word_1_11' title='bbox 398 277 619 319; x_wconf 86' lang='lat' dir='ltr'>missuros:</span> <span class='ocrx_word' id='word_1_12' title='bbox 654 285 860 333; x_wconf 89' lang='lat' dir='ltr'>quantum</span> <span class='ocrx_word' id='word_1_13' title='bbox 885 278 929 318; x_wconf 91' lang='lat' dir='ltr'>in</span> <span class='ocrx_word' id='word_1_14' title='bbox 950 277 1031 319; x_wconf 90' lang='lat' dir='ltr'>illis</span> <span class='ocrx_word' id='word_1_15' title='bbox 1056 287 1131 328; x_wconf 87' lang='lat' dir='ltr'>est,</span> <span class='ocrx_word' id='word_1_16' title='bbox 1154 293 1302 334; x_wconf 81' lang='lat' dir='ltr'>capere</span> <span class='ocrx_word' id='word_1_17' title='bbox 1335 277 1461 319; x_wconf 86' lang='lat' dir='ltr'>Veios</span> <span class='ocrx_word' id='word_1_18' title='bbox 1483 277 1592 318; x_wconf 89' lang='lat' dir='ltr'>licet.</span> <span class='ocrx_word' id='word_1_19' title='bbox 1658 275 1766 324; x_wconf 80' lang='lat' dir='ltr'>Quis</span> 
     </span>
     <span class='ocr_line' id='line_1_5' title="bbox 370 333 1766 390; baseline -0.001 -16"><span class='ocrx_word' id='word_1_20' title='bbox 370 339 468 384; x_wconf 83' lang='grc'>(651,</span> <span class='ocrx_word' id='word_1_21' title='bbox 501 335 573 390; x_wconf 92' lang='lat' dir='ltr'>qui</span> <span class='ocrx_word' id='word_1_22' title='bbox 607 334 825 390; x_wconf 82' lang='lat' dir='ltr'><strong>spondeat,</strong></span> <span class='ocrx_word' id='word_1_23' title='bbox 858 335 1055 384; x_wconf 88' lang='lat' dir='ltr'>eundem,</span> <span class='ocrx_word' id='word_1_24' title='bbox 1087 336 1121 376; x_wconf 88' lang='lat' dir='ltr'>si</span> <span class='ocrx_word' id='word_1_25' title='bbox 1152 336 1345 377; x_wconf 86' lang='lat' dir='ltr'>differtur</span> <span class='ocrx_word' id='word_1_26' title='bbox 1374 335 1544 384; x_wconf 87' lang='lat' dir='ltr'>bellum,</span> <span class='ocrx_word' id='word_1_27' title='bbox 1577 333 1766 375; x_wconf 85' lang='lat' dir='ltr'>animum</span> 
     </span>
     <span class='ocr_line' id='line_1_6' title="bbox 369 390 1767 447; baseline -0.001 -14.961"><span class='ocrx_word' id='word_1_28' title='bbox 369 396 542 447; x_wconf 89' lang='lat' dir='ltr'>‘postea</span> <span class='ocrx_word' id='word_1_29' title='bbox 573 392 685 432; x_wconf 91' lang='lat' dir='ltr'>fore.</span> <span class='ocrx_word' id='word_1_30' title='bbox 676 392 694 421; x_wconf 71' lang='lat'>9</span> <span class='ocrx_word' id='word_1_31' title='bbox 735 407 880 447; x_wconf 88' lang='lat' dir='ltr'>quum,</span> <span class='ocrx_word' id='word_1_32' title='bbox 915 392 949 432; x_wconf 90' lang='lat' dir='ltr'>si</span> <span class='ocrx_word' id='word_1_33' title='bbox 981 392 1268 433; x_wconf 83' lang='lat' dir='ltr'>laxamentum</span> <span class='ocrx_word' id='word_1_34' title='bbox 1305 393 1484 442; x_wconf 89' lang='lat' dir='ltr'>dederis,</span> <span class='ocrx_word' id='word_1_35' title='bbox 1518 391 1650 432; x_wconf 88' lang='lat' dir='ltr'>maior</span> <span class='ocrx_word' id='word_1_36' title='bbox 1684 390 1767 431; x_wconf 87' lang='lat' dir='ltr'>fre-</span> 
     </span>
     <span class='ocr_line' id='line_1_7' title="bbox 370 447 1767 514; baseline -0.002 -24.941"><span class='ocrx_word' id='word_1_37' title='bbox 370 449 677 504; x_wconf 88' lang='lat' dir='ltr'>‘quentiorque</span> <span class='ocrx_word' id='word_1_38' title='bbox 699 449 853 504; x_wconf 82' lang='lat' dir='ltr'>legatio</span> <span class='ocrx_word' id='word_1_39' title='bbox 870 449 980 490; x_wconf 89' lang='lat' dir='ltr'>itura</span> <span class='ocrx_word' id='word_1_40' title='bbox 1001 450 1069 490; x_wconf 89' lang='lat' dir='ltr'>sit:</span> <span class='ocrx_word' id='word_1_41' title='bbox 1104 465 1236 514; x_wconf 83' lang='lat' dir='ltr'>quum</span> <span class='ocrx_word' id='word_1_42' title='bbox 1252 449 1310 500; x_wconf 90' lang='lat' dir='ltr'>id,</span> <span class='ocrx_word' id='word_1_43' title='bbox 1328 450 1444 505; x_wconf 90' lang='lat' dir='ltr'>quod</span> <span class='ocrx_word' id='word_1_44' title='bbox 1460 465 1574 490; x_wconf 89' lang='lat' dir='ltr'>nunc</span> <span class='ocrx_word' id='word_1_45' title='bbox 1588 447 1767 489; x_wconf 89' lang='lat' dir='ltr'>offendit</span> 
     </span>
     <span class='ocr_line' id='line_1_8' title="bbox 369 504 1765 569; baseline -0.001 -23"><span class='ocrx_word' id='word_1_46' title='bbox 369 510 380 528; x_wconf 88' lang='lat'>‘</span> <span class='ocrx_word' id='word_1_47' title='bbox 395 505 607 555; x_wconf 87' lang='lat' dir='ltr'>Etruscos,</span> <span class='ocrx_word' id='word_1_48' title='bbox 626 520 700 546; x_wconf 80' lang='lat' dir='ltr'>lex</span> <span class='ocrx_word' id='word_1_49' title='bbox 717 514 880 546; x_wconf 88' lang='lat' dir='ltr'>creatus</span> <span class='ocrx_word' id='word_1_50' title='bbox 893 505 1023 555; x_wconf 90' lang='lat' dir='ltr'>Veiis,</span> <span class='ocrx_word' id='word_1_51' title='bbox 1039 507 1173 562; x_wconf 90' lang='lat' dir='ltr'>spatio</span> <span class='ocrx_word' id='word_1_52' title='bbox 1194 507 1441 563; x_wconf 89' lang='lat' dir='ltr'>interposito</span> <span class='ocrx_word' id='word_1_53' title='bbox 1455 506 1607 547; x_wconf 86' lang='lat' dir='ltr'>mutari</span> <span class='ocrx_word' id='word_1_54' title='bbox 1621 504 1765 569; x_wconf 83' lang='lat' dir='ltr'>possit,</span> 
     </span>
     <span class='ocr_line' id='line_1_9' title="bbox 370 562 1766 612; baseline -0.002 -7.943"><span class='ocrx_word' id='word_1_55' title='bbox 370 563 461 604; x_wconf 88' lang='lat' dir='ltr'>‘vel</span> <span class='ocrx_word' id='word_1_56' title='bbox 482 578 689 604; x_wconf 87' lang='lat' dir='ltr'>consensu</span> <span class='ocrx_word' id='word_1_57' title='bbox 720 563 911 612; x_wconf 85' lang='lat' dir='ltr'>civitatis,</span> <span class='ocrx_word' id='word_1_58' title='bbox 935 571 981 602; x_wconf 89' lang='lat' dir='ltr'>ut</span> <span class='ocrx_word' id='word_1_59' title='bbox 1002 578 1051 603; x_wconf 93' lang='grc'>60</span> <span class='ocrx_word' id='word_1_60' title='bbox 1077 563 1351 604; x_wconf 82' lang='lat' dir='ltr'>reconcilient</span> <span class='ocrx_word' id='word_1_61' title='bbox 1377 563 1570 604; x_wconf 86' lang='lat' dir='ltr'>Etruriae</span> <span class='ocrx_word' id='word_1_62' title='bbox 1592 562 1766 610; x_wconf 87' lang='lat' dir='ltr'>animos,</span> 
     </span>
     <span class='ocr_line' id='line_1_10' title="bbox 371 618 1767 675; baseline -0.001 -14.962"><span class='ocrx_word' id='word_1_63' title='bbox 371 619 494 660; x_wconf 89' lang='lat' dir='ltr'>‘vel</span> <span class='ocrx_word' id='word_1_64' title='bbox 484 620 613 675; x_wconf 76' lang='lat' dir='ltr'>ipsius</span> <span class='ocrx_word' id='word_1_65' title='bbox 634 619 849 660; x_wconf 90' lang='lat' dir='ltr'>voluntate</span> <span class='ocrx_word' id='word_1_66' title='bbox 872 619 993 674; x_wconf 80' lang='lat' dir='ltr'>regis,</span> <span class='ocrx_word' id='word_1_67' title='bbox 1017 620 1090 674; x_wconf 90' lang='lat' dir='ltr'>qui</span> <span class='ocrx_word' id='word_1_68' title='bbox 1112 620 1274 660; x_wconf 88' lang='lat' dir='ltr'>obstare</span> <span class='ocrx_word' id='word_1_69' title='bbox 1296 635 1473 675; x_wconf 80' lang='lat' dir='ltr'>regnum</span> <span class='ocrx_word' id='word_1_70' title='bbox 1499 634 1622 660; x_wconf 89' lang='lat' dir='ltr'>suum</span> <span class='ocrx_word' id='word_1_71' title='bbox 1643 618 1767 659; x_wconf 87' lang='lat' dir='ltr'>saluti</span> 
     </span>
     <span class='ocr_line' id='line_1_11' title="bbox 371 675 1794 731; baseline 0 -14"><span class='ocrx_word' id='word_1_72' title='bbox 371 677 553 717; x_wconf 89' lang='lat' dir='ltr'>‘civium</span> <span class='ocrx_word' id='word_1_73' title='bbox 579 676 695 716; x_wconf 90' lang='lat' dir='ltr'>nolit.</span> <span class='ocrx_word' id='word_1_74' title='bbox 759 675 928 724; x_wconf 89' lang='lat' dir='ltr'>Videte,</span> <span class='ocrx_word' id='word_1_75' title='bbox 952 685 1056 730; x_wconf 88' lang='lat' dir='ltr'>quot</span> <span class='ocrx_word' id='word_1_76' title='bbox 1080 691 1157 725; x_wconf 87' lang='lat' dir='ltr'>res,</span> <span class='ocrx_word' id='word_1_77' title='bbox 1181 692 1308 731; x_wconf 89' lang='lat' dir='ltr'>quam</span> <span class='ocrx_word' id='word_1_78' title='bbox 1329 676 1513 725; x_wconf 89' lang='lat' dir='ltr'>inutiles,</span> <span class='ocrx_word' id='word_1_79' title='bbox 1536 683 1767 731; x_wconf 87' lang='lat' dir='ltr'>sequantur</span> <span class='ocrx_word' id='word_1_80' title='bbox 1783 696 1794 717; x_wconf 85' lang='lat'>1</span> 
     </span>
     <span class='ocr_line' id='line_1_12' title="bbox 372 732 1766 787; baseline -0.001 -13.965"><span class='ocrx_word' id='word_1_81' title='bbox 372 733 509 774; x_wconf 84' lang='lat' dir='ltr'>‘illam</span> <span class='ocrx_word' id='word_1_82' title='bbox 530 733 640 773; x_wconf 88' lang='lat' dir='ltr'>viam</span> <span class='ocrx_word' id='word_1_83' title='bbox 662 732 843 773; x_wconf 89' lang='lat' dir='ltr'>consilii:</span> <span class='ocrx_word' id='word_1_84' title='bbox 877 732 1038 772; x_wconf 88' lang='lat' dir='ltr'>iactura</span> <span class='ocrx_word' id='word_1_85' title='bbox 1058 747 1232 787; x_wconf 88' lang='lat' dir='ltr'>operum</span> <span class='ocrx_word' id='word_1_86' title='bbox 1254 742 1371 774; x_wconf 87' lang='lat' dir='ltr'>tanto</span> <span class='ocrx_word' id='word_1_87' title='bbox 1388 732 1528 773; x_wconf 91' lang='lat' dir='ltr'>labore</span> <span class='ocrx_word' id='word_1_88' title='bbox 1548 732 1766 781; x_wconf 87' lang='lat' dir='ltr'>factorum,</span> 
     </span>
     <span class='ocr_line' id='line_1_13' title="bbox 372 789 1768 844; baseline -0.001 -14"><span class='ocrx_word' id='word_1_89' title='bbox 372 795 383 813; x_wconf 89' lang='lat'>‘</span> <span class='ocrx_word' id='word_1_90' title='bbox 397 790 571 830; x_wconf 87' lang='lat' dir='ltr'>vastatio</span> <span class='ocrx_word' id='word_1_91' title='bbox 585 789 810 829; x_wconf 82' lang='lat' dir='ltr'>imminens</span> <span class='ocrx_word' id='word_1_92' title='bbox 827 789 975 829; x_wconf 88' lang='lat' dir='ltr'>finium</span> <span class='ocrx_word' id='word_1_93' title='bbox 998 798 1250 839; x_wconf 88' lang='lat' dir='ltr'>nostrorum,</span> <span class='ocrx_word' id='word_1_94' title='bbox 1270 790 1496 830; x_wconf 90' lang='lat' dir='ltr'>Etruscum</span> <span class='ocrx_word' id='word_1_95' title='bbox 1512 789 1670 831; x_wconf 90' lang='lat' dir='ltr'>bellum</span> <span class='ocrx_word' id='word_1_96' title='bbox 1691 802 1768 844; x_wconf 89' lang='lat' dir='ltr'>pro</span> 
     </span>
     <span class='ocr_line' id='line_1_14' title="bbox 372 843 1766 896; baseline -0.001 -9"><span class='ocrx_word' id='word_1_97' title='bbox 372 853 380 869; x_wconf 91' lang='lat'>‘</span> <span class='ocrx_word' id='word_1_98' title='bbox 400 846 580 887; x_wconf 86' lang='lat' dir='ltr'>Veiente</span> <span class='ocrx_word' id='word_1_99' title='bbox 614 846 881 886; x_wconf 87' lang='lat' dir='ltr'>concitatum.</span> <span class='ocrx_word' id='word_1_100' title='bbox 946 846 1066 888; x_wconf 85' lang='lat' dir='ltr'>Haec</span> <span class='ocrx_word' id='word_1_101' title='bbox 1091 855 1200 896; x_wconf 78' lang='lat' dir='ltr'>sunt,</span> <span class='ocrx_word' id='word_1_102' title='bbox 1224 847 1395 896; x_wconf 86' lang='lat' dir='ltr'>tribuni,</span> <span class='ocrx_word' id='word_1_103' title='bbox 1418 846 1592 887; x_wconf 84' lang='lat' dir='ltr'>consilia</span> <span class='ocrx_word' id='word_1_104' title='bbox 1617 843 1766 894; x_wconf 67' lang='grc'>1165113,</span> 
     </span>
     <span class='ocr_line' id='line_1_15' title="bbox 372 902 1769 959; baseline 0 -16"><span class='ocrx_word' id='word_1_105' title='bbox 372 910 382 926; x_wconf 91' lang='grc'>(</span> <span class='ocrx_word' id='word_1_106' title='bbox 397 919 495 953; x_wconf 91' lang='grc'>11011,</span> <span class='ocrx_word' id='word_1_107' title='bbox 510 903 695 952; x_wconf 85' lang='lat' dir='ltr'>hercule,</span> <span class='ocrx_word' id='word_1_108' title='bbox 711 903 939 952; x_wconf 76' lang='lat' dir='ltr'>dissimilia,</span> <span class='ocrx_word' id='word_1_109' title='bbox 962 918 1009 944; x_wconf 89' lang='grc'>36</span> <span class='ocrx_word' id='word_1_110' title='bbox 1030 903 1064 944; x_wconf 92' lang='grc'>51</span> <span class='ocrx_word' id='word_1_111' title='bbox 1086 904 1180 958; x_wconf 89' lang='lat' dir='ltr'>quis</span> <span class='ocrx_word' id='word_1_112' title='bbox 1201 919 1338 959; x_wconf 81' lang='lat' dir='ltr'>aegro,</span> <span class='ocrx_word' id='word_1_113' title='bbox 1357 904 1443 959; x_wconf 86' lang='lat' dir='ltr'>qui,</span> <span class='ocrx_word' id='word_1_114' title='bbox 1466 903 1601 944; x_wconf 90' lang='lat' dir='ltr'>curari</span> <span class='ocrx_word' id='word_1_115' title='bbox 1621 918 1665 944; x_wconf 89' lang='lat' dir='ltr'>se</span> <span class='ocrx_word' id='word_1_116' title='bbox 1685 902 1769 943; x_wconf 90' lang='lat' dir='ltr'>for-</span> 
     </span>
     <span class='ocr_line' id='line_1_16' title="bbox 372 960 1769 1017; baseline -0.001 -16"><span class='ocrx_word' id='word_1_117' title='bbox 372 966 383 983; x_wconf 85' lang='lat'>‘</span> <span class='ocrx_word' id='word_1_118' title='bbox 397 961 494 1001; x_wconf 88' lang='lat' dir='ltr'>titer</span> <span class='ocrx_word' id='word_1_119' title='bbox 514 975 669 1016; x_wconf 87' lang='lat' dir='ltr'>passus,</span> <span class='ocrx_word' id='word_1_120' title='bbox 688 960 903 1015; x_wconf 86' lang='lat' dir='ltr'>extemplo</span> <span class='ocrx_word' id='word_1_121' title='bbox 924 960 1211 1002; x_wconf 84' lang='lat' dir='ltr'>convalescere</span> <span class='ocrx_word' id='word_1_122' title='bbox 1233 961 1375 1017; x_wconf 88' lang='lat' dir='ltr'>possit,</span> <span class='ocrx_word' id='word_1_123' title='bbox 1393 960 1475 1002; x_wconf 90' lang='lat' dir='ltr'>cibi</span> <span class='ocrx_word' id='word_1_124' title='bbox 1496 960 1630 1015; x_wconf 83' lang='lat' dir='ltr'>gratia</span> <span class='ocrx_word' id='word_1_125' title='bbox 1648 974 1769 1016; x_wconf 87' lang='lat' dir='ltr'>prae-</span> 
     </span>
     <span class='ocr_line' id='line_1_17' title="bbox 371 1017 1771 1073; baseline 0 -16"><span class='ocrx_word' id='word_1_126' title='bbox 371 1023 381 1040; x_wconf 84' lang='lat'>‘</span> <span class='ocrx_word' id='word_1_127' title='bbox 395 1018 524 1058; x_wconf 88' lang='lat' dir='ltr'>sentis</span> <span class='ocrx_word' id='word_1_128' title='bbox 545 1026 618 1058; x_wconf 88' lang='lat' dir='ltr'>aut</span> <span class='ocrx_word' id='word_1_129' title='bbox 637 1018 820 1073; x_wconf 90' lang='lat' dir='ltr'>potionis</span> <span class='ocrx_word' id='word_1_130' title='bbox 833 1017 1113 1073; x_wconf 79' lang='lat' dir='ltr'>longinquum</span> <span class='ocrx_word' id='word_1_131' title='bbox 1127 1026 1171 1058; x_wconf 88' lang='lat' dir='ltr'>et</span> <span class='ocrx_word' id='word_1_132' title='bbox 1185 1018 1356 1059; x_wconf 84' lang='lat' dir='ltr'>forsitan</span> <span class='ocrx_word' id='word_1_133' title='bbox 1373 1017 1646 1058; x_wconf 87' lang='lat' dir='ltr'>insanabilem</span> <span class='ocrx_word' id='word_1_134' title='bbox 1660 1031 1771 1058; x_wconf 90' lang='lat' dir='ltr'>mor-</span> 
     </span>
     <span class='ocr_line' id='line_1_18' title="bbox 371 1073 1800 1130; baseline -0.001 -15"><span class='ocrx_word' id='word_1_135' title='bbox 371 1080 383 1098; x_wconf 83' lang='lat'>‘</span> <span class='ocrx_word' id='word_1_136' title='bbox 399 1075 500 1116; x_wconf 91' lang='lat' dir='ltr'>bum</span> <span class='ocrx_word' id='word_1_137' title='bbox 523 1074 687 1115; x_wconf 88' lang='lat' dir='ltr'>efficiat.</span> <span class='ocrx_word' id='word_1_138' title='bbox 754 1073 811 1123; x_wconf 85' lang='lat' dir='ltr'>Si,</span> <span class='ocrx_word' id='word_1_139' title='bbox 835 1090 902 1115; x_wconf 92' lang='lat' dir='ltr'>me</span> <span class='ocrx_word' id='word_1_140' title='bbox 925 1075 1020 1115; x_wconf 91' lang='lat' dir='ltr'>dius</span> <span class='ocrx_word' id='word_1_141' title='bbox 1041 1075 1180 1124; x_wconf 89' lang='lat' dir='ltr'>fidius,</span> <span class='ocrx_word' id='word_1_142' title='bbox 1197 1075 1250 1116; x_wconf 89' lang='lat' dir='ltr'>ad</span> <span class='ocrx_word' id='word_1_143' title='bbox 1270 1075 1351 1116; x_wconf 88' lang='lat' dir='ltr'>hoc</span> <span class='ocrx_word' id='word_1_144' title='bbox 1372 1075 1530 1116; x_wconf 90' lang='lat' dir='ltr'>bellum</span> <span class='ocrx_word' id='word_1_145' title='bbox 1547 1073 1653 1114; x_wconf 87' lang='lat' dir='ltr'>nihil</span> <span class='ocrx_word' id='word_1_146' title='bbox 1674 1088 1770 1130; x_wconf 90' lang='lat' dir='ltr'>per·</span> <span class='ocrx_word' id='word_1_147' title='bbox 1783 1091 1800 1113; x_wconf 79' lang='lat'>2</span> 
     </span>
     <span class='ocr_line' id='line_1_19' title="bbox 371 1131 1767 1187; baseline -0.001 -15"><span class='ocrx_word' id='word_1_148' title='bbox 371 1138 381 1155; x_wconf 87' lang='lat'>‘</span> <span class='ocrx_word' id='word_1_149' title='bbox 398 1132 564 1181; x_wconf 89' lang='lat' dir='ltr'>tineret,</span> <span class='ocrx_word' id='word_1_150' title='bbox 586 1131 639 1172; x_wconf 91' lang='lat' dir='ltr'>ad</span> <span class='ocrx_word' id='word_1_151' title='bbox 670 1131 934 1187; x_wconf 83' lang='lat' dir='ltr'>disciplinam</span> <span class='ocrx_word' id='word_1_152' title='bbox 955 1140 1068 1172; x_wconf 89' lang='grc'>66116</span> <span class='ocrx_word' id='word_1_153' title='bbox 1097 1132 1269 1172; x_wconf 87' lang='grc'>1111111136</span> <span class='ocrx_word' id='word_1_154' title='bbox 1297 1132 1527 1187; x_wconf 85' lang='lat' dir='ltr'>plurimum</span> <span class='ocrx_word' id='word_1_155' title='bbox 1554 1131 1767 1180; x_wconf 87' lang='lat' dir='ltr'>intererat,</span> 
     </span>
     <span class='ocr_line' id='line_1_20' title="bbox 371 1187 1766 1245; baseline -0.001 -16"><span class='ocrx_word' id='word_1_156' title='bbox 371 1194 382 1212; x_wconf 92' lang='lat'>‘</span> <span class='ocrx_word' id='word_1_157' title='bbox 398 1189 634 1230; x_wconf 86' lang='lat' dir='ltr'>insuescere</span> <span class='ocrx_word' id='word_1_158' title='bbox 653 1188 831 1229; x_wconf 85' lang='lat' dir='ltr'>militem</span> <span class='ocrx_word' id='word_1_159' title='bbox 848 1197 1050 1238; x_wconf 89' lang='lat' dir='ltr'>nostrum,</span> <span class='ocrx_word' id='word_1_160' title='bbox 1068 1204 1154 1230; x_wconf 91' lang='lat' dir='ltr'>non</span> <span class='ocrx_word' id='word_1_161' title='bbox 1171 1189 1305 1230; x_wconf 90' lang='lat' dir='ltr'>solum</span> <span class='ocrx_word' id='word_1_162' title='bbox 1322 1197 1467 1245; x_wconf 88' lang='lat' dir='ltr'>parata</span> <span class='ocrx_word' id='word_1_163' title='bbox 1482 1188 1655 1229; x_wconf 88' lang='lat' dir='ltr'>victoria</span> <span class='ocrx_word' id='word_1_164' title='bbox 1665 1187 1766 1237; x_wconf 84' lang='lat' dir='ltr'>frui3</span> 
     </span>
     <span class='ocr_line' id='line_1_21' title="bbox 371 1245 1768 1301; baseline -0.001 -15"><span class='ocrx_word' id='word_1_165' title='bbox 371 1252 383 1269; x_wconf 87' lang='lat'>‘</span> <span class='ocrx_word' id='word_1_166' title='bbox 399 1246 485 1296; x_wconf 90' lang='lat' dir='ltr'>sed,</span> <span class='ocrx_word' id='word_1_167' title='bbox 508 1246 542 1286; x_wconf 90' lang='lat' dir='ltr'>si</span> <span class='ocrx_word' id='word_1_168' title='bbox 563 1261 628 1286; x_wconf 87' lang='lat' dir='ltr'>res</span> <span class='ocrx_word' id='word_1_169' title='bbox 650 1246 778 1286; x_wconf 84' lang='lat' dir='ltr'>etiam</span> <span class='ocrx_word' id='word_1_170' title='bbox 803 1245 957 1286; x_wconf 90' lang='lat' dir='ltr'>lentior</span> <span class='ocrx_word' id='word_1_171' title='bbox 978 1246 1042 1295; x_wconf 91' lang='lat' dir='ltr'>sit,</span> <span class='ocrx_word' id='word_1_172' title='bbox 1064 1247 1152 1301; x_wconf 90' lang='lat' dir='ltr'>pati</span> <span class='ocrx_word' id='word_1_173' title='bbox 1173 1246 1359 1286; x_wconf 86' lang='lat' dir='ltr'>taedium</span> <span class='ocrx_word' id='word_1_174' title='bbox 1381 1254 1423 1287; x_wconf 89' lang='lat' dir='ltr'>et</span> <span class='ocrx_word' id='word_1_175' title='bbox 1443 1245 1633 1301; x_wconf 86' lang='lat' dir='ltr'>quamvis</span> <span class='ocrx_word' id='word_1_176' title='bbox 1654 1259 1768 1285; x_wconf 87' lang='lat' dir='ltr'>serae</span> 
     </span>
     <span class='ocr_line' id='line_1_22' title="bbox 372 1301 1770 1359; baseline -0.001 -16"><span class='ocrx_word' id='word_1_177' title='bbox 372 1308 383 1326; x_wconf 93' lang='grc'>(</span> <span class='ocrx_word' id='word_1_178' title='bbox 399 1303 487 1359; x_wconf 90' lang='lat' dir='ltr'>spei</span> <span class='ocrx_word' id='word_1_179' title='bbox 502 1303 663 1343; x_wconf 83' lang='lat' dir='ltr'>exitum</span> <span class='ocrx_word' id='word_1_180' title='bbox 685 1311 940 1358; x_wconf 88' lang='lat' dir='ltr'>exspectare,</span> <span class='ocrx_word' id='word_1_181' title='bbox 959 1311 1015 1351; x_wconf 90' lang='lat' dir='ltr'>et,</span> <span class='ocrx_word' id='word_1_182' title='bbox 1033 1303 1066 1343; x_wconf 91' lang='lat' dir='ltr'>si</span> <span class='ocrx_word' id='word_1_183' title='bbox 1083 1318 1168 1343; x_wconf 89' lang='lat' dir='ltr'>non</span> <span class='ocrx_word' id='word_1_184' title='bbox 1190 1304 1243 1343; x_wconf 90' lang='lat' dir='ltr'>sit</span> <span class='ocrx_word' id='word_1_185' title='bbox 1260 1311 1415 1345; x_wconf 84' lang='lat' dir='ltr'>aestate</span> <span class='ocrx_word' id='word_1_186' title='bbox 1432 1302 1664 1358; x_wconf 86' lang='lat' dir='ltr'>perfectum</span> <span class='ocrx_word' id='word_1_187' title='bbox 1680 1301 1770 1342; x_wconf 92' lang='lat' dir='ltr'>bel-</span> 
     </span>
     <span class='ocr_line' id='line_1_23' title="bbox 372 1359 1770 1415; baseline 0 -16"><span class='ocrx_word' id='word_1_188' title='bbox 372 1366 383 1383; x_wconf 90' lang='lat'>‘</span> <span class='ocrx_word' id='word_1_189' title='bbox 400 1360 500 1409; x_wconf 89' lang='lat' dir='ltr'>lum,</span> <span class='ocrx_word' id='word_1_190' title='bbox 524 1360 695 1401; x_wconf 88' lang='lat' dir='ltr'>hiemen</span> <span class='ocrx_word' id='word_1_191' title='bbox 716 1360 912 1415; x_wconf 88' lang='lat' dir='ltr'>opperiri,</span> <span class='ocrx_word' id='word_1_192' title='bbox 935 1375 1028 1409; x_wconf 88' lang='lat' dir='ltr'>nec,</span> <span class='ocrx_word' id='word_1_193' title='bbox 1051 1360 1159 1401; x_wconf 89' lang='grc'>516111</span> <span class='ocrx_word' id='word_1_194' title='bbox 1183 1360 1357 1401; x_wconf 84' lang='grc' dir='ltr'>36511ν35</span> <span class='ocrx_word' id='word_1_195' title='bbox 1378 1375 1487 1409; x_wconf 88' lang='lat' dir='ltr'>aves,</span> <span class='ocrx_word' id='word_1_196' title='bbox 1510 1359 1649 1400; x_wconf 91' lang='lat' dir='ltr'>statim</span> <span class='ocrx_word' id='word_1_197' title='bbox 1671 1373 1770 1399; x_wconf 88' lang='grc'>3116-</span> 
     </span>
     <span class='ocr_line' id='line_1_24' title="bbox 373 1416 1770 1473; baseline 0 -17"><span class='ocrx_word' id='word_1_198' title='bbox 373 1422 383 1439; x_wconf 89' lang='grc'>(</span> <span class='ocrx_word' id='word_1_199' title='bbox 401 1424 549 1457; x_wconf 91' lang='lat' dir='ltr'>tumno</span> <span class='ocrx_word' id='word_1_200' title='bbox 571 1424 682 1457; x_wconf 88' lang='lat' dir='ltr'>tecta</span> <span class='ocrx_word' id='word_1_201' title='bbox 703 1432 750 1457; x_wconf 91' lang='lat' dir='ltr'>ac</span> <span class='ocrx_word' id='word_1_202' title='bbox 772 1432 980 1457; x_wconf 89' lang='lat' dir='ltr'>recessum</span> <span class='ocrx_word' id='word_1_203' title='bbox 1002 1417 1333 1473; x_wconf 85' lang='lat' dir='ltr'>circumspicere.</span> <span class='ocrx_word' id='word_1_204' title='bbox 1391 1416 1578 1459; x_wconf 89' lang='lat' dir='ltr'>Obsecro</span> <span class='ocrx_word' id='word_1_205' title='bbox 1598 1430 1684 1466; x_wconf 86' lang='lat' dir='ltr'>vos,</span> <span class='ocrx_word' id='word_1_206' title='bbox 1699 1430 1770 1456; x_wconf 92' lang='lat' dir='ltr'>ve—</span> 
     </span>
     <span class='ocr_line' id='line_1_25' title="bbox 373 1473 1799 1538; baseline 0 -25"><span class='ocrx_word' id='word_1_207' title='bbox 373 1479 385 1496; x_wconf 90' lang='lat'>‘</span> <span class='ocrx_word' id='word_1_208' title='bbox 401 1473 531 1513; x_wconf 88' lang='lat' dir='ltr'>nandi</span> <span class='ocrx_word' id='word_1_209' title='bbox 547 1474 733 1513; x_wconf 87' lang='lat' dir='ltr'>studium</span> <span class='ocrx_word' id='word_1_210' title='bbox 756 1489 802 1514; x_wconf 90' lang='lat' dir='ltr'>ac</span> <span class='ocrx_word' id='word_1_211' title='bbox 819 1474 1010 1530; x_wconf 89' lang='lat' dir='ltr'>voluptas</span> <span class='ocrx_word' id='word_1_212' title='bbox 1027 1474 1220 1515; x_wconf 88' lang='lat' dir='ltr'>homines</span> <span class='ocrx_word' id='word_1_213' title='bbox 1241 1490 1316 1530; x_wconf 89' lang='lat' dir='ltr'>per</span> <span class='ocrx_word' id='word_1_214' title='bbox 1331 1475 1450 1515; x_wconf 88' lang='lat' dir='ltr'>nives</span> <span class='ocrx_word' id='word_1_215' title='bbox 1471 1489 1518 1514; x_wconf 90' lang='grc'>36</span> <span class='ocrx_word' id='word_1_216' title='bbox 1533 1473 1703 1538; x_wconf 79' lang='lat' dir='ltr'>pruinas</span> <span class='ocrx_word' id='word_1_217' title='bbox 1724 1473 1770 1513; x_wconf 89' lang='lat' dir='ltr'>in</span> <span class='ocrx_word' id='word_1_218' title='bbox 1798 1476 1799 1482; x_wconf 75' lang='grc'>’</span> 
     </span>
     <span class='ocr_line' id='line_1_26' title="bbox 373 1530 1770 1586; baseline 0.001 -17"><span class='ocrx_word' id='word_1_219' title='bbox 373 1536 383 1553; x_wconf 88' lang='grc'>(</span> <span class='ocrx_word' id='word_1_220' title='bbox 400 1538 564 1570; x_wconf 87' lang='lat' dir='ltr'>montes</span> <span class='ocrx_word' id='word_1_221' title='bbox 581 1530 655 1570; x_wconf 90' lang='lat' dir='ltr'>silv</span> <span class='ocrx_word' id='word_1_222' title='bbox 647 1545 786 1585; x_wconf 89' lang='lat' dir='ltr'>asque</span> <span class='ocrx_word' id='word_1_223' title='bbox 808 1531 939 1586; x_wconf 81' lang='lat' dir='ltr'>rapit3</span> <span class='ocrx_word' id='word_1_224' title='bbox 973 1531 1071 1572; x_wconf 88' lang='lat' dir='ltr'>belli</span> <span class='ocrx_word' id='word_1_225' title='bbox 1085 1532 1401 1572; x_wconf 87' lang='lat' dir='ltr'>necessitatibus</span> <span class='ocrx_word' id='word_1_226' title='bbox 1417 1546 1510 1572; x_wconf 89' lang='lat' dir='ltr'>eam</span> <span class='ocrx_word' id='word_1_227' title='bbox 1522 1530 1770 1586; x_wconf 89' lang='lat' dir='ltr'>patientiam</span> 
     </span>
     <span class='ocr_line' id='line_1_27' title="bbox 373 1586 1770 1644; baseline 0.001 -18"><span class='ocrx_word' id='word_1_228' title='bbox 373 1593 385 1610; x_wconf 83' lang='lat'>‘</span> <span class='ocrx_word' id='word_1_229' title='bbox 401 1602 488 1627; x_wconf 90' lang='lat' dir='ltr'>non</span> <span class='ocrx_word' id='word_1_230' title='bbox 510 1586 815 1635; x_wconf 84' lang='lat' dir='ltr'>adhibebimus,</span> <span class='ocrx_word' id='word_1_231' title='bbox 834 1602 961 1642; x_wconf 89' lang='lat' dir='ltr'>quam</span> <span class='ocrx_word' id='word_1_232' title='bbox 977 1588 1044 1628; x_wconf 89' lang='lat' dir='ltr'>vel</span> <span class='ocrx_word' id='word_1_233' title='bbox 1060 1588 1174 1629; x_wconf 91' lang='lat' dir='ltr'>lusus</span> <span class='ocrx_word' id='word_1_234' title='bbox 1196 1604 1242 1629; x_wconf 92' lang='grc'>36</span> <span class='ocrx_word' id='word_1_235' title='bbox 1259 1588 1450 1644; x_wconf 83' lang='lat' dir='ltr'>voluptas</span> <span class='ocrx_word' id='word_1_236' title='bbox 1472 1588 1621 1629; x_wconf 91' lang='lat' dir='ltr'>elicere</span> <span class='ocrx_word' id='word_1_237' title='bbox 1638 1587 1770 1628; x_wconf 84' lang='lat' dir='ltr'>solet?</span> 
     </span>
     <span class='ocr_line' id='line_1_28' title="bbox 374 1643 1771 1699; baseline 0 -15"><span class='ocrx_word' id='word_1_238' title='bbox 374 1650 385 1667; x_wconf 88' lang='lat'>‘</span> <span class='ocrx_word' id='word_1_239' title='bbox 402 1643 583 1684; x_wconf 87' lang='lat' dir='ltr'>Adeone</span> <span class='ocrx_word' id='word_1_240' title='bbox 606 1643 847 1684; x_wconf 84' lang='lat' dir='ltr'>effeminata</span> <span class='ocrx_word' id='word_1_241' title='bbox 867 1659 1042 1699; x_wconf 86' lang='lat' dir='ltr'>corpora</span> <span class='ocrx_word' id='word_1_242' title='bbox 1069 1645 1249 1686; x_wconf 90' lang='lat' dir='ltr'>militum</span> <span class='ocrx_word' id='word_1_243' title='bbox 1272 1654 1508 1686; x_wconf 89' lang='lat' dir='ltr'>nostrorum</span> <span class='ocrx_word' id='word_1_244' title='bbox 1537 1659 1625 1685; x_wconf 88' lang='lat' dir='ltr'>esse</span> <span class='ocrx_word' id='word_1_245' title='bbox 1647 1651 1771 1699; x_wconf 89' lang='lat' dir='ltr'>puta-</span> 
     </span>
     <span class='ocr_line' id='line_1_29' title="bbox 372 1700 1771 1750; baseline 0 -9"><span class='ocrx_word' id='word_1_246' title='bbox 372 1706 383 1724; x_wconf 90' lang='lat'><em>‘</em></span> <span class='ocrx_word' id='word_1_247' title='bbox 400 1715 504 1750; x_wconf 85' lang='lat' dir='ltr'>InUS,</span> <span class='ocrx_word' id='word_1_248' title='bbox 527 1700 633 1741; x_wconf 87' lang='lat' dir='ltr'>adeo</span> <span class='ocrx_word' id='word_1_249' title='bbox 655 1700 801 1741; x_wconf 88' lang='lat' dir='ltr'>molles</span> <span class='ocrx_word' id='word_1_250' title='bbox 823 1700 995 1749; x_wconf 90' lang='lat' dir='ltr'>animos,</span> <span class='ocrx_word' id='word_1_251' title='bbox 1018 1709 1065 1742; x_wconf 90' lang='lat' dir='ltr'>ut</span> <span class='ocrx_word' id='word_1_252' title='bbox 1089 1701 1272 1742; x_wconf 90' lang='lat' dir='ltr'>hiemem</span> <span class='ocrx_word' id='word_1_253' title='bbox 1296 1717 1423 1742; x_wconf 88' lang='lat' dir='ltr'>unam</span> <span class='ocrx_word' id='word_1_254' title='bbox 1445 1702 1627 1742; x_wconf 88' lang='lat' dir='ltr'>durare&#39;</span> <span class='ocrx_word' id='word_1_255' title='bbox 1616 1716 1662 1741; x_wconf 89' lang='grc'>111</span> <span class='ocrx_word' id='word_1_256' title='bbox 1682 1715 1771 1741; x_wconf 84' lang='grc'>635-</span> 
     </span>
     <span class='ocr_line' id='line_1_30' title="bbox 373 1756 1769 1813; baseline 0 -15"><span class='ocrx_word' id='word_1_257' title='bbox 373 1764 383 1780; x_wconf 88' lang='grc'>(</span> <span class='ocrx_word' id='word_1_258' title='bbox 400 1757 485 1806; x_wconf 88' lang='grc'>1115,</span> <span class='ocrx_word' id='word_1_259' title='bbox 518 1758 659 1798; x_wconf 89' lang='lat' dir='ltr'>abesse</span> <span class='ocrx_word' id='word_1_260' title='bbox 696 1758 747 1798; x_wconf 88' lang='lat' dir='ltr'>ab</span> <span class='ocrx_word' id='word_1_261' title='bbox 783 1757 910 1798; x_wconf 89' lang='lat' dir='ltr'>domo</span> <span class='ocrx_word' id='word_1_262' title='bbox 941 1773 1028 1798; x_wconf 91' lang='lat' dir='ltr'>non</span> <span class='ocrx_word' id='word_1_263' title='bbox 1063 1758 1252 1813; x_wconf 83' lang='lat' dir='ltr'>possint?</span> <span class='ocrx_word' id='word_1_264' title='bbox 1293 1766 1352 1807; x_wconf 87' lang='lat' dir='ltr'>ut,</span> <span class='ocrx_word' id='word_1_265' title='bbox 1386 1767 1587 1813; x_wconf 88' lang='lat' dir='ltr'>tanquam</span> <span class='ocrx_word' id='word_1_266' title='bbox 1622 1756 1769 1798; x_wconf 81' lang='lat' dir='ltr'>navale</span> 
     </span>
     <span class='ocr_line' id='line_1_31' title="bbox 373 1814 1769 1870; baseline 0 -15"><span class='ocrx_word' id='word_1_267' title='bbox 373 1814 571 1863; x_wconf 86' lang='lat' dir='ltr'>‘bellum,</span> <span class='ocrx_word' id='word_1_268' title='bbox 604 1815 923 1870; x_wconf 88' lang='lat' dir='ltr'>tempestatibus</span> <span class='ocrx_word' id='word_1_269' title='bbox 955 1814 1172 1870; x_wconf 88' lang='lat' dir='ltr'>captandis</span> <span class='ocrx_word' id='word_1_270' title='bbox 1210 1823 1252 1856; x_wconf 93' lang='lat' dir='ltr'>et</span> <span class='ocrx_word' id='word_1_271' title='bbox 1283 1814 1541 1856; x_wconf 88' lang='lat' dir='ltr'>observando</span> <span class='ocrx_word' id='word_1_272' title='bbox 1580 1823 1769 1869; x_wconf 83' lang='lat' dir='ltr'>ternpore</span> 
     </span>
     <span class='ocr_line' id='line_1_32' title="bbox 374 1871 1771 1927; baseline 0.001 -16"><span class='ocrx_word' id='word_1_273' title='bbox 374 1871 513 1920; x_wconf 87' lang='lat' dir='ltr'>‘anni,</span> <span class='ocrx_word' id='word_1_274' title='bbox 540 1880 700 1927; x_wconf 81' lang='lat' dir='ltr'>gerant,</span> <span class='ocrx_word' id='word_1_275' title='bbox 729 1887 815 1912; x_wconf 91' lang='lat' dir='ltr'>non</span> <span class='ocrx_word' id='word_1_276' title='bbox 846 1879 995 1920; x_wconf 86' lang='lat' dir='ltr'>aestus,</span> <span class='ocrx_word' id='word_1_277' title='bbox 1025 1887 1111 1912; x_wconf 89' lang='lat' dir='ltr'>non</span> <span class='ocrx_word' id='word_1_278' title='bbox 1139 1872 1293 1927; x_wconf 81' lang='lat' dir='ltr'>frigora</span> <span class='ocrx_word' id='word_1_279' title='bbox 1321 1872 1408 1927; x_wconf 89' lang='lat' dir='ltr'>pati</span> <span class='ocrx_word' id='word_1_280' title='bbox 1436 1872 1627 1927; x_wconf 82' lang='lat' dir='ltr'>possint?</span> <span class='ocrx_word' id='word_1_281' title='bbox 1660 1871 1771 1912; x_wconf 91' lang='lat' dir='ltr'>Eru-</span> 
     </span>
     <span class='ocr_line' id='line_1_33' title="bbox 375 1928 1768 1984; baseline 0 -16"><span class='ocrx_word' id='word_1_282' title='bbox 375 1935 385 1951; x_wconf 93' lang='lat'>‘</span> <span class='ocrx_word' id='word_1_283' title='bbox 402 1929 574 1969; x_wconf 89' lang='lat' dir='ltr'>bescant</span> <span class='ocrx_word' id='word_1_284' title='bbox 594 1928 794 1983; x_wconf 83' lang='lat' dir='ltr'>profecto,</span> <span class='ocrx_word' id='word_1_285' title='bbox 817 1929 848 1968; x_wconf 91' lang='lat' dir='ltr'>si</span> <span class='ocrx_word' id='word_1_286' title='bbox 872 1928 965 1983; x_wconf 88' lang='lat' dir='ltr'>quis</span> <span class='ocrx_word' id='word_1_287' title='bbox 986 1929 1036 1968; x_wconf 89' lang='lat' dir='ltr'>iis</span> <span class='ocrx_word' id='word_1_288' title='bbox 1056 1928 1160 1969; x_wconf 90' lang='lat' dir='ltr'>haec</span> <span class='ocrx_word' id='word_1_289' title='bbox 1182 1929 1375 1977; x_wconf 82' lang='lat' dir='ltr'>obiiciat3</span> <span class='ocrx_word' id='word_1_290' title='bbox 1409 1928 1768 1984; x_wconf 86' lang='lat' dir='ltr'>contendantque,</span> 
     </span>
     <span class='ocr_line' id='line_1_34' title="bbox 375 1985 1771 2041; baseline 0.001 -16"><span class='ocrx_word' id='word_1_291' title='bbox 375 1991 386 2008; x_wconf 84' lang='lat'>‘</span> <span class='ocrx_word' id='word_1_292' title='bbox 403 1993 445 2025; x_wconf 88' lang='lat' dir='ltr'>et</span> <span class='ocrx_word' id='word_1_293' title='bbox 473 1985 623 2025; x_wconf 89' lang='lat' dir='ltr'>animis</span> <span class='ocrx_word' id='word_1_294' title='bbox 644 1993 687 2025; x_wconf 88' lang='lat' dir='ltr'>et</span> <span class='ocrx_word' id='word_1_295' title='bbox 712 1985 954 2040; x_wconf 85' lang='lat' dir='ltr'>corporibus</span> <span class='ocrx_word' id='word_1_296' title='bbox 985 1985 1069 2025; x_wconf 88' lang='lat' dir='ltr'>suis</span> <span class='ocrx_word' id='word_1_297' title='bbox 1089 1985 1251 2026; x_wconf 87' lang='lat' dir='ltr'>virilem</span> <span class='ocrx_word' id='word_1_298' title='bbox 1277 1985 1525 2041; x_wconf 86' lang='lat' dir='ltr'>patientiam</span> <span class='ocrx_word' id='word_1_299' title='bbox 1556 1985 1704 2034; x_wconf 87' lang='lat' dir='ltr'>inesse,</span> <span class='ocrx_word' id='word_1_300' title='bbox 1727 1993 1771 2026; x_wconf 89' lang='lat' dir='ltr'>et</span> 
     </span>
     <span class='ocr_line' id='line_1_35' title="bbox 375 2042 1768 2098; baseline 0 -16"><span class='ocrx_word' id='word_1_301' title='bbox 375 2048 444 2083; x_wconf 88' lang='lat' dir='ltr'>‘se</span> <span class='ocrx_word' id='word_1_302' title='bbox 466 2042 585 2082; x_wconf 85' lang='lat' dir='ltr'>iuxta</span> <span class='ocrx_word' id='word_1_303' title='bbox 614 2042 751 2082; x_wconf 88' lang='lat' dir='ltr'>hieme</span> <span class='ocrx_word' id='word_1_304' title='bbox 774 2050 900 2097; x_wconf 88' lang='lat' dir='ltr'>atque</span> <span class='ocrx_word' id='word_1_305' title='bbox 931 2050 1086 2082; x_wconf 87' lang='lat' dir='ltr'>aestate</span> <span class='ocrx_word' id='word_1_306' title='bbox 1117 2042 1228 2082; x_wconf 88' lang='lat' dir='ltr'>bella</span> <span class='ocrx_word' id='word_1_307' title='bbox 1256 2057 1400 2098; x_wconf 83' lang='lat' dir='ltr'>gerere</span> <span class='ocrx_word' id='word_1_308' title='bbox 1427 2057 1570 2098; x_wconf 90' lang='lat' dir='ltr'>posse:</span> <span class='ocrx_word' id='word_1_309' title='bbox 1615 2056 1694 2083; x_wconf 89' lang='lat' dir='ltr'>nec</span> <span class='ocrx_word' id='word_1_310' title='bbox 1725 2057 1768 2082; x_wconf 92' lang='lat' dir='ltr'>se</span> 
     </span>
     <span class='ocr_line' id='line_1_36' title="bbox 375 2098 1770 2154; baseline 0.001 -16"><span class='ocrx_word' id='word_1_311' title='bbox 375 2105 386 2122; x_wconf 91' lang='grc'>(</span> <span class='ocrx_word' id='word_1_312' title='bbox 399 2099 679 2154; x_wconf 87' lang='lat' dir='ltr'>patrocinium</span> <span class='ocrx_word' id='word_1_313' title='bbox 712 2098 911 2139; x_wconf 90' lang='lat' dir='ltr'>mollitiae</span> <span class='ocrx_word' id='word_1_314' title='bbox 953 2099 1213 2154; x_wconf 88' lang='lat' dir='ltr'>inertiaeque</span> <span class='ocrx_word' id='word_1_315' title='bbox 1250 2099 1466 2140; x_wconf 90' lang='lat' dir='ltr'>mandasse</span> <span class='ocrx_word' id='word_1_316' title='bbox 1498 2099 1688 2148; x_wconf 86' lang='lat' dir='ltr'>tribunis,</span> <span class='ocrx_word' id='word_1_317' title='bbox 1726 2107 1770 2139; x_wconf 88' lang='lat' dir='ltr'>et</span> 
     </span>
     <span class='ocr_line' id='line_1_37' title="bbox 375 2155 1800 2211; baseline 0 -16"><span class='ocrx_word' id='word_1_318' title='bbox 375 2162 387 2178; x_wconf 84' lang='lat'><em>‘</em></span> <span class='ocrx_word' id='word_1_319' title='bbox 403 2156 655 2204; x_wconf 77' lang='lat' dir='ltr'>meminisse,</span> <span class='ocrx_word' id='word_1_320' title='bbox 679 2156 787 2195; x_wconf 88' lang='lat' dir='ltr'>hanc</span> <span class='ocrx_word' id='word_1_321' title='bbox 816 2155 949 2211; x_wconf 87' lang='lat' dir='ltr'>ipsam</span> <span class='ocrx_word' id='word_1_322' title='bbox 977 2164 1228 2210; x_wconf 88' lang='lat' dir='ltr'>potestatem</span> <span class='ocrx_word' id='word_1_323' title='bbox 1257 2171 1343 2197; x_wconf 91' lang='lat' dir='ltr'>non</span> <span class='ocrx_word' id='word_1_324' title='bbox 1365 2156 1409 2196; x_wconf 91' lang='lat' dir='ltr'>in</span> <span class='ocrx_word' id='word_1_325' title='bbox 1435 2157 1583 2197; x_wconf 87' lang='lat' dir='ltr'>umbra</span> <span class='ocrx_word' id='word_1_326' title='bbox 1613 2171 1692 2197; x_wconf 89' lang='lat' dir='ltr'>nec</span> <span class='ocrx_word' id='word_1_327' title='bbox 1723 2155 1800 2204; x_wconf 73' lang='lat' dir='ltr'>ing</span> 
     </span>
     <span class='ocr_line' id='line_1_38' title="bbox 377 2212 1769 2254; baseline 0.001 -2"><span class='ocrx_word' id='word_1_328' title='bbox 377 2218 387 2235; x_wconf 93' lang='lat'>‘</span> <span class='ocrx_word' id='word_1_329' title='bbox 405 2213 525 2253; x_wconf 89' lang='lat' dir='ltr'>tectis</span> <span class='ocrx_word' id='word_1_330' title='bbox 547 2213 724 2253; x_wconf 89' lang='lat' dir='ltr'>maiores</span> <span class='ocrx_word' id='word_1_331' title='bbox 745 2227 840 2253; x_wconf 89' lang='lat' dir='ltr'>suos</span> <span class='ocrx_word' id='word_1_332' title='bbox 861 2227 1032 2252; x_wconf 87' lang='grc'>6163556.</span> <span class='ocrx_word' id='word_1_333' title='bbox 1096 2212 1216 2253; x_wconf 88' lang='grc' dir='ltr'>Η366</span> <span class='ocrx_word' id='word_1_334' title='bbox 1236 2213 1390 2254; x_wconf 90' lang='lat' dir='ltr'>virtute</span> <span class='ocrx_word' id='word_1_335' title='bbox 1414 2213 1597 2254; x_wconf 85' lang='lat' dir='ltr'>militurn</span> <span class='ocrx_word' id='word_1_336' title='bbox 1610 2221 1769 2254; x_wconf 89' lang='lat' dir='ltr'>vestro-</span> 
     </span>
     <span class='ocr_line' id='line_1_39' title="bbox 376 2268 1765 2325; baseline 0.001 -17"><span class='ocrx_word' id='word_1_337' title='bbox 376 2275 387 2292; x_wconf 88' lang='lat'><em>‘</em></span> <span class='ocrx_word' id='word_1_338' title='bbox 402 2284 508 2318; x_wconf 84' lang='lat' dir='ltr'>rum,</span> <span class='ocrx_word' id='word_1_339' title='bbox 524 2269 628 2309; x_wconf 89' lang='lat' dir='ltr'>haec</span> <span class='ocrx_word' id='word_1_340' title='bbox 651 2268 845 2309; x_wconf 87' lang='lat' dir='ltr'>Romano</span> <span class='ocrx_word' id='word_1_341' title='bbox 867 2269 1037 2309; x_wconf 88' lang='lat' dir='ltr'>nomine</span> <span class='ocrx_word' id='word_1_342' title='bbox 1059 2278 1158 2310; x_wconf 87' lang='lat' dir='ltr'>sunt</span> <span class='ocrx_word' id='word_1_343' title='bbox 1179 2270 1318 2325; x_wconf 83' lang='lat' dir='ltr'>digna,</span> <span class='ocrx_word' id='word_1_344' title='bbox 1335 2285 1422 2311; x_wconf 92' lang='lat' dir='ltr'>non</span> <span class='ocrx_word' id='word_1_345' title='bbox 1438 2269 1567 2311; x_wconf 90' lang='lat' dir='ltr'>Veios</span> <span class='ocrx_word' id='word_1_346' title='bbox 1588 2278 1765 2318; x_wconf 85' lang='lat' dir='ltr'>tantum,</span> 
     </span>
     <span class='ocr_line' id='line_1_40' title="bbox 376 2325 1768 2380; baseline 0 -14"><span class='ocrx_word' id='word_1_347' title='bbox 376 2332 481 2366; x_wconf 90' lang='grc'>(1166</span> <span class='ocrx_word' id='word_1_348' title='bbox 503 2326 583 2367; x_wconf 86' lang='grc'>1106</span> <span class='ocrx_word' id='word_1_349' title='bbox 604 2325 763 2366; x_wconf 91' lang='lat' dir='ltr'>bellum</span> <span class='ocrx_word' id='word_1_350' title='bbox 784 2325 951 2374; x_wconf 88' lang='lat' dir='ltr'>intueri,</span> <span class='ocrx_word' id='word_1_351' title='bbox 971 2326 1085 2380; x_wconf 85' lang='lat' dir='ltr'>quod</span> <span class='ocrx_word' id='word_1_352' title='bbox 1106 2326 1256 2375; x_wconf 85' lang='lat' dir='ltr'>instat3</span> <span class='ocrx_word' id='word_1_353' title='bbox 1289 2327 1363 2367; x_wconf 89' lang='lat' dir='ltr'>sed</span> <span class='ocrx_word' id='word_1_354' title='bbox 1383 2327 1535 2367; x_wconf 86' lang='lat' dir='ltr'>famam</span> <span class='ocrx_word' id='word_1_355' title='bbox 1557 2335 1599 2366; x_wconf 90' lang='lat' dir='ltr'>et</span> <span class='ocrx_word' id='word_1_356' title='bbox 1620 2326 1673 2366; x_wconf 89' lang='grc'>3(1</span> <span class='ocrx_word' id='word_1_357' title='bbox 1687 2326 1768 2366; x_wconf 89' lang='grc'>3113</span> 
     </span>
     <span class='ocr_line' id='line_1_41' title="bbox 376 2382 1767 2446; baseline 0 -24"><span class='ocrx_word' id='word_1_358' title='bbox 376 2383 513 2423; x_wconf 89' lang='lat' dir='ltr'>‘bella</span> <span class='ocrx_word' id='word_1_359' title='bbox 543 2390 586 2422; x_wconf 91' lang='lat' dir='ltr'>et</span> <span class='ocrx_word' id='word_1_360' title='bbox 616 2382 670 2423; x_wconf 90' lang='lat' dir='ltr'>ad</span> <span class='ocrx_word' id='word_1_361' title='bbox 701 2390 860 2423; x_wconf 89' lang='grc'>6616105</span> <span class='ocrx_word' id='word_1_362' title='bbox 890 2382 1068 2446; x_wconf 82' lang='lat' dir='ltr'>populos</span> <span class='ocrx_word' id='word_1_363' title='bbox 1099 2383 1143 2422; x_wconf 92' lang='lat' dir='ltr'>in</span> <span class='ocrx_word' id='word_1_364' title='bbox 1174 2391 1387 2438; x_wconf 89' lang='lat' dir='ltr'>posterum</span> <span class='ocrx_word' id='word_1_365' title='bbox 1418 2397 1630 2437; x_wconf 87' lang='lat' dir='ltr'>quaerere.</span> <span class='ocrx_word' id='word_1_366' title='bbox 1693 2383 1767 2422; x_wconf 93' lang='lat' dir='ltr'>An</span> 
     </span>
     <span class='ocr_line' id='line_1_42' title="bbox 376 2439 1766 2494; baseline -0.001 -14"><span class='ocrx_word' id='word_1_367' title='bbox 376 2446 387 2463; x_wconf 88' lang='lat'><em>‘</em></span> <span class='ocrx_word' id='word_1_368' title='bbox 404 2439 614 2480; x_wconf 89' lang='lat' dir='ltr'>mediocre</span> <span class='ocrx_word' id='word_1_369' title='bbox 631 2439 856 2479; x_wconf 87' lang='lat' dir='ltr'>discrimen</span> <span class='ocrx_word' id='word_1_370' title='bbox 872 2454 1081 2494; x_wconf 77' lang='lat' dir='ltr'>opinionls</span> <span class='ocrx_word' id='word_1_371' title='bbox 1094 2448 1334 2480; x_wconf 88' lang='lat' dir='ltr'>secuturum</span> <span class='ocrx_word' id='word_1_372' title='bbox 1355 2454 1408 2479; x_wconf 87' lang='lat' dir='ltr'>ex</span> <span class='ocrx_word' id='word_1_373' title='bbox 1424 2439 1501 2479; x_wconf 86' lang='lat' dir='ltr'>hac</span> <span class='ocrx_word' id='word_1_374' title='bbox 1515 2454 1559 2479; x_wconf 93' lang='lat' dir='ltr'>re</span> <span class='ocrx_word' id='word_1_375' title='bbox 1581 2439 1766 2494; x_wconf 80' lang='lat' dir='ltr'>putatis?</span> 
     </span>
     <span class='ocr_line' id='line_1_43' title="bbox 377 2495 1766 2559; baseline 0 -23"><span class='ocrx_word' id='word_1_376' title='bbox 377 2502 388 2519; x_wconf 88' lang='lat'><em>‘</em></span> <span class='ocrx_word' id='word_1_377' title='bbox 406 2496 561 2536; x_wconf 91' lang='lat' dir='ltr'>Utrum</span> <span class='ocrx_word' id='word_1_378' title='bbox 603 2495 773 2536; x_wconf 86' lang='lat' dir='ltr'>tandem</span> <span class='ocrx_word' id='word_1_379' title='bbox 814 2495 981 2535; x_wconf 88' lang='lat' dir='ltr'>finitimi</span> <span class='ocrx_word' id='word_1_380' title='bbox 1022 2495 1223 2559; x_wconf 82' lang='lat' dir='ltr'>populum</span> <span class='ocrx_word' id='word_1_381' title='bbox 1262 2495 1503 2536; x_wconf 83' lang='lat' dir='ltr'>Romanum</span> <span class='ocrx_word' id='word_1_382' title='bbox 1539 2510 1636 2536; x_wconf 90' lang='lat' dir='ltr'>eum</span> <span class='ocrx_word' id='word_1_383' title='bbox 1677 2510 1766 2536; x_wconf 89' lang='lat' dir='ltr'>esse</span> 
     </span>
     <span class='ocr_line' id='line_1_44' title="bbox 377 2551 1767 2607; baseline 0 -15"><span class='ocrx_word' id='word_1_384' title='bbox 377 2558 388 2575; x_wconf 89' lang='lat'><em>‘</em></span> <span class='ocrx_word' id='word_1_385' title='bbox 404 2561 567 2607; x_wconf 85' lang='lat' dir='ltr'>putent,</span> <span class='ocrx_word' id='word_1_386' title='bbox 582 2553 700 2592; x_wconf 91' lang='lat' dir='ltr'>cuius</span> <span class='ocrx_word' id='word_1_387' title='bbox 718 2552 751 2591; x_wconf 87' lang='lat' dir='ltr'>si</span> <span class='ocrx_word' id='word_1_388' title='bbox 769 2567 853 2607; x_wconf 87' lang='lat' dir='ltr'>qua</span> <span class='ocrx_word' id='word_1_389' title='bbox 868 2553 965 2592; x_wconf 91' lang='lat' dir='ltr'>urbs</span> <span class='ocrx_word' id='word_1_390' title='bbox 986 2552 1169 2606; x_wconf 89' lang='lat' dir='ltr'>primum</span> <span class='ocrx_word' id='word_1_391' title='bbox 1186 2551 1303 2592; x_wconf 89' lang='lat' dir='ltr'>illum</span> <span class='ocrx_word' id='word_1_392' title='bbox 1319 2552 1551 2593; x_wconf 89' lang='lat' dir='ltr'>brevissimi</span> <span class='ocrx_word' id='word_1_393' title='bbox 1568 2553 1767 2607; x_wconf 88' lang='lat' dir='ltr'>temporis</span> 
     </span>
     <span class='ocr_line' id='line_1_45' title="bbox 377 2608 1768 2664; baseline 0 -15"><span class='ocrx_word' id='word_1_394' title='bbox 377 2615 388 2632; x_wconf 95' lang='lat'>‘</span> <span class='ocrx_word' id='word_1_395' title='bbox 403 2609 647 2650; x_wconf 88' lang='lat' dir='ltr'>sustinuerit</span> <span class='ocrx_word' id='word_1_396' title='bbox 667 2609 885 2664; x_wconf 88' lang='lat' dir='ltr'>impetum,</span> <span class='ocrx_word' id='word_1_397' title='bbox 904 2608 1009 2648; x_wconf 90' lang='lat' dir='ltr'>nihil</span> <span class='ocrx_word' id='word_1_398' title='bbox 1025 2608 1179 2649; x_wconf 88' lang='lat' dir='ltr'>deinde</span> <span class='ocrx_word' id='word_1_399' title='bbox 1202 2609 1376 2650; x_wconf 80' lang='lat' dir='ltr'>timeat?</span> <span class='ocrx_word' id='word_1_400' title='bbox 1407 2624 1460 2650; x_wconf 86' lang='lat' dir='ltr'>an</span> <span class='ocrx_word' id='word_1_401' title='bbox 1481 2609 1549 2649; x_wconf 90' lang='lat' dir='ltr'>hic</span> <span class='ocrx_word' id='word_1_402' title='bbox 1563 2609 1616 2650; x_wconf 89' lang='lat' dir='ltr'>sit</span> <span class='ocrx_word' id='word_1_403' title='bbox 1636 2617 1768 2649; x_wconf 90' lang='lat' dir='ltr'>terror</span> 
     </span>
     <span class='ocr_line' id='line_1_46' title="bbox 378 2665 1765 2714; baseline 0.001 -9"><span class='ocrx_word' id='word_1_404' title='bbox 378 2671 389 2688; x_wconf 91' lang='lat'>‘</span> <span class='ocrx_word' id='word_1_405' title='bbox 404 2666 587 2706; x_wconf 88' lang='lat' dir='ltr'>nominis</span> <span class='ocrx_word' id='word_1_406' title='bbox 626 2665 770 2714; x_wconf 89' lang='lat' dir='ltr'>nostri,</span> <span class='ocrx_word' id='word_1_407' title='bbox 808 2673 855 2705; x_wconf 90' lang='lat' dir='ltr'>ut</span> <span class='ocrx_word' id='word_1_408' title='bbox 895 2665 1126 2706; x_wconf 85' lang='lat' dir='ltr'>exercitum</span> <span class='ocrx_word' id='word_1_409' title='bbox 1170 2665 1412 2706; x_wconf 89' lang='lat' dir='ltr'>Romanum</span> <span class='ocrx_word' id='word_1_410' title='bbox 1452 2681 1538 2706; x_wconf 92' lang='lat' dir='ltr'>non</span> <span class='ocrx_word' id='word_1_411' title='bbox 1578 2665 1765 2706; x_wconf 85' lang='lat' dir='ltr'>taedium</span> 
     </span>
    </p>
   </div>
   <div class='ocr_carea' id='block_1_4' title="bbox 377 2780 1763 2897">
    <p class='ocr_par' dir='ltr' id='par_1_4' title="bbox 377 2780 1763 2897">
     <span class='ocr_line' id='line_1_47' title="bbox 423 2780 1763 2822; baseline 0 -12"><span class='ocrx_word' id='word_1_412' title='bbox 423 2790 433 2810; x_wconf 95' lang='lat'>1</span> <span class='ocrx_word' id='word_1_413' title='bbox 454 2782 556 2817; x_wconf 80' lang='lat' dir='ltr'>Quam</span> <span class='ocrx_word' id='word_1_414' title='bbox 572 2783 719 2820; x_wconf 75' lang='lat' dir='ltr'>z&#39;mctzles]</span> <span class='ocrx_word' id='word_1_415' title='bbox 739 2780 804 2816; x_wconf 79' lang='lat' dir='ltr'>Qu</span> <span class='ocrx_word' id='word_1_416' title='bbox 798 2791 849 2811; x_wconf 69' lang='lat' dir='ltr'>im</span> <span class='ocrx_word' id='word_1_417' title='bbox 863 2781 1046 2811; x_wconf 81' lang='lat' dir='ltr'>damnosae.</span> <span class='ocrx_word' id='word_1_418' title='bbox 1135 2791 1152 2821; x_wconf 84' lang='grc'>3</span> <span class='ocrx_word' id='word_1_419' title='bbox 1168 2783 1267 2811; x_wconf 79' lang='lat' dir='ltr'>Hanc</span> <span class='ocrx_word' id='word_1_420' title='bbox 1281 2783 1384 2820; x_wconf 69' lang='lat' dir='ltr'>ipsam</span> <span class='ocrx_word' id='word_1_421' title='bbox 1396 2783 1600 2822; x_wconf 81' lang='lat' dir='ltr'>potestatem]</span> <span class='ocrx_word' id='word_1_422' title='bbox 1620 2782 1763 2812; x_wconf 81' lang='lat' dir='ltr'>Potesta-</span> 
     </span>
     <span class='ocr_line' id='line_1_48' title="bbox 377 2821 1763 2862; baseline 0.001 -11"><span class='ocrx_word' id='word_1_423' title='bbox 377 2821 429 2851; x_wconf 87' lang='lat' dir='ltr'>Sie</span> <span class='ocrx_word' id='word_1_424' title='bbox 459 2832 554 2861; x_wconf 74' lang='lat' dir='ltr'>saepe</span> <span class='ocrx_word' id='word_1_425' title='bbox 591 2824 693 2853; x_wconf 85' lang='lat' dir='ltr'>utitur</span> <span class='ocrx_word' id='word_1_426' title='bbox 728 2823 786 2853; x_wconf 84' lang='lat' dir='ltr'>illa</span> <span class='ocrx_word' id='word_1_427' title='bbox 816 2833 893 2853; x_wconf 84' lang='lat' dir='ltr'>voco</span> <span class='ocrx_word' id='word_1_428' title='bbox 923 2823 1046 2853; x_wconf 83' lang='lat' dir='ltr'>Cicero.</span> <span class='ocrx_word' id='word_1_429' title='bbox 1092 2826 1157 2853; x_wconf 84' lang='lat' dir='ltr'>tem</span> <span class='ocrx_word' id='word_1_430' title='bbox 1189 2823 1400 2862; x_wconf 82' lang='lat' dir='ltr'>tribunitiam,</span> <span class='ocrx_word' id='word_1_431' title='bbox 1430 2827 1570 2855; x_wconf 84' lang='lat' dir='ltr'>creatam</span> <span class='ocrx_word' id='word_1_432' title='bbox 1602 2823 1635 2854; x_wconf 86' lang='lat' dir='ltr'>in</span> <span class='ocrx_word' id='word_1_433' title='bbox 1666 2823 1763 2853; x_wconf 82' lang='lat' dir='ltr'>Sacro</span> 
     </span>
     <span class='ocr_line' id='line_1_49' title="bbox 377 2863 1342 2897; baseline 0.003 -5"><span class='ocrx_word' id='word_1_434' title='bbox 377 2863 404 2892; x_wconf 74' lang='lat' dir='ltr'>(J</span> <span class='ocrx_word' id='word_1_435' title='bbox 408 2872 482 2892; x_wconf 63' lang='lat' dir='ltr'>Rev.</span> <span class='ocrx_word' id='word_1_436' title='bbox 1093 2868 1213 2896; x_wconf 84' lang='lat' dir='ltr'>monte</span> <span class='ocrx_word' id='word_1_437' title='bbox 1237 2866 1342 2897; x_wconf 71' lang='lat' dir='ltr'>Cnssv.</span> 
     </span>
    </p>
   </div>
   <div class='ocr_carea' id='block_1_5' title="bbox 421 2906 1025 2945">
    <p class='ocr_par' dir='ltr' id='par_1_5' title="bbox 421 2906 1025 2945">
     <span class='ocr_line' id='line_1_50' title="bbox 421 2906 1025 2945; baseline 0.007 -12"><span class='ocrx_word' id='word_1_438' title='bbox 421 2914 436 2933; x_wconf 76' lang='lat'>‘2</span> <span class='ocrx_word' id='word_1_439' title='bbox 465 2906 520 2935; x_wconf 84' lang='lat' dir='ltr'>Me</span> <span class='ocrx_word' id='word_1_440' title='bbox 535 2906 607 2935; x_wconf 80' lang='lat' dir='ltr'>dius</span> <span class='ocrx_word' id='word_1_441' title='bbox 614 2907 734 2943; x_wconf 72' lang='lat' dir='ltr'>fidius]</span> <span class='ocrx_word' id='word_1_442' title='bbox 761 2907 800 2937; x_wconf 88' lang='lat' dir='ltr'>cf.</span> <span class='ocrx_word' id='word_1_443' title='bbox 818 2906 935 2945; x_wconf 81' lang='lat' dir='ltr'>Supr.</span> <span class='ocrx_word' id='word_1_444' title='bbox 928 2907 958 2937; x_wconf 86' lang='grc'>11.</span> <span class='ocrx_word' id='word_1_445' title='bbox 977 2916 1025 2945; x_wconf 80' lang='grc'>31.</span> 
     </span>
    </p>
   </div>
  </div>
 </body>
</html>
