1934 3211
156 298 201 329 U.
219 298 257 329 C.
273 309 346 338 4¹4·

153 341 194 371 A.
219 341 256 372 C.
275 342 347 380 338.

156 383 318 414 Samnites

156 426 279 464 legatos
290 425 363 457 mit-

155 471 230 497 tunt
247 469 312 499 Ro-

157 519 254 541 mam.

157 2012 265 2044 Latini
283 2025 334 2046 va-

154 2060 240 2087 stant
256 2058 344 2088 Sam-

155 2098 271 2129 nitium

154 2151 253 2180 agros.

155 2472 196 2502 Id
212 2483 347 2512 querun-

154 2518 205 2544 tur
221 2516 343 2546 Samni-

151 2561 200 2586 tes
215 2559 301 2597 apud

151 2598 326 2632 Romanos.

372 207 456 245 450
888 208 1037 250 ΤΙΤΙ
1079 207 1258 250 LIVII

374 294 548 350 ignique
579 304 811 338 vastantem
842 313 961 354 agros
991 298 1118 354 legati
1150 297 1401 339 Samnitium
1429 308 1575 351 pacem
1604 299 1770 356 orantes

375 351 559 402 adeunt3
592 368 616 394 a
641 369 725 409 quo
749 355 893 396 reiecti
918 356 972 396 ad
1000 364 1204 405 senatum,
1226 362 1431 411 potestate
1456 352 1566 393 facta
1585 349 1769 415 dicendl,

375 409 520 464 positis
549 410 757 452 ferocibus
788 412 951 462 animis,
974 428 1117 468 pacem
1151 413 1226 453 sibi
1262 413 1312 453 ab
1342 409 1559 458 Romanis,
1585 407 1770 462 bellique

376 466 441 507 ius
462 467 659 508 adversus
684 468 891 510 Sidicinos
913 470 1137 525 petierunt.
1202 476 1213 493 ⁶
1233 469 1354 516 Quae
1381 484 1423 509 se
1450 482 1500 508 eo
1525 466 1673 530 iustius
1697 479 1772 528 pe-

379 529 508 572 ‘tere,
532 525 646 579 quod
677 533 719 565 et
749 525 794 565 in
824 527 1050 568 amicitiam
1072 526 1218 582 populi
1247 525 1430 566 Romani
1461 522 1657 565 secundis
1687 535 1772 562 sius

378 581 543 630 ⁶rebus,
572 597 657 622 non
689 582 883 631 adversis,
915 592 959 623 ut
987 583 1208 639 Campani,
1230 583 1467 623 venissent:
1501 589 1544 622 et
1575 579 1772 643 adv-ersus

378 643 390 660 ⁶
409 637 616 679 Sidicinos
644 648 856 680 sumerent
878 655 1003 688 arma,
1027 655 1122 681 suos
1149 654 1314 695 semper
1339 639 1491 687 hostes,
1514 636 1660 693 popull
1682 635 1771 676 Ro-

378 695 519 735 ⁶mani
555 710 774 750 nunquam
807 696 987 745 amicos3
1026 697 1099 751 qui
1132 712 1222 745 nec,
1256 705 1304 736 ut
1339 695 1559 743 Samnites,
1593 694 1637 734 in
1667 707 1770 748 pace

378 757 390 774 ⁶
407 752 645 800 amicitiam,
668 767 759 801 nec,
783 762 830 793 ut
855 752 1076 808 Campani,
1100 753 1304 794 auxilium
1336 753 1379 792 in
1412 752 1523 793 bello
1555 751 1769 807 petissent,

379 814 390 831 ⁶
407 823 485 848 nec
507 808 550 848 in
572 808 655 849 fide
677 809 821 864 populi
841 809 1038 859 Romani,
1060 825 1139 851 nec
1160 810 1205 850 in
1226 810 1386 850 ditione
1408 809 1571 849 essent?
1624 807 1770 856 Quum

377 865 429 905 de
452 865 670 920 postulatis
695 865 948 907 Samnitium
966 867 1033 908 Ti.
1050 867 1260 908 Aemilius
1279 875 1446 922 praetor
1466 873 1655 906 senatum
1672 879 1771 905 con-

376 921 583 971 suluisset,
625 922 976 979 reddendumque
1022 924 1086 965 his
1126 924 1273 966 foedus
1314 923 1460 964 Patres
1500 921 1770 970 censuissent,

376 987 543 1034 praetor
571 979 829 1021 Samnitibus
856 981 1098 1037 respondit:
1135 987 1146 1005 ⁶
1164 981 1258 1022 Nec
1284 995 1369 1036 quo
1400 980 1539 1020 minus
1568 986 1774 1035 perpetua

378 1041 390 1059 ⁶
406 1051 502 1076 cum
533 1036 581 1077 iis
613 1038 796 1078 amicitia
828 1047 947 1087 esset,
974 1054 1049 1094 per
1080 1038 1285 1095 populum
1312 1038 1555 1078 Romanum
1582 1035 1769 1077 stetisse:

378 1098 390 1117 ⁶
406 1108 484 1134 nec
506 1094 749 1144 contradici,
773 1095 890 1151 quin,
913 1096 1113 1151 quoniam
1145 1096 1255 1152 ipsos
1285 1095 1383 1136 belli
1415 1094 1540 1151 culpa
1569 1109 1643 1134 sua
1672 1108 1773 1134 con-

378 1156 389 1174 ⁶
406 1151 526 1191 tracti
559 1151 746 1192 taedium
778 1153 949 1209 ceperit,
976 1154 1159 1194 amicitia
1186 1153 1238 1194 de
1267 1153 1432 1208 integro
1464 1150 1769 1193 reconcilietur.

377 1207 539 1255 ‘Quod
574 1209 628 1249 ad
663 1208 870 1251 Sidicinos
901 1211 1088 1260 attineat,
1121 1210 1225 1251 nihil
1262 1209 1480 1258 intercedi,
1513 1225 1598 1265 quo
1633 1208 1773 1248 minus

377 1271 390 1289 ⁶
409 1264 589 1306 Samniti
629 1267 786 1322 populo
826 1268 939 1323 pacis
978 1269 1165 1324 bellique
1205 1268 1385 1309 liberum
1431 1267 1649 1308 arbitrium
1695 1265 1773 1306 sit.’

376 1322 564 1364 Foedere
599 1323 697 1373 icto,
735 1340 867 1380 quum
903 1325 1077 1366 domum
1112 1326 1390 1374 revertissent,
1425 1323 1638 1379 extemplo
1672 1322 1772 1363 inde

377 1380 586 1422 exercitus
625 1381 843 1422 Romanus
880 1382 1100 1433 deductus,
1133 1398 1274 1424 annuo
1313 1381 1524 1439 stipendio
1565 1389 1607 1421 et
1646 1380 1772 1422 trium

375 1438 584 1478 mensium
619 1439 830 1480 frumento
871 1449 1069 1496 accept03
1119 1440 1235 1496 quod
1274 1440 1491 1496 pepigerat
1530 1438 1689 1488 consul,
1727 1446 1774 1478 ut

376 1503 541 1549 tempus
563 1495 737 1536 indutiis
758 1496 890 1546 daret,
913 1497 1054 1553 quoad
1074 1498 1201 1554 legati
1222 1498 1438 1538 redissent.

437 1550 657 1601 Samnites,
685 1553 814 1608 copiis
847 1554 1012 1604 iisdem,
1039 1556 1192 1611 quibus
1219 1555 1284 1596 usi
1312 1555 1507 1595 adversus
1531 1554 1771 1595 Romanum

376 1607 534 1648 bellum
566 1608 744 1659 fuerant,
779 1619 924 1651 contra
962 1611 1170 1653 Sidicinos
1200 1612 1389 1668 profectI,
1424 1611 1538 1653 haud
1569 1612 1613 1651 in
1644 1611 1774 1651 dubia

376 1679 449 1720 spe
468 1674 589 1705 >erant
611 1674 772 1707 mature
794 1667 907 1707 urbis
928 1667 1112 1709 hostium
1140 1670 1382 1724 potiundae.
1447 1669 1558 1709 Tum
1587 1669 1638 1709 ab
1663 1667 1803 1709 Sidi-4

377 1721 481 1762 cinis
517 1722 678 1763 deditio
713 1723 828 1778 prius
864 1724 918 1764 ad
955 1724 1170 1766 Romanos
1211 1735 1360 1781 coepta
1394 1726 1485 1766 fieri
1520 1734 1608 1766 est:
1656 1725 1770 1774 dein,

375 1787 596 1834 postquam
626 1779 772 1821 Patres
800 1789 847 1821 ut
873 1796 1007 1822 seram
1035 1797 1127 1823 eam
1158 1782 1389 1837 ultimaque
1423 1782 1595 1823 tandem
1628 1796 1773 1822 neces-

375 1836 496 1876 sitate
519 1851 755 1892 expressam
777 1839 1118 1893 aspernabantur,
1141 1839 1192 1880 ad
1216 1839 1390 1880 Latinos
1417 1839 1498 1879 iam
1524 1854 1599 1880 sua
1622 1847 1770 1895 sponte

375 1892 420 1932 in
461 1908 575 1933 arma
615 1903 749 1934 motos
788 1895 897 1935 facta
937 1904 1009 1936 est.
1074 1895 1142 1937 Ne
1182 1896 1391 1952 Campani
1431 1896 1604 1952 quidem
1645 1896 1771 1952 (adeo

375 1949 551 1990 iniuriae
578 1949 844 2000 Samnitium,
868 1967 994 2007 quam
1020 1953 1216 1994 beneficii
1244 1953 1548 2003 Romanorum,
1570 1954 1772 1996 memoria

375 2007 634 2061 praesentior
661 2007 770 2063 erat)
797 2008 862 2049 his
890 2024 932 2049 se
961 2010 1086 2050 armis
1114 2011 1362 2051 abstinuere.
1427 2010 1494 2050 Ex
1519 2011 1584 2051 his
1609 2020 1672 2052 tot
1696 2027 1771 2068 po-

375 2063 484 2118 pulis
515 2079 624 2104 unus
657 2064 805 2120 ingens
835 2067 1058 2116 exercitus,
1081 2067 1187 2108 duce
1216 2067 1370 2109 Latino
1387 2068 1493 2108 fines
1518 2067 1770 2110 Samnitium

374 2120 595 2176 ingressus,
613 2121 707 2177 plus
727 2123 1082 2178 populationibuS,
1101 2140 1227 2180 quam
1248 2125 1429 2181 proeliis,
1447 2125 1631 2167 cladium
1646 2126 1768 2168 fecit:

373 2186 429 2227 et,
456 2192 699 2234 quanquam
730 2180 964 2235 superiores
995 2182 1294 2223 certaminibus
1322 2182 1466 2224 Latini
1496 2191 1628 2233 erant,
1657 2183 1772 2225 haud

372 2234 507 2284 inviti,
537 2251 590 2276 ne
619 2236 784 2292 saepius
812 2237 1100 2279 dimicandum
1134 2239 1253 2288 foret,
1282 2254 1381 2295 agro
1413 2240 1598 2281 hostium
1627 2255 1771 2282 exces-

372 2306 473 2332 sere.
538 2291 589 2333 Id
620 2294 799 2348 spatium
836 2293 1094 2336 Samnitibus
1127 2296 1271 2337 datum
1305 2305 1367 2337 est
1397 2296 1578 2338 Romam
1611 2297 1771 2354 legatos

372 2349 580 2390 mittendi.
647 2350 734 2398 Qui
763 2365 894 2406 quum
924 2352 1107 2393 adissent
1139 2363 1344 2403 senatum,
1367 2354 1587 2409 conquesti
1620 2355 1769 2396 eadem

371 2420 414 2446 se
446 2406 680 2448 foederatos
712 2408 812 2463 pati,
845 2423 952 2464 quae
986 2409 1126 2450 hostes
1159 2419 1297 2451 essent
1328 2411 1449 2466 passi,
1478 2406 1674 2466 precibus
1704 2412 1799 2452 in-5

372 2462 481 2503 fimis
507 2464 680 2519 petiere,
715 2470 727 2488 ⁶
743 2473 790 2504 ut
822 2465 919 2505 satis
947 2465 1153 2508 ducerent
1179 2467 1361 2508 Romani
1387 2468 1617 2517 victoriam,
1640 2483 1767 2524 quam

373 2525 385 2542 ⁶
404 2519 660 2561 Samnitibus
692 2536 745 2562 ex
780 2520 1000 2578 Campano
1035 2522 1307 2579 Sidicinoque
1339 2524 1457 2565 hoste
1489 2525 1765 2581 eripuissent:

373 2582 384 2600 ⁶
401 2592 453 2618 ne
479 2577 590 2618 vinci
619 2578 745 2619 etiam
774 2594 817 2620 se
846 2580 897 2620 ab
923 2580 1198 2635 ignavissimis
1227 2581 1394 2637 populis
1425 2582 1622 2624 sinerent.
1684 2583 1768 2624 La-

371 2634 508 2675 ‘tinos
544 2634 881 2691 Campanosque,
924 2637 957 2677 si
998 2638 1074 2678 sub
1116 2637 1274 2679 ditione
1311 2638 1458 2694 populi
1492 2639 1675 2681 Romani
1703 2655 1768 2681 es-

370 2696 502 2741 ‘sent,
535 2707 611 2747 pro
646 2693 825 2748 imperio
859 2703 1048 2735 arcerent
1085 2694 1262 2736 Samniti
1292 2711 1414 2751 agro3
1446 2696 1510 2737 sin
1542 2697 1766 2753 imperium

409 2858 427 2883 4
450 2848 501 2876 Ab
528 2849 681 2879 Sidicinis
708 2850 841 2888 deditio]
882 2851 921 2880 cf.
947 2851 1041 2890 Supr.
1087 2852 1264 2882 memoriae
1280 2853 1443 2891 proditum
1461 2858 1519 2886 est.

367 2886 418 2915 vii.
442 2897 490 2925 31.
516 2890 571 2918 ubi
601 2890 787 2929 Campanos
817 2892 1041 2923 Romanorum
1132 2903 1148 2933 5
1172 2895 1330 2925 Precibus
1345 2897 1482 2936 infimis]
1520 2896 1567 2926 Ut
1583 2896 1655 2927 infr.
1672 2896 1763 2928 xxix.

365 2928 527 2959 dediticios
543 2931 610 2960 e'sse
626 2931 727 2962 factos
745 2933 837 2971 falso,
854 2939 889 2964 ut
906 2935 1042 2972 videtur,
1089 2945 1137 2974 30.
1154 2938 1292 2975 supplea·
1308 2939 1428 2976 infimis
1439 2938 1599 2977 precihus.
