1934 3211
468 175 546 213 162
973 173 1122 224 TITI
1164 173 1343 215 LIVII

252 272 295 303 U.
313 272 350 304 C.
368 282 439 316 293.
468 262 621 304 Iudicii
649 263 717 304 die
740 279 872 319 quum
900 273 1168 305 excusaretur
1195 264 1328 305 solum
1356 262 1526 304 vertisse
1556 261 1693 303 exsilii
1721 267 1857 317 causa,

250 315 288 345 A.
314 315 352 347 C.
369 324 441 357 459-
468 320 602 361 nihilo
627 321 765 361 minus
793 321 989 377 Virginio
1020 322 1190 362 comitia
1219 322 1415 370 habente,
1447 319 1629 375 collegae
1661 318 1860 375 appellati

469 377 664 419 dimisere
693 378 940 420 concilium:
974 379 1154 434 pecunia
1174 394 1198 420 a
1224 388 1340 435 patre
1363 386 1511 419 exacta
1537 375 1776 426 crudeliter,
1798 383 1892 425 ut,8

469 435 693 477 divenditis
715 437 909 477 omnibus
929 436 1062 485 bonis,
1085 436 1344 491 aliquamdiu
1370 444 1482 476 trans
1503 434 1708 483 Tiberim,
1730 433 1860 475 veluti

469 493 687 547 relegatus,
711 494 832 534 devio
855 494 1035 548 quodam
1059 494 1225 548 tugurio
1247 493 1415 533 viveret.

325 551 388 589 14.
527 550 624 591 Hoc
646 551 849 591 iudicium
881 560 922 590 et
943 550 1207 605 promulgata
1225 550 1295 590 lex
1323 549 1511 590 exercuit
1537 548 1774 590 civitatem:
1809 547 1860 588 ab

469 608 653 649 externis
682 608 805 647 armis
833 608 964 647 otium
992 607 1082 647 fuit.
1150 607 1308 655 Quum,
1336 606 1452 646 velut
1478 607 1667 654 victores,
1689 604 1859 653 tribuni,

468 665 668 720 perculsis
704 665 898 705 Patribus
937 664 1144 704 Kaesonis
1180 663 1339 712 exsilio,
1371 678 1501 718 prope
1534 662 1737 718 perlatam
1773 675 1860 702 esse

469 722 690 763 crederent
720 720 869 776 legem,
900 730 954 769 et,
981 721 1096 776 quod
1124 721 1177 761 ad
1204 720 1387 762 seniores
1418 719 1591 760 Patrum
1619 719 1893 775 pertineret,9

469 779 687 819 cessissent
727 777 984 833 possessione
1026 777 1307 833 reipublicae3
1357 777 1552 826 iuniores,
1594 777 1639 817 id
1680 776 1861 817 maxime

469 835 584 891 quod
616 835 824 875 Kaesonis
852 835 1056 875 sodalium
1084 835 1176 884 fuit,
1203 850 1356 876 auxere
1385 835 1464 875 iras
1491 835 1536 874 in
1566 833 1746 890 plebem,
1774 848 1862 874 non

468 893 711 932 minuerunt
733 892 914 932 animos:
949 892 1023 933 sed
1045 892 1103 933 ibi
1130 893 1358 948 plurimum
1386 891 1620 947 profectum
1648 900 1723 941 est,
1746 890 1862 947 quod

466 949 593 990 modo
625 949 808 1004 quodam
847 957 1133 1005 temperavere
1165 950 1346 1006 impetus
1378 964 1484 990 suos,
1550 949 1696 997 Quum
1726 948 1862 1005 primo

467 1015 561 1062 post
591 1006 799 1047 Kaesonis
820 1007 1013 1047 exsilium
1035 1007 1104 1048 lex
1132 1017 1282 1063 coepta
1308 1007 1405 1048 ferri
1434 1015 1508 1056 est,
1531 1006 1723 1047 instructi
1743 1020 1862 1061 para-

467 1064 584 1119 tique
606 1079 702 1105 cum
731 1063 894 1119 ingenti
915 1064 1131 1105 clientium
1160 1065 1348 1106 exercitu
1368 1065 1426 1105 sic
1455 1064 1655 1114 tribunos,
1678 1063 1750 1104 ubi
1777 1062 1864 1119 pri-

467 1136 584 1161 mum
606 1130 915 1162 summoventes
936 1123 1165 1177 praebuere
1189 1137 1368 1171 causam,
1386 1121 1521 1162 adorti
1541 1130 1651 1170 sunt,
1669 1129 1716 1162 ut
1737 1135 1862 1161 nemo

468 1193 578 1219 unus
598 1178 698 1219 inde
719 1179 991 1234 praecipuum
1014 1180 1241 1235 quicquam
1262 1179 1417 1235 gloriae
1439 1178 1612 1219 domum
1628 1178 1862 1219 invidiaeve

467 1236 595 1277 ferret
602 1252 612 1285 3
646 1236 759 1276 mille
773 1251 849 1291 pro
866 1252 951 1277 11110
975 1236 1193 1277 Kaesones
1209 1237 1429 1285 exstitisse,
1443 1236 1588 1292 plebes
1604 1243 1860 1291 quereretur.

470 1292 627 1334 Mediis
658 1293 818 1342 diebus,
849 1294 1000 1349 quibus
1031 1294 1189 1334 tribuni
1220 1294 1272 1334 de
1303 1294 1395 1350 lege
1426 1308 1513 1334 non
1543 1301 1727 1349 agerent,
1756 1291 1864 1333 nihil

250 1343 420 1402 Sodaliu'gn
468 1350 619 1390 iisdem
647 1350 727 1391 illis
754 1350 959 1405 placidius
990 1360 1062 1391 aut
1093 1351 1278 1406 quietius
1309 1359 1422 1392 erat:
1456 1351 1638 1406 benigne
1657 1349 1862 1398 salutare,

248 1396 431 1469 ἓῗῗξέξᾶ
468 1406 626 1462 alloqui
662 1407 795 1462 plebis
828 1408 1031 1457 homines,
1067 1408 1241 1449 domum
1276 1409 1464 1457 invitare,
1502 1408 1644 1449 adesse
1680 1407 1725 1448 111
1759 1407 1893 1456 foro,1

251 1449 403 1512 comitate
468 1464 658 1505 tribunos
698 1464 807 1519 ipsos
855 1473 994 1506 cetera
1039 1466 1127 1521 pati
1167 1466 1256 1507 sine
1303 1465 1640 1521 interpellatione
1688 1464 1866 1506 concilia

249 1523 379 1555 ferocia.
468 1521 649 1562 habere:
694 1536 913 1576 nunquam
954 1522 1041 1571 ulli,
1079 1538 1219 1578 neque
1260 1523 1441 1579 publice,
1475 1538 1614 1578 neque
1654 1521 1862 1579 privatim,

469 1587 605 1619 truces
634 1593 734 1627 esse,
765 1579 844 1618 nisi
873 1594 1004 1634 quum
1033 1579 1085 1620 de
1114 1580 1206 1635 lege
1237 1580 1303 1636 agi
1334 1588 1532 1636 coeptum
1563 1588 1682 1621 esset.
1745 1578 1864 1620 Alibi

467 1635 680 1692 popularis
712 1635 906 1676 iuventus
939 1644 1037 1677 erat.
1102 1636 1196 1677 Nec
1229 1647 1368 1678 cetera
1404 1637 1530 1677 modo
1563 1637 1722 1678 tribuni
1752 1645 1865 1677 tran-

469 1692 600 1748 quillo
617 1708 836 1748 peregere,
871 1693 945 1734 sed
966 1694 1110 1734 resecti
1128 1710 1297 1750 quoque
1320 1695 1364 1734 in
1380 1694 1674 1749 insequentem
1691 1708 1860 1734 annum.

470 1749 540 1791 Ne
576 1765 677 1791 voce
715 1751 889 1806 quidem
924 1751 1203 1800 incommoda,
1239 1752 1396 1793 nedum
1431 1760 1479 1792 ut
1512 1751 1596 1791 ulla
1627 1751 1690 1792 vis
1729 1751 1862 1800 fieret,

468 1807 685 1862 paullatim
716 1808 1018 1863 permulcendo
1050 1809 1351 1864 tractandoque
1384 1808 1746 1850 mansuefecerant
1775 1808 1864 1864 ple-

468 1865 576 1905 bem.
641 1864 722 1905 His
744 1880 819 1920 per
841 1874 975 1906 totum
997 1881 1155 1906 annum
1177 1867 1333 1907 artibus
1355 1866 1423 1906 lex
1445 1865 1560 1906 elusa
1580 1874 1654 1906 est.
1851 1912 1854 1914 ,

324 1920 388 1959 15-
528 1922 760 1977 Accipiunt
791 1923 1003 1963 civitatem
1034 1923 1306 1978 placidiorem
1337 1922 1528 1964 consules
1560 1921 1609 1964 C.
1644 1922 1862 1972 Claudius,

250 1975 296 2048 E·
314 1976 351 2048 g·
370 1985 440 2048 ²93·
471 1978 603 2034 Appii
633 1979 755 2027 filius,
786 1988 828 2020 et
859 1979 906 2020 P.
938 1979 1132 2020 Valerius
1157 1979 1387 2021 Publicola.
1451 1979 1573 2020 Nihil
1602 1980 1701 2021 novi
1731 1994 1864 2021 novus

250 2042 289 2091 C]
306 2027 456 2098 Cl'assiiic'),
470 2051 603 2076 annus
631 2035 847 2076 attulerat:
882 2036 984 2091 legis
1009 2037 1205 2078 ferendae
1237 2045 1309 2078 aut
1337 2037 1605 2093 accipiendae
1637 2052 1736 2078 cura
1764 2037 1865 2078 civi-

251 2103 288 2132 P.
307 2102 439 2132 Valerio
470 2101 598 2133 tatem
622 2093 802 2134 tenebat.
869 2093 1089 2141 Quantum
1117 2094 1301 2135 iuniores
1329 2095 1501 2135 Patrum
1524 2094 1637 2150 plebi
1664 2110 1707 2135 se
1732 2094 1864 2150 magis

250 2145 406 2176 ILCoss.
469 2149 751 2199 insinuabant,
781 2166 831 2191 eo
864 2151 999 2191 acrius
1031 2160 1177 2192 contra
1209 2152 1367 2193 tribuni
1400 2151 1641 2200 tendebant,
1672 2160 1719 2193 ut
1750 2150 1864 2207 plebi

468 2215 682 2263 suspectos
713 2222 783 2248 eos
814 2208 1077 2249 criminando
1112 2209 1308 2250 facerent.
1375 2214 1386 2232 ‘
1402 2207 1750 2250 Coniurationem
1779 2208 1864 2250 fac-

470 2269 482 2288 ‘
496 2274 592 2314 tam,
611 2265 853 2305 Kaesonem
870 2265 1030 2306 Romae
1046 2281 1151 2306 esse:
1181 2266 1569 2307 interficiendorum
1583 2266 1860 2315 tribunorum,

470 2322 767 2363 ‘trucidandae
800 2322 934 2377 plebis
970 2322 1141 2363 consilia
1175 2323 1290 2363 inita.
1353 2322 1405 2363 Id
1437 2322 1595 2378 negotii
1631 2322 1777 2363 datum
1810 2323 1861 2364 ab

470 2380 726 2420 ‘senioribus
754 2379 941 2429 Patrum,
972 2387 1018 2419 ut
1046 2380 1240 2420 iuventus
1265 2379 1530 2420 tribuniciam
1560 2388 1809 2435 potestatem
1838 2395 1860 2421 e

470 2437 710 2492 ‘republica
745 2436 922 2486 tolleret,
953 2436 1170 2492 formaque
1203 2437 1349 2477 eadem
1381 2436 1559 2477 civitatis
1595 2446 1714 2486 esset,
1752 2452 1860 2492 quae

470 2499 591 2535 ‘ante
625 2493 797 2535 Sacrum
826 2502 1013 2534 montem
1042 2502 1290 2549 occupatum
1313 2493 1473 2534 fuerat.'
1534 2493 1590 2534 Et
1619 2495 1669 2534 ab
1697 2493 1860 2535 Volscis

468 2559 511 2592 et
528 2551 691 2608 Aequis
712 2560 865 2592 statum
886 2551 969 2591 iam
997 2565 1045 2591 ac
1075 2566 1205 2607 prope
1227 2550 1415 2591 sollenne
1448 2551 1492 2590 in
1513 2550 1699 2606 singulos
1729 2566 1860 2592 annos

511 2661 529 2691 8
552 2663 681 2692 Eoeacta
696 2662 884 2699 crudeliter]
905 2661 943 2691 cf.
957 2660 1091 2691 Niebhr.
1109 2659 1141 2689 ii.
1187 2670 1266 2699 quos
1282 2659 1400 2690 Tullus
1416 2659 1578 2690 Hostilius
1599 2658 1632 2689 in
1656 2663 1762 2699 patres
1776 2660 1858 2699 lege-

469 2713 500 2741 p.
527 2704 597 2744 289.
625 2703 680 2742 qui
711 2713 779 2734 rem
808 2703 901 2733 aliter
931 2713 964 2733 se
993 2702 1142 2732 habuisse
1186 2706 1244 2732 rat.
1269 2712 1354 2741 supr.
1372 2702 1392 2732 i.
1411 2712 1459 2741 30.
1488 2702 1528 2732 cf.
1546 2701 1681 2732 Niebhr.
1697 2701 1729 2733 ii.
1741 2712 1773 2732 n.
1786 2700 1858 2733 668.

468 2748 571 2782 putat.
1232 2754 1244 2774 1
1269 2746 1405 2782 Adesse]
1436 2744 1481 2774 Iis
1503 2744 1725 2784 litigantibus;
1747 2754 1859 2774 causas

511 2796 529 2825 9
553 2788 698 2819 Seniores
715 2811 721 2818 .
739 2812 746 2818 .
765 2811 771 2818 .
788 2789 946 2826 iuniores]
973 2798 1014 2818 sc.
1029 2787 1142 2817 Patres
1186 2797 1295 2817 eorum
1312 2786 1483 2825 suscipere,
1497 2790 1553 2816 aut
1569 2790 1654 2817 certe
1668 2785 1858 2816 auctoritate

468 2827 625 2857 maiorum
642 2834 673 2859 et
690 2830 848 2860 minorum
865 2830 1025 2869 gentium:
1050 2829 1139 2868 quip-
1186 2833 1217 2859 et
1239 2829 1351 2868 gratia,
1374 2833 1530 2868 tanquam
1556 2827 1715 2868 advocati,
1737 2827 1857 2859 iuvare.

469 2878 510 2907 pe
535 2869 691 2904 Quinctia
713 2882 790 2910 gens
813 2883 852 2902 ex
876 2872 1020 2911 patribus
1042 2871 1140 2902 maio-
1186 2872 1291 2903 ΟΜΝ.

468 2920 539 2940 rum
554 2911 699 2949 gentium
715 2916 793 2950 erat,
803 2917 839 2943 ut
849 2924 932 2953 quae
945 2924 984 2944 ex
996 2913 1141 2951 Albanis,
